{
    "summary": {
        "stock_name": "台泥",
        "stock_id": "1101",
        "category": "水泥",
        "main_business": "有關水泥及水泥製品之生產及運銷<br>有關水泥原料及水泥製品原料之開採製造運銷及附屬礦石之開採經銷<br>經營有關水泥工業及其附屬事業",
        "website_url": "http://www.taiwancement.com",
        "ceo": "程耀輝",
        "pe_ratio": 49,
        "report_year_from": 2001,
        "report_year_to": 2023,
        "age": 22,
        "eps_negative_percentage": 0,
        "eps_growth_avg": {
            "last_all": 9.23,
            "last_2y": -35.4,
            "last_4y": -0.42,
            "last_8y": -1.88,
            "last_12y": 0.46,
            "last_16y": 1.8,
            "last_20y": 9.23,
            "at_2006_last_3y": 59.08,
            "at_2007_last_3y": 37.67,
            "at_2008_last_3y": 4.83,
            "at_2009_last_3y": 6.19,
            "at_2010_last_3y": 4,
            "at_2011_last_3y": 0.3,
            "at_2012_last_3y": 5.58,
            "at_2013_last_3y": 5.7,
            "at_2014_last_3y": 6.62,
            "at_2015_last_3y": -4.88,
            "at_2016_last_3y": 0.08,
            "at_2017_last_3y": -3.7,
            "at_2018_last_3y": 19.27,
            "at_2019_last_3y": 31.9,
            "at_2020_last_3y": 28.53,
            "at_2021_last_3y": 18.78,
            "at_2022_last_3y": -25.52,
            "at_2023_last_3y": -25.52,
            "at_2006_last_all": 35.26,
            "at_2007_last_all": 31.78,
            "at_2008_last_all": 22.76,
            "at_2009_last_all": 23.48,
            "at_2010_last_all": 21.37,
            "at_2011_last_all": 19.19,
            "at_2012_last_all": 16.51,
            "at_2013_last_all": 17.56,
            "at_2014_last_all": 16.83,
            "at_2015_last_all": 12.31,
            "at_2016_last_all": 12.13,
            "at_2017_last_all": 12.24,
            "at_2018_last_all": 17.41,
            "at_2019_last_all": 16.67,
            "at_2020_last_all": 15.58,
            "at_2021_last_all": 13.55,
            "at_2022_last_all": 9.23,
            "at_2023_last_all": 9.23
        },
        "latest_eps": 0.79,
        "latest_price": 38.7,
        "latest_roe": 1.81,
        "latest_gross_margin": 9.39,
        "latest_equity": 240081034,
        "latest_revenue": 26295929,
        "latest_gross_profit": 2469221,
        "latest_net_income": 1005644,
        "latest_debt_ratio": 47.99,
        "latest_current_ratio": 221.73,
        "latest_account_receivable_turnover_ratio": 0.8,
        "latest_inventory_turnover_ratio": 1.5,
        "latest_reinvestment_rate": 52.1,
        "latest_research_to_sale_ratio": 1.26
    },
    "eps_dividends": {
        "1990": {
            "cash": 1.5,
            "stock": 2,
            "eps": 0
        },
        "1991": {
            "cash": 1.6,
            "stock": 1.4,
            "eps": 0
        },
        "1992": {
            "cash": 1.5,
            "stock": 1.5,
            "eps": 0
        },
        "1993": {
            "cash": 2,
            "stock": 1,
            "eps": 0
        },
        "1994": {
            "cash": 2,
            "stock": 1.3,
            "eps": 0
        },
        "1995": {
            "cash": 1,
            "stock": 1.2,
            "eps": 0
        },
        "1996": {
            "cash": 0.5,
            "stock": 1,
            "eps": 0
        },
        "1997": {
            "cash": 0.2,
            "stock": 1,
            "eps": 0
        },
        "1998": {
            "cash": 0.5,
            "stock": 1,
            "eps": 0
        },
        "1999": {
            "cash": 0.2,
            "stock": 1,
            "eps": 0
        },
        "2000": {
            "cash": 0.2,
            "stock": 0.8,
            "eps": 0
        },
        "2001": {
            "cash": 0,
            "stock": 0.3,
            "eps": 0.05
        },
        "2002": {
            "cash": 0,
            "stock": 0.2,
            "eps": 0.02
        },
        "2003": {
            "cash": 0.1,
            "stock": 0.2,
            "eps": 0.6
        },
        "2004": {
            "cash": 0.35,
            "stock": 0.35,
            "eps": 1.6
        },
        "2005": {
            "cash": 0.7,
            "stock": 0.5,
            "eps": 1.97
        },
        "2006": {
            "cash": 1.41,
            "stock": 0.16,
            "eps": 2.23
        },
        "2007": {
            "cash": 1.7,
            "stock": 0.1,
            "eps": 2.55
        },
        "2008": {
            "cash": 1.9,
            "stock": 0.1,
            "eps": 1.75
        },
        "2009": {
            "cash": 1.32,
            "stock": 0,
            "eps": 2.25
        },
        "2010": {
            "cash": 1.8,
            "stock": 0,
            "eps": 2.35
        },
        "2011": {
            "cash": 3.9,
            "stock": 0,
            "eps": 2.34
        },
        "2012": {
            "cash": 0,
            "stock": 0,
            "eps": 2.1
        },
        "2013": {
            "cash": 1.9,
            "stock": 0,
            "eps": 2.71
        },
        "2014": {
            "cash": 2.3,
            "stock": 0,
            "eps": 2.93
        },
        "2015": {
            "cash": 2.49,
            "stock": 0,
            "eps": 1.57
        },
        "2016": {
            "cash": 1.33,
            "stock": 0,
            "eps": 1.72
        },
        "2017": {
            "cash": 1.45,
            "stock": 0,
            "eps": 1.96
        },
        "2018": {
            "cash": 1.5,
            "stock": 1,
            "eps": 4.39
        },
        "2019": {
            "cash": 3.3,
            "stock": 0.7,
            "eps": 4.57
        },
        "2020": {
            "cash": 2.5,
            "stock": 0.5,
            "eps": 4.39
        },
        "2021": {
            "cash": 3.5,
            "stock": 0,
            "eps": 3.29
        },
        "2022": {
            "cash": 1,
            "stock": 1,
            "eps": 0.75
        },
        "2023": {
            "cash": 0.5,
            "stock": 0,
            "eps": 0.2
        }
    },
    "dividends": {
        "1990-04-20": {
            "cash": 1.5,
            "stock": 2
        },
        "1991-04-19": {
            "cash": 1.6,
            "stock": 1.4
        },
        "1992-04-21": {
            "cash": 1.5,
            "stock": 1.5
        },
        "1993-04-20": {
            "cash": 2,
            "stock": 1
        },
        "1994-04-21": {
            "cash": 2,
            "stock": 1.3
        },
        "1995-04-20": {
            "cash": 1,
            "stock": 1.2
        },
        "1996-04-18": {
            "cash": 0.5,
            "stock": 1
        },
        "1997-05-30": {
            "cash": 0.2,
            "stock": 1
        },
        "1998-04-30": {
            "cash": 0.5,
            "stock": 1
        },
        "1999-05-28": {
            "cash": 0.2,
            "stock": 1
        },
        "2000-05-30": {
            "cash": 0.2,
            "stock": 0.8
        },
        "2001-05-31": {
            "cash": 0,
            "stock": 0.3
        },
        "2002-06-18": {
            "cash": 0,
            "stock": 0.2
        },
        "2003-04-03": {
            "cash": 0.1,
            "stock": 0.2
        },
        "2004-04-28": {
            "cash": 0.35,
            "stock": 0.35
        },
        "2005-04-29": {
            "cash": 0.7,
            "stock": 0.5
        },
        "2006-04-25": {
            "cash": 1.41,
            "stock": 0.16
        },
        "2007-04-23": {
            "cash": 1.7,
            "stock": 0.1
        },
        "2008-04-25": {
            "cash": 1.9,
            "stock": 0.1
        },
        "2009-04-27": {
            "cash": 1.32,
            "stock": 0
        },
        "2010-04-27": {
            "cash": 1.8,
            "stock": 0
        },
        "2011-01-01": {
            "cash": 1.9,
            "stock": 0
        },
        "2011-04-26": {
            "cash": 2,
            "stock": 0
        },
        "2013-03-28": {
            "cash": 1.9,
            "stock": 0
        },
        "2014-06-20": {
            "cash": 2.3,
            "stock": 0
        },
        "2015-08-21": {
            "cash": 2.49,
            "stock": 0
        },
        "2016-08-26": {
            "cash": 1.33,
            "stock": 0
        },
        "2017-08-25": {
            "cash": 1.45,
            "stock": 0
        },
        "2018-08-24": {
            "cash": 1.5,
            "stock": 1
        },
        "2019-09-12": {
            "cash": 3.3,
            "stock": 0.7
        },
        "2020-09-16": {
            "cash": 2.5,
            "stock": 0.5
        },
        "2021-09-10": {
            "cash": 3.5,
            "stock": 0
        },
        "2022-08-22": {
            "cash": 1,
            "stock": 1
        },
        "2023-08-09": {
            "cash": 0.5,
            "stock": 0
        }
    },
    "prices": {
        "200101": "16.46",
        "200102": "17.42",
        "200103": "15.67",
        "200104": "13.68",
        "200105": "11.21",
        "200106": "10.17",
        "200107": "8.09",
        "200108": "8.24",
        "200109": "7.79",
        "200110": "7.24",
        "200111": "7.27",
        "200112": "8.54",
        "200201": "8.71",
        "200202": "8.34",
        "200203": "9.72",
        "200204": "11.78",
        "200205": "10.23",
        "200206": "11.09",
        "200207": "11.82",
        "200208": "10.45",
        "200209": "8.96",
        "200210": "7.88",
        "200211": "9.31",
        "200212": "10.80",
        "200301": "14.71",
        "200302": "13.59",
        "200303": "12.78",
        "200304": "12.84",
        "200305": "10.73",
        "200306": "11.98",
        "200307": "11.78",
        "200308": "12.30",
        "200309": "12.41",
        "200310": "15.29",
        "200311": "15.98",
        "200312": "16.20",
        "200401": "18.18",
        "200402": "19.54",
        "200403": "19.45",
        "200404": "17.53",
        "200405": "14.73",
        "200406": "14.32",
        "200407": "15.33",
        "200408": "15.71",
        "200409": "18.15",
        "200410": "18.45",
        "200411": "18.83",
        "200412": "20.18",
        "200501": "20.42",
        "200502": "20.28",
        "200503": "19.98",
        "200504": "18.46",
        "200505": "18.31",
        "200506": "19.19",
        "200507": "19.78",
        "200508": "20.24",
        "200509": "20.09",
        "200510": "20.68",
        "200511": "20.55",
        "200512": "22.16",
        "200601": "23.60",
        "200602": "24.45",
        "200603": "25.15",
        "200604": "25.00",
        "200605": "26.13",
        "200606": "23.11",
        "200607": "23.73",
        "200608": "23.56",
        "200609": "23.20",
        "200610": "26.26",
        "200611": "27.45",
        "200612": "29.70",
        "200701": "29.28",
        "200702": "28.02",
        "200703": "26.60",
        "200704": "29.44",
        "200705": "31.19",
        "200706": "34.69",
        "200707": "39.62",
        "200708": "39.35",
        "200709": "44.55",
        "200710": "53.47",
        "200711": "47.85",
        "200712": "45.51",
        "200801": "47.65",
        "200802": "50.04",
        "200803": "55.73",
        "200804": "54.96",
        "200805": "50.61",
        "200806": "46.15",
        "200807": "40.07",
        "200808": "33.30",
        "200809": "24.39",
        "200810": "17.26",
        "200811": "20.98",
        "200812": "25.38",
        "200901": "25.29",
        "200902": "26.30",
        "200903": "27.70",
        "200904": "32.26",
        "200905": "33.75",
        "200906": "31.34",
        "200907": "33.02",
        "200908": "35.75",
        "200909": "36.00",
        "200910": "36.55",
        "200911": "35.02",
        "200912": "33.87",
        "201001": "33.50",
        "201002": "29.40",
        "201003": "29.69",
        "201004": "29.20",
        "201005": "26.55",
        "201006": "27.47",
        "201007": "28.26",
        "201008": "29.66",
        "201009": "32.36",
        "201010": "33.42",
        "201011": "32.66",
        "201012": "32.72",
        "201101": "32.14",
        "201102": "29.94",
        "201103": "32.23",
        "201104": "38.63",
        "201105": "39.53",
        "201106": "40.79",
        "201107": "45.50",
        "201108": "42.12",
        "201109": "34.53",
        "201110": "35.16",
        "201111": "34.60",
        "201112": "34.22",
        "201201": "35.76",
        "201202": "37.02",
        "201203": "35.47",
        "201204": "34.90",
        "201205": "33.82",
        "201206": "34.51",
        "201207": "35.92",
        "201208": "34.68",
        "201209": "35.09",
        "201210": "36.71",
        "201211": "37.11",
        "201212": "38.43",
        "201301": "39.07",
        "201302": "38.75",
        "201303": "37.52",
        "201304": "38.38",
        "201305": "39.12",
        "201306": "36.93",
        "201307": "37.27",
        "201308": "38.10",
        "201309": "40.64",
        "201310": "42.98",
        "201311": "42.58",
        "201312": "45.61",
        "201401": "44.34",
        "201402": "45.65",
        "201403": "47.01",
        "201404": "48.10",
        "201405": "45.07",
        "201406": "45.07",
        "201407": "45.07",
        "201408": "46.28",
        "201409": "46.66",
        "201410": "45.56",
        "201411": "45.65",
        "201412": "43.80",
        "201501": "41.99",
        "201502": "42.40",
        "201503": "42.50",
        "201504": "43.87",
        "201505": "42.49",
        "201506": "38.89",
        "201507": "38.20",
        "201508": "33.56",
        "201509": "34.50",
        "201510": "36.41",
        "201511": "33.60",
        "201512": "28.43",
        "201601": "26.32",
        "201602": "28.43",
        "201603": "30.78",
        "201604": "32.21",
        "201605": "29.58",
        "201606": "31.40",
        "201607": "34.46",
        "201608": "35.69",
        "201609": "35.71",
        "201610": "36.64",
        "201611": "36.79",
        "201612": "36.26",
        "201701": "35.40",
        "201702": "36.98",
        "201703": "37.76",
        "201704": "36.37",
        "201705": "34.70",
        "201706": "34.54",
        "201707": "35.40",
        "201708": "34.62",
        "201709": "33.98",
        "201710": "33.71",
        "201711": "33.97",
        "201712": "34.64",
        "201801": "37.75",
        "201802": "36.76",
        "201803": "36.99",
        "201804": "38.76",
        "201805": "43.03",
        "201806": "44.40",
        "201807": "42.30",
        "201808": "41.96",
        "201809": "40.13",
        "201810": "37.52",
        "201811": "35.42",
        "201812": "35.39",
        "201901": "36.13",
        "201902": "37.95",
        "201903": "38.88",
        "201904": "41.84",
        "201905": "42.42",
        "201906": "44.56",
        "201907": "45.17",
        "201908": "39.84",
        "201909": "39.58",
        "201910": "40.20",
        "201911": "41.44",
        "201912": "42.61",
        "202001": "43.82",
        "202002": "42.73",
        "202003": "39.66",
        "202004": "41.43",
        "202005": "42.73",
        "202006": "43.12",
        "202007": "44.85",
        "202008": "44.34",
        "202009": "42.08",
        "202010": "40.66",
        "202011": "42.15",
        "202012": "43.10",
        "202101": "41.79",
        "202102": "41.48",
        "202103": "43.93",
        "202104": "49.91",
        "202105": "50.78",
        "202106": "51.36",
        "202107": "51.93",
        "202108": "49.25",
        "202109": "50.00",
        "202110": "49.42",
        "202111": "48.02",
        "202112": "47.36",
        "202201": "47.41",
        "202202": "47.34",
        "202203": "48.53",
        "202204": "47.50",
        "202205": "42.60",
        "202206": "40.32",
        "202207": "39.95",
        "202208": "39.28",
        "202209": "38.00",
        "202210": "32.09",
        "202211": "32.47",
        "202212": "33.85",
        "202301": "35.14",
        "202302": "37.42",
        "202303": "37.05",
        "202304": "37.76",
        "202305": "38.38",
        "202306": "38.50"
    },
    "quarters": {
        "20011": {
            "year_quarter": 20011,
            "year": 2001,
            "quarter": 1,
            "eps": 0.08,
            "eps_growth_year": -69.23,
            "eps_4q": 0.31,
            "eps_4q_growth_year": -75.77,
            "roe": 0.41,
            "roe_4q": 0.41,
            "gross_profit": -51288,
            "gross_margin": -1.1,
            "gross_margin_4q_avg": -1.1,
            "net_income": 178670,
            "revenue": 4657329,
            "common_shares": 23722200,
            "book_valuer_per_share": 16.98,
            "book_valuer_per_share_4q_avg": 16.98,
            "equity": 40268632,
            "current_ratio": 72.85,
            "debt_ratio": 56.8,
            "inventory_turnover_ratio": 3.14,
            "account_receivable_turnover_ratio": null,
            "reinvestment_rate": null,
            "research_to_sale_ratio": null,
            "price_fair": 0,
            "eps_avg_yearly": 0,
            "eps_latest_yearly": 0,
            "eps_growth_yearly": 0
        },
        "20012": {
            "year_quarter": 20012,
            "year": 2001,
            "quarter": 2,
            "eps": -0.21,
            "eps_growth_year": -223.53,
            "eps_4q": -0.09,
            "eps_4q_growth_year": -107.88,
            "roe": -1.26,
            "roe_4q": -0.8500000000000001,
            "gross_profit": 108366,
            "gross_margin": 2.1,
            "gross_margin_4q_avg": 0.5,
            "net_income": -507304,
            "revenue": 5155925,
            "common_shares": 23722200,
            "book_valuer_per_share": 17.09,
            "book_valuer_per_share_4q_avg": 17.04,
            "equity": 40533010,
            "current_ratio": 87.67,
            "debt_ratio": 58.12,
            "inventory_turnover_ratio": 4.54,
            "account_receivable_turnover_ratio": null,
            "reinvestment_rate": null,
            "research_to_sale_ratio": null,
            "price_fair": 0,
            "eps_avg_yearly": 0,
            "eps_latest_yearly": 0,
            "eps_growth_yearly": 0
        },
        "20013": {
            "year_quarter": 20013,
            "year": 2001,
            "quarter": 3,
            "eps": -0.11,
            "eps_growth_year": null,
            "eps_4q": -0.07,
            "eps_4q_growth_year": -109.49,
            "roe": -0.61,
            "roe_4q": -1.4600000000000002,
            "gross_profit": 118337,
            "gross_margin": 2.54,
            "gross_margin_4q_avg": 1.18,
            "net_income": -258932,
            "revenue": 4663603,
            "common_shares": 24433866,
            "book_valuer_per_share": 17.97,
            "book_valuer_per_share_4q_avg": 17.35,
            "equity": 43917532,
            "current_ratio": 131.84,
            "debt_ratio": 55.18,
            "inventory_turnover_ratio": 3.7,
            "account_receivable_turnover_ratio": null,
            "reinvestment_rate": null,
            "research_to_sale_ratio": null,
            "price_fair": 0,
            "eps_avg_yearly": 0,
            "eps_latest_yearly": 0,
            "eps_growth_yearly": 0
        },
        "20014": {
            "year_quarter": 20014,
            "year": 2001,
            "quarter": 4,
            "eps": 0.29,
            "eps_growth_year": 70.59,
            "eps_4q": 0.07,
            "eps_4q_growth_year": -84.3,
            "roe": 1.62,
            "roe_4q": 0.1600000000000002,
            "gross_profit": 250035,
            "gross_margin": 4.34,
            "gross_margin_4q_avg": 1.97,
            "net_income": 778141,
            "revenue": 5767878,
            "common_shares": 24433866,
            "book_valuer_per_share": 18.01,
            "book_valuer_per_share_4q_avg": 17.51,
            "equity": 52033963,
            "current_ratio": 82.01,
            "debt_ratio": 65.97,
            "inventory_turnover_ratio": 2.51,
            "account_receivable_turnover_ratio": null,
            "reinvestment_rate": null,
            "research_to_sale_ratio": null,
            "price_fair": 0,
            "eps_avg_yearly": 0,
            "eps_latest_yearly": 0,
            "eps_growth_yearly": 0
        },
        "20021": {
            "year_quarter": 20021,
            "year": 2002,
            "quarter": 1,
            "eps": -0.29,
            "eps_growth_year": -462.5,
            "eps_4q": -0.28,
            "eps_4q_growth_year": -192.96,
            "roe": -1.32,
            "roe_4q": -1.5699999999999998,
            "gross_profit": 100838,
            "gross_margin": 1.79,
            "gross_margin_4q_avg": 2.69,
            "net_income": -655429,
            "revenue": 5633185,
            "common_shares": 24433866,
            "book_valuer_per_share": 19.25,
            "book_valuer_per_share_4q_avg": 18.08,
            "equity": 47037563,
            "current_ratio": 58.3,
            "debt_ratio": 52.09,
            "inventory_turnover_ratio": 2.63,
            "account_receivable_turnover_ratio": null,
            "reinvestment_rate": null,
            "research_to_sale_ratio": null,
            "price_fair": 0,
            "eps_avg_yearly": 0,
            "eps_latest_yearly": 0,
            "eps_growth_yearly": 0
        },
        "20022": {
            "year_quarter": 20022,
            "year": 2002,
            "quarter": 2,
            "eps": -0.02,
            "eps_growth_year": null,
            "eps_4q": -0.05,
            "eps_4q_growth_year": null,
            "roe": 0.05,
            "roe_4q": -0.2599999999999999,
            "gross_profit": 296882,
            "gross_margin": 4.8,
            "gross_margin_4q_avg": 3.37,
            "net_income": 23180,
            "revenue": 6187934,
            "common_shares": 24433866,
            "book_valuer_per_share": 19.38,
            "book_valuer_per_share_4q_avg": 18.65,
            "equity": 47363833,
            "current_ratio": 48.48,
            "debt_ratio": 51.73,
            "inventory_turnover_ratio": 5.05,
            "account_receivable_turnover_ratio": null,
            "reinvestment_rate": null,
            "research_to_sale_ratio": null,
            "price_fair": 0,
            "eps_avg_yearly": 0,
            "eps_latest_yearly": 0,
            "eps_growth_yearly": 0
        },
        "20023": {
            "year_quarter": 20023,
            "year": 2002,
            "quarter": 3,
            "eps": 0.07,
            "eps_growth_year": null,
            "eps_4q": 0.12,
            "eps_4q_growth_year": null,
            "roe": 0.48,
            "roe_4q": 0.8300000000000001,
            "gross_profit": 161261,
            "gross_margin": 2.75,
            "gross_margin_4q_avg": 3.42,
            "net_income": 224584,
            "revenue": 5865338,
            "common_shares": 24922543,
            "book_valuer_per_share": 18.89,
            "book_valuer_per_share_4q_avg": 18.88,
            "equity": 47073795,
            "current_ratio": 54.88,
            "debt_ratio": 52.41,
            "inventory_turnover_ratio": 4.98,
            "account_receivable_turnover_ratio": null,
            "reinvestment_rate": null,
            "research_to_sale_ratio": null,
            "price_fair": 0,
            "eps_avg_yearly": 0,
            "eps_latest_yearly": 0,
            "eps_growth_yearly": 0
        },
        "20024": {
            "year_quarter": 20024,
            "year": 2002,
            "quarter": 4,
            "eps": 0.26,
            "eps_growth_year": -10.34,
            "eps_4q": 0.11,
            "eps_4q_growth_year": 51.16,
            "roe": 1.33,
            "roe_4q": 0.54,
            "gross_profit": 431199,
            "gross_margin": 6.24,
            "gross_margin_4q_avg": 3.9,
            "net_income": 694402,
            "revenue": 6909263,
            "common_shares": 24922543,
            "book_valuer_per_share": 19.28,
            "book_valuer_per_share_4q_avg": 19.2,
            "equity": 57622613,
            "current_ratio": 69.77,
            "debt_ratio": 63.9,
            "inventory_turnover_ratio": 3.49,
            "account_receivable_turnover_ratio": null,
            "reinvestment_rate": 1157.83,
            "research_to_sale_ratio": null,
            "price_fair": 36.4,
            "eps_avg_yearly": 1.04,
            "eps_latest_yearly": 1.04,
            "eps_growth_yearly": 1085.71
        },
        "20031": {
            "year_quarter": 20031,
            "year": 2003,
            "quarter": 1,
            "eps": 0.04,
            "eps_growth_year": null,
            "eps_4q": 0.26,
            "eps_4q_growth_year": null,
            "roe": 0.32,
            "roe_4q": 2.1799999999999997,
            "gross_profit": 298114,
            "gross_margin": 4.96,
            "gross_margin_4q_avg": 4.69,
            "net_income": 167838,
            "revenue": 6005480,
            "common_shares": 24922543,
            "book_valuer_per_share": 19.36,
            "book_valuer_per_share_4q_avg": 19.23,
            "equity": 48253399,
            "current_ratio": 41.08,
            "debt_ratio": 50.86,
            "inventory_turnover_ratio": 3.08,
            "account_receivable_turnover_ratio": null,
            "reinvestment_rate": 214.45,
            "research_to_sale_ratio": null,
            "price_fair": 21,
            "eps_avg_yearly": 0.6,
            "eps_latest_yearly": 0.16,
            "eps_growth_yearly": 373.63
        },
        "20032": {
            "year_quarter": 20032,
            "year": 2003,
            "quarter": 2,
            "eps": 0.19,
            "eps_growth_year": null,
            "eps_4q": 0.57,
            "eps_4q_growth_year": null,
            "roe": 1.12,
            "roe_4q": 3.2500000000000004,
            "gross_profit": 480234,
            "gross_margin": 8.05,
            "gross_margin_4q_avg": 5.5,
            "net_income": 542143,
            "revenue": 5965772,
            "common_shares": 24922543,
            "book_valuer_per_share": 19.31,
            "book_valuer_per_share_4q_avg": 19.21,
            "equity": 48136783,
            "current_ratio": 56.66,
            "debt_ratio": 51.04,
            "inventory_turnover_ratio": 4.51,
            "account_receivable_turnover_ratio": null,
            "reinvestment_rate": 177.58,
            "research_to_sale_ratio": null,
            "price_fair": 22.87,
            "eps_avg_yearly": 0.65,
            "eps_latest_yearly": 0.76,
            "eps_growth_yearly": 749.08
        },
        "20033": {
            "year_quarter": 20033,
            "year": 2003,
            "quarter": 3,
            "eps": 0.26,
            "eps_growth_year": 271.43,
            "eps_4q": 0.77,
            "eps_4q_growth_year": 565.37,
            "roe": 1.48,
            "roe_4q": 4.25,
            "gross_profit": 369074,
            "gross_margin": 6.13,
            "gross_margin_4q_avg": 6.35,
            "net_income": 718320,
            "revenue": 6020251,
            "common_shares": 25463964,
            "book_valuer_per_share": 19.18,
            "book_valuer_per_share_4q_avg": 19.28,
            "equity": 48834707,
            "current_ratio": 51.91,
            "debt_ratio": 49.95,
            "inventory_turnover_ratio": 4.13,
            "account_receivable_turnover_ratio": null,
            "reinvestment_rate": 123.03,
            "research_to_sale_ratio": null,
            "price_fair": 26.25,
            "eps_avg_yearly": 0.75,
            "eps_latest_yearly": 1.04,
            "eps_growth_yearly": 598.66
        },
        "20034": {
            "year_quarter": 20034,
            "year": 2003,
            "quarter": 4,
            "eps": 0.11,
            "eps_growth_year": -57.69,
            "eps_4q": 0.58,
            "eps_4q_growth_year": 440.76,
            "roe": 0.62,
            "roe_4q": 3.54,
            "gross_profit": 451576,
            "gross_margin": 7.02,
            "gross_margin_4q_avg": 6.54,
            "net_income": 333881,
            "revenue": 6428818,
            "common_shares": 25463964,
            "book_valuer_per_share": 19.2,
            "book_valuer_per_share_4q_avg": 19.26,
            "equity": 58263645,
            "current_ratio": 95.36,
            "debt_ratio": 61.48,
            "inventory_turnover_ratio": 3.59,
            "account_receivable_turnover_ratio": null,
            "reinvestment_rate": 853.66,
            "research_to_sale_ratio": null,
            "price_fair": 24.08,
            "eps_avg_yearly": 0.69,
            "eps_latest_yearly": 0.44,
            "eps_growth_yearly": 432.77
        },
        "20041": {
            "year_quarter": 20041,
            "year": 2004,
            "quarter": 1,
            "eps": 0.42,
            "eps_growth_year": 950,
            "eps_4q": 1.02,
            "eps_4q_growth_year": 284.76,
            "roe": 2.07,
            "roe_4q": 5.29,
            "gross_profit": 498195,
            "gross_margin": 7.56,
            "gross_margin_4q_avg": 7.19,
            "net_income": 1120046,
            "revenue": 6593107,
            "common_shares": 25463964,
            "book_valuer_per_share": 19.62,
            "book_valuer_per_share_4q_avg": 19.33,
            "equity": 49956630,
            "current_ratio": 141.93,
            "debt_ratio": 50.25,
            "inventory_turnover_ratio": 3.66,
            "account_receivable_turnover_ratio": null,
            "reinvestment_rate": -10.57,
            "research_to_sale_ratio": null,
            "price_fair": 29.87,
            "eps_avg_yearly": 0.85,
            "eps_latest_yearly": 1.68,
            "eps_growth_yearly": 548.52
        },
        "20042": {
            "year_quarter": 20042,
            "year": 2004,
            "quarter": 2,
            "eps": 0.35,
            "eps_growth_year": 84.21,
            "eps_4q": 1.12,
            "eps_4q_growth_year": 95.41,
            "roe": 1.99,
            "roe_4q": 6.16,
            "gross_profit": 829329,
            "gross_margin": 11.45,
            "gross_margin_4q_avg": 8.04,
            "net_income": 993119,
            "revenue": 7244463,
            "common_shares": 25463964,
            "book_valuer_per_share": 19.51,
            "book_valuer_per_share_4q_avg": 19.38,
            "equity": 49689913,
            "current_ratio": 135.43,
            "debt_ratio": 47.18,
            "inventory_turnover_ratio": 4.7,
            "account_receivable_turnover_ratio": null,
            "reinvestment_rate": -29.6,
            "research_to_sale_ratio": null,
            "price_fair": 32.6,
            "eps_avg_yearly": 0.93,
            "eps_latest_yearly": 1.4,
            "eps_growth_yearly": 460.64
        },
        "20043": {
            "year_quarter": 20043,
            "year": 2004,
            "quarter": 3,
            "eps": 0.43,
            "eps_growth_year": 65.38,
            "eps_4q": 1.32,
            "eps_4q_growth_year": 71.25,
            "roe": 2.36,
            "roe_4q": 7.04,
            "gross_profit": 536937,
            "gross_margin": 8.1,
            "gross_margin_4q_avg": 8.53,
            "net_income": 1187905,
            "revenue": 6630478,
            "common_shares": 26457644,
            "book_valuer_per_share": 19.33,
            "book_valuer_per_share_4q_avg": 19.42,
            "equity": 51142754,
            "current_ratio": 168.05,
            "debt_ratio": 45.74,
            "inventory_turnover_ratio": 3.9,
            "account_receivable_turnover_ratio": null,
            "reinvestment_rate": -50.27,
            "research_to_sale_ratio": null,
            "price_fair": 36.05,
            "eps_avg_yearly": 1.03,
            "eps_latest_yearly": 1.72,
            "eps_growth_yearly": 414.49
        },
        "20044": {
            "year_quarter": 20044,
            "year": 2004,
            "quarter": 4,
            "eps": 0.4,
            "eps_growth_year": 263.64,
            "eps_4q": 1.58,
            "eps_4q_growth_year": 171.89,
            "roe": 1.99,
            "roe_4q": 8.41,
            "gross_profit": 794356,
            "gross_margin": 21.3,
            "gross_margin_4q_avg": 12.1,
            "net_income": 1120456,
            "revenue": 3729943,
            "common_shares": 26457644,
            "book_valuer_per_share": 19.69,
            "book_valuer_per_share_4q_avg": 19.54,
            "equity": 61655646,
            "current_ratio": 139.54,
            "debt_ratio": 58.79,
            "inventory_turnover_ratio": 1.24,
            "account_receivable_turnover_ratio": null,
            "reinvestment_rate": 105.53,
            "research_to_sale_ratio": null,
            "price_fair": 38.27,
            "eps_avg_yearly": 1.09,
            "eps_latest_yearly": 1.6,
            "eps_growth_yearly": 365.33
        },
        "20051": {
            "year_quarter": 20051,
            "year": 2005,
            "quarter": 1,
            "eps": 0,
            "eps_growth_year": -100,
            "eps_4q": 1.27,
            "eps_4q_growth_year": 24.81,
            "roe": 0.1,
            "roe_4q": 6.4399999999999995,
            "gross_profit": 810395,
            "gross_margin": 13.53,
            "gross_margin_4q_avg": 13.6,
            "net_income": 59720,
            "revenue": 5991398,
            "common_shares": 26457644,
            "book_valuer_per_share": 19.84,
            "book_valuer_per_share_4q_avg": 19.59,
            "equity": 52481773,
            "current_ratio": 158,
            "debt_ratio": 43.73,
            "inventory_turnover_ratio": 2.48,
            "account_receivable_turnover_ratio": null,
            "reinvestment_rate": -92.87,
            "research_to_sale_ratio": null,
            "price_fair": 38.27,
            "eps_avg_yearly": 1.09,
            "eps_latest_yearly": 1.6,
            "eps_growth_yearly": 365.33
        },
        "20052": {
            "year_quarter": 20052,
            "year": 2005,
            "quarter": 2,
            "eps": 1.25,
            "eps_growth_year": 257.14,
            "eps_4q": 2.09,
            "eps_4q_growth_year": 87.11,
            "roe": 6.67,
            "roe_4q": 11.12,
            "gross_profit": 874920,
            "gross_margin": 13.93,
            "gross_margin_4q_avg": 14.22,
            "net_income": 3535020,
            "revenue": 6279077,
            "common_shares": 26457644,
            "book_valuer_per_share": 20.22,
            "book_valuer_per_share_4q_avg": 19.77,
            "equity": 53490131,
            "current_ratio": 170.17,
            "debt_ratio": 41.79,
            "inventory_turnover_ratio": 4.74,
            "account_receivable_turnover_ratio": null,
            "reinvestment_rate": -62.8,
            "research_to_sale_ratio": null,
            "price_fair": 38.27,
            "eps_avg_yearly": 1.09,
            "eps_latest_yearly": 1.6,
            "eps_growth_yearly": 365.33
        },
        "20053": {
            "year_quarter": 20053,
            "year": 2005,
            "quarter": 3,
            "eps": 0.5,
            "eps_growth_year": 16.28,
            "eps_4q": 2.14,
            "eps_4q_growth_year": 62.44,
            "roe": 2.65,
            "roe_4q": 11.41,
            "gross_profit": 890976,
            "gross_margin": 14.54,
            "gross_margin_4q_avg": 15.83,
            "net_income": 1439859,
            "revenue": 6128259,
            "common_shares": 27853513,
            "book_valuer_per_share": 19.76,
            "book_valuer_per_share_4q_avg": 19.88,
            "equity": 55032684,
            "current_ratio": 157.07,
            "debt_ratio": 41.24,
            "inventory_turnover_ratio": 4.9,
            "account_receivable_turnover_ratio": null,
            "reinvestment_rate": -55.91,
            "research_to_sale_ratio": null,
            "price_fair": 41.44,
            "eps_avg_yearly": 1.18,
            "eps_latest_yearly": 2,
            "eps_growth_yearly": 304.8
        },
        "20054": {
            "year_quarter": 20054,
            "year": 2005,
            "quarter": 4,
            "eps": 0.22,
            "eps_growth_year": -45,
            "eps_4q": 1.88,
            "eps_4q_growth_year": 18.86,
            "roe": 1.1,
            "roe_4q": 10.52,
            "gross_profit": 645963,
            "gross_margin": 9.45,
            "gross_margin_4q_avg": 12.86,
            "net_income": 668768,
            "revenue": 6833044,
            "common_shares": 28278865,
            "book_valuer_per_share": 19.95,
            "book_valuer_per_share_4q_avg": 19.94,
            "equity": 66153869,
            "current_ratio": 140.06,
            "debt_ratio": 57.72,
            "inventory_turnover_ratio": 2.47,
            "account_receivable_turnover_ratio": null,
            "reinvestment_rate": 22.83,
            "research_to_sale_ratio": null,
            "price_fair": 40.47,
            "eps_avg_yearly": 1.16,
            "eps_latest_yearly": 0.88,
            "eps_growth_yearly": 256.73
        },
        "20061": {
            "year_quarter": 20061,
            "year": 2006,
            "quarter": 1,
            "eps": 0.18,
            "eps_growth_year": null,
            "eps_4q": 1.87,
            "eps_4q_growth_year": 47.24,
            "roe": 0.94,
            "roe_4q": 11.36,
            "gross_profit": 1006547,
            "gross_margin": 15.82,
            "gross_margin_4q_avg": 13.44,
            "net_income": 600925,
            "revenue": 6363124,
            "common_shares": 29673446,
            "book_valuer_per_share": 20.57,
            "book_valuer_per_share_4q_avg": 20.13,
            "equity": 61046402,
            "current_ratio": 301.52,
            "debt_ratio": 34.63,
            "inventory_turnover_ratio": 1.97,
            "account_receivable_turnover_ratio": null,
            "reinvestment_rate": -61.39,
            "research_to_sale_ratio": null,
            "price_fair": 39.2,
            "eps_avg_yearly": 1.12,
            "eps_latest_yearly": 0.72,
            "eps_growth_yearly": 229.27
        },
        "20062": {
            "year_quarter": 20062,
            "year": 2006,
            "quarter": 2,
            "eps": 0.62,
            "eps_growth_year": -50.4,
            "eps_4q": 1.5,
            "eps_4q_growth_year": -27.98,
            "roe": 3.13,
            "roe_4q": 7.82,
            "gross_profit": 946418,
            "gross_margin": 15.31,
            "gross_margin_4q_avg": 13.78,
            "net_income": 1902024,
            "revenue": 6181691,
            "common_shares": 30174388,
            "book_valuer_per_share": 20.07,
            "book_valuer_per_share_4q_avg": 20.09,
            "equity": 60572538,
            "current_ratio": 234.14,
            "debt_ratio": 38.34,
            "inventory_turnover_ratio": 3.75,
            "account_receivable_turnover_ratio": null,
            "reinvestment_rate": -52.46,
            "research_to_sale_ratio": null,
            "price_fair": 42.86,
            "eps_avg_yearly": 1.22,
            "eps_latest_yearly": 2.48,
            "eps_growth_yearly": 286.85
        },
        "20063": {
            "year_quarter": 20063,
            "year": 2006,
            "quarter": 3,
            "eps": 0.72,
            "eps_growth_year": 44,
            "eps_4q": 1.75,
            "eps_4q_growth_year": -18.24,
            "roe": 3.71,
            "roe_4q": 8.879999999999999,
            "gross_profit": 1221666,
            "gross_margin": 17.44,
            "gross_margin_4q_avg": 14.51,
            "net_income": 2222550,
            "revenue": 7003422,
            "common_shares": 30730720,
            "book_valuer_per_share": 19.23,
            "book_valuer_per_share_4q_avg": 19.96,
            "equity": 59107159,
            "current_ratio": 265.81,
            "debt_ratio": 36.28,
            "inventory_turnover_ratio": 4.33,
            "account_receivable_turnover_ratio": null,
            "reinvestment_rate": -45.37,
            "research_to_sale_ratio": null,
            "price_fair": 47,
            "eps_avg_yearly": 1.34,
            "eps_latest_yearly": 2.88,
            "eps_growth_yearly": 270.97
        },
        "20064": {
            "year_quarter": 20064,
            "year": 2006,
            "quarter": 4,
            "eps": 0.71,
            "eps_growth_year": 222.73,
            "eps_4q": 2.27,
            "eps_4q_growth_year": 20.93,
            "roe": 3.15,
            "roe_4q": 10.929999999999998,
            "gross_profit": 1159272,
            "gross_margin": 17.78,
            "gross_margin_4q_avg": 16.59,
            "net_income": 2152144,
            "revenue": 6519290,
            "common_shares": 31416129,
            "book_valuer_per_share": 21.34,
            "book_valuer_per_share_4q_avg": 20.3,
            "equity": 77518099,
            "current_ratio": 218.75,
            "debt_ratio": 51.96,
            "inventory_turnover_ratio": 1.5,
            "account_receivable_turnover_ratio": null,
            "reinvestment_rate": 9.7,
            "research_to_sale_ratio": null,
            "price_fair": 51.5,
            "eps_avg_yearly": 1.47,
            "eps_latest_yearly": 2.84,
            "eps_growth_yearly": 193.02
        },
        "20071": {
            "year_quarter": 20071,
            "year": 2007,
            "quarter": 1,
            "eps": 0.6,
            "eps_growth_year": 233.33,
            "eps_4q": 2.57,
            "eps_4q_growth_year": 37.22,
            "roe": 2.6,
            "roe_4q": 12.59,
            "gross_profit": 964840,
            "gross_margin": 15.02,
            "gross_margin_4q_avg": 16.39,
            "net_income": 1914925,
            "revenue": 6425426,
            "common_shares": 32073511,
            "book_valuer_per_share": 21.8,
            "book_valuer_per_share_4q_avg": 20.61,
            "equity": 69927576,
            "current_ratio": 321.42,
            "debt_ratio": 29.41,
            "inventory_turnover_ratio": 1.46,
            "account_receivable_turnover_ratio": null,
            "reinvestment_rate": -41.25,
            "research_to_sale_ratio": null,
            "price_fair": 57.1,
            "eps_avg_yearly": 1.63,
            "eps_latest_yearly": 2.4,
            "eps_growth_yearly": 212.77
        },
        "20072": {
            "year_quarter": 20072,
            "year": 2007,
            "quarter": 2,
            "eps": 0.58,
            "eps_growth_year": -6.45,
            "eps_4q": 2.53,
            "eps_4q_growth_year": 68.15,
            "roe": 2.61,
            "roe_4q": 12.07,
            "gross_profit": 829837,
            "gross_margin": 13.86,
            "gross_margin_4q_avg": 16.03,
            "net_income": 1873018,
            "revenue": 5988994,
            "common_shares": 32073511,
            "book_valuer_per_share": 22.9,
            "book_valuer_per_share_4q_avg": 21.32,
            "equity": 73460212,
            "current_ratio": 189.94,
            "debt_ratio": 31.97,
            "inventory_turnover_ratio": 3,
            "account_receivable_turnover_ratio": null,
            "reinvestment_rate": -38.35,
            "research_to_sale_ratio": null,
            "price_fair": 61,
            "eps_avg_yearly": 1.74,
            "eps_latest_yearly": 2.32,
            "eps_growth_yearly": 104.67
        },
        "20073": {
            "year_quarter": 20073,
            "year": 2007,
            "quarter": 3,
            "eps": 0.99,
            "eps_growth_year": 37.5,
            "eps_4q": 2.82,
            "eps_4q_growth_year": 61.19,
            "roe": 4.17,
            "roe_4q": 12.53,
            "gross_profit": 683562,
            "gross_margin": 11.55,
            "gross_margin_4q_avg": 14.55,
            "net_income": 3219144,
            "revenue": 5917504,
            "common_shares": 32486372,
            "book_valuer_per_share": 24.87,
            "book_valuer_per_share_4q_avg": 22.73,
            "equity": 80808061,
            "current_ratio": 290.41,
            "debt_ratio": 26.34,
            "inventory_turnover_ratio": 2.98,
            "account_receivable_turnover_ratio": null,
            "reinvestment_rate": -33.53,
            "research_to_sale_ratio": null,
            "price_fair": 68.3,
            "eps_avg_yearly": 1.95,
            "eps_latest_yearly": 3.96,
            "eps_growth_yearly": 114.34
        },
        "20074": {
            "year_quarter": 20074,
            "year": 2007,
            "quarter": 4,
            "eps": 0.38,
            "eps_growth_year": -46.48,
            "eps_4q": 2.51,
            "eps_4q_growth_year": 10.78,
            "roe": 1.36,
            "roe_4q": 10.74,
            "gross_profit": 794257,
            "gross_margin": 12.74,
            "gross_margin_4q_avg": 13.29,
            "net_income": 1248046,
            "revenue": 6232788,
            "common_shares": 32486372,
            "book_valuer_per_share": 25.5,
            "book_valuer_per_share_4q_avg": 23.77,
            "equity": 102888532,
            "current_ratio": 189.76,
            "debt_ratio": 46.39,
            "inventory_turnover_ratio": 1.24,
            "account_receivable_turnover_ratio": null,
            "reinvestment_rate": 72.66,
            "research_to_sale_ratio": null,
            "price_fair": 71,
            "eps_avg_yearly": 2.03,
            "eps_latest_yearly": 1.52,
            "eps_growth_yearly": 113.22
        },
        "20081": {
            "year_quarter": 20081,
            "year": 2008,
            "quarter": 1,
            "eps": 0.39,
            "eps_growth_year": -35,
            "eps_4q": 1.74,
            "eps_4q_growth_year": -32.14,
            "roe": 1.67,
            "roe_4q": 9.81,
            "gross_profit": 2490370,
            "gross_margin": 13.91,
            "gross_margin_4q_avg": 13.02,
            "net_income": 1706711,
            "revenue": 17906537,
            "common_shares": 32486372,
            "book_valuer_per_share": 24.87,
            "book_valuer_per_share_4q_avg": 24.54,
            "equity": 100908613,
            "current_ratio": 191.69,
            "debt_ratio": 46.86,
            "inventory_turnover_ratio": 2.16,
            "account_receivable_turnover_ratio": null,
            "reinvestment_rate": 267.69,
            "research_to_sale_ratio": null,
            "price_fair": 70.7,
            "eps_avg_yearly": 2.02,
            "eps_latest_yearly": 1.56,
            "eps_growth_yearly": 33.46
        },
        "20082": {
            "year_quarter": 20082,
            "year": 2008,
            "quarter": 2,
            "eps": 0.69,
            "eps_growth_year": 18.97,
            "eps_4q": 2.12,
            "eps_4q_growth_year": -16.29,
            "roe": 2.7,
            "roe_4q": 9.9,
            "gross_profit": 2190107,
            "gross_margin": 10.66,
            "gross_margin_4q_avg": 12.22,
            "net_income": 2613324,
            "revenue": 20554297,
            "common_shares": 32486372,
            "book_valuer_per_share": 23.02,
            "book_valuer_per_share_4q_avg": 24.57,
            "equity": 92942636,
            "current_ratio": 127.04,
            "debt_ratio": 51.4,
            "inventory_turnover_ratio": 2.6,
            "account_receivable_turnover_ratio": null,
            "reinvestment_rate": 270.08,
            "research_to_sale_ratio": null,
            "price_fair": 74.1,
            "eps_avg_yearly": 2.12,
            "eps_latest_yearly": 2.76,
            "eps_growth_yearly": 60.2
        },
        "20083": {
            "year_quarter": 20083,
            "year": 2008,
            "quarter": 3,
            "eps": 0.33,
            "eps_growth_year": -66.67,
            "eps_4q": 1.45,
            "eps_4q_growth_year": -48.65,
            "roe": 1.48,
            "roe_4q": 7.21,
            "gross_profit": 2150631,
            "gross_margin": 9.57,
            "gross_margin_4q_avg": 11.72,
            "net_income": 1344798,
            "revenue": 22483371,
            "common_shares": 32921759,
            "book_valuer_per_share": 21.29,
            "book_valuer_per_share_4q_avg": 23.67,
            "equity": 88642047,
            "current_ratio": 115.39,
            "debt_ratio": 52.06,
            "inventory_turnover_ratio": 2.64,
            "account_receivable_turnover_ratio": null,
            "reinvestment_rate": 281.08,
            "research_to_sale_ratio": null,
            "price_fair": 73.1,
            "eps_avg_yearly": 2.09,
            "eps_latest_yearly": 1.32,
            "eps_growth_yearly": 38.76
        },
        "20084": {
            "year_quarter": 20084,
            "year": 2008,
            "quarter": 4,
            "eps": 0.34,
            "eps_growth_year": -10.53,
            "eps_4q": 2.42,
            "eps_4q_growth_year": -3.65,
            "roe": 0.9,
            "roe_4q": 6.75,
            "gross_profit": 937757,
            "gross_margin": 5.35,
            "gross_margin_4q_avg": 9.87,
            "net_income": 808846,
            "revenue": 17532353,
            "common_shares": 32921759,
            "book_valuer_per_share": 21.88,
            "book_valuer_per_share_4q_avg": 22.77,
            "equity": 90248797,
            "current_ratio": 111.71,
            "debt_ratio": 51.7,
            "inventory_turnover_ratio": 2.15,
            "account_receivable_turnover_ratio": 4.22,
            "reinvestment_rate": 111.09,
            "research_to_sale_ratio": null,
            "price_fair": 72.5,
            "eps_avg_yearly": 2.07,
            "eps_latest_yearly": 1.36,
            "eps_growth_yearly": 41.62
        },
        "20091": {
            "year_quarter": 20091,
            "year": 2009,
            "quarter": 1,
            "eps": 0.06,
            "eps_growth_year": -84.62,
            "eps_4q": 0.58,
            "eps_4q_growth_year": -66.98,
            "roe": 0.53,
            "roe_4q": 5.61,
            "gross_profit": 1758009,
            "gross_margin": 9.73,
            "gross_margin_4q_avg": 8.83,
            "net_income": 486224,
            "revenue": 18071221,
            "common_shares": 32921759,
            "book_valuer_per_share": 22.54,
            "book_valuer_per_share_4q_avg": 22.18,
            "equity": 92973522,
            "current_ratio": 125.29,
            "debt_ratio": 51.81,
            "inventory_turnover_ratio": 2.62,
            "account_receivable_turnover_ratio": 2.03,
            "reinvestment_rate": 300.89,
            "research_to_sale_ratio": null,
            "price_fair": 52.4,
            "eps_avg_yearly": 1.95,
            "eps_latest_yearly": 0.24,
            "eps_growth_yearly": 16.88
        },
        "20092": {
            "year_quarter": 20092,
            "year": 2009,
            "quarter": 2,
            "eps": 0.59,
            "eps_growth_year": -14.49,
            "eps_4q": 0.84,
            "eps_4q_growth_year": -60.26,
            "roe": 3.28,
            "roe_4q": 6.1899999999999995,
            "gross_profit": 3677091,
            "gross_margin": 16.99,
            "gross_margin_4q_avg": 10.41,
            "net_income": 3052933,
            "revenue": 21647572,
            "common_shares": 32921759,
            "book_valuer_per_share": 22.37,
            "book_valuer_per_share_4q_avg": 22.02,
            "equity": 92988805,
            "current_ratio": 122.05,
            "debt_ratio": 52.04,
            "inventory_turnover_ratio": 2.97,
            "account_receivable_turnover_ratio": 2.19,
            "reinvestment_rate": 311.3,
            "research_to_sale_ratio": null,
            "price_fair": 69.13,
            "eps_avg_yearly": 1.98,
            "eps_latest_yearly": 2.36,
            "eps_growth_yearly": 236.66
        },
        "20093": {
            "year_quarter": 20093,
            "year": 2009,
            "quarter": 3,
            "eps": 0.83,
            "eps_growth_year": 151.52,
            "eps_4q": 1.24,
            "eps_4q_growth_year": -13.99,
            "roe": 4.2,
            "roe_4q": 8.91,
            "gross_profit": 4554533,
            "gross_margin": 20.5,
            "gross_margin_4q_avg": 13.14,
            "net_income": 3996765,
            "revenue": 22213159,
            "common_shares": 32921759,
            "book_valuer_per_share": 23.36,
            "book_valuer_per_share_4q_avg": 22.54,
            "equity": 97394199,
            "current_ratio": 138.11,
            "debt_ratio": 50.71,
            "inventory_turnover_ratio": 2.71,
            "account_receivable_turnover_ratio": 1.99,
            "reinvestment_rate": 296.45,
            "research_to_sale_ratio": null,
            "price_fair": 72.01,
            "eps_avg_yearly": 2.06,
            "eps_latest_yearly": 3.32,
            "eps_growth_yearly": 261.83
        },
        "20094": {
            "year_quarter": 20094,
            "year": 2009,
            "quarter": 4,
            "eps": 0.77,
            "eps_growth_year": 126.47,
            "eps_4q": 2.26,
            "eps_4q_growth_year": -6.88,
            "roe": 4.2,
            "roe_4q": 12.209999999999999,
            "gross_profit": 5544756,
            "gross_margin": 22.29,
            "gross_margin_4q_avg": 17.38,
            "net_income": 4165917,
            "revenue": 24872393,
            "common_shares": 32921759,
            "book_valuer_per_share": 24.03,
            "book_valuer_per_share_4q_avg": 23.08,
            "equity": 101113810,
            "current_ratio": 106.89,
            "debt_ratio": 50.61,
            "inventory_turnover_ratio": 2.96,
            "account_receivable_turnover_ratio": 4.72,
            "reinvestment_rate": 122.03,
            "research_to_sale_ratio": null,
            "price_fair": 76.83,
            "eps_avg_yearly": 2.2,
            "eps_latest_yearly": 3.08,
            "eps_growth_yearly": 274.02
        },
        "20101": {
            "year_quarter": 20101,
            "year": 2010,
            "quarter": 1,
            "eps": 0.28,
            "eps_growth_year": 366.67,
            "eps_4q": 2.48,
            "eps_4q_growth_year": 331.26,
            "roe": 1.43,
            "roe_4q": 13.11,
            "gross_profit": 2911489,
            "gross_margin": 13.22,
            "gross_margin_4q_avg": 18.25,
            "net_income": 1457637,
            "revenue": 22023082,
            "common_shares": 32921759,
            "book_valuer_per_share": 24.45,
            "book_valuer_per_share_4q_avg": 23.55,
            "equity": 102157504,
            "current_ratio": 145.84,
            "debt_ratio": 53.21,
            "inventory_turnover_ratio": 2.89,
            "account_receivable_turnover_ratio": 2.01,
            "reinvestment_rate": 335.15,
            "research_to_sale_ratio": 0.13,
            "price_fair": 77.7,
            "eps_avg_yearly": 2.22,
            "eps_latest_yearly": 1.12,
            "eps_growth_yearly": 262.66
        },
        "20102": {
            "year_quarter": 20102,
            "year": 2010,
            "quarter": 2,
            "eps": 0.58,
            "eps_growth_year": -1.55,
            "eps_4q": 2.47,
            "eps_4q_growth_year": 193.52,
            "roe": 3.18,
            "roe_4q": 13.010000000000002,
            "gross_profit": 4794091,
            "gross_margin": 18.48,
            "gross_margin_4q_avg": 18.62,
            "net_income": 3251797,
            "revenue": 25948367,
            "common_shares": 32921759,
            "book_valuer_per_share": 22.92,
            "book_valuer_per_share_4q_avg": 23.69,
            "equity": 102363368,
            "current_ratio": 101.67,
            "debt_ratio": 55.74,
            "inventory_turnover_ratio": 2.91,
            "account_receivable_turnover_ratio": 2.08,
            "reinvestment_rate": 377.9,
            "research_to_sale_ratio": 0.03,
            "price_fair": 77.35,
            "eps_avg_yearly": 2.21,
            "eps_latest_yearly": 2.32,
            "eps_growth_yearly": 228.33
        },
        "20103": {
            "year_quarter": 20103,
            "year": 2010,
            "quarter": 3,
            "eps": 0.78,
            "eps_growth_year": -6.36,
            "eps_4q": 2.41,
            "eps_4q_growth_year": 94.01,
            "roe": 3.8,
            "roe_4q": 12.61,
            "gross_profit": 5123025,
            "gross_margin": 18.04,
            "gross_margin_4q_avg": 18.01,
            "net_income": 4025784,
            "revenue": 28395540,
            "common_shares": 32921759,
            "book_valuer_per_share": 24.78,
            "book_valuer_per_share_4q_avg": 24.05,
            "equity": 109600448,
            "current_ratio": 127,
            "debt_ratio": 52.71,
            "inventory_turnover_ratio": 2.94,
            "account_receivable_turnover_ratio": 2.03,
            "reinvestment_rate": 371.39,
            "research_to_sale_ratio": 0.07,
            "price_fair": 77.88,
            "eps_avg_yearly": 2.23,
            "eps_latest_yearly": 3.12,
            "eps_growth_yearly": 232.92
        },
        "20104": {
            "year_quarter": 20104,
            "year": 2010,
            "quarter": 4,
            "eps": 0.71,
            "eps_growth_year": -7.3,
            "eps_4q": 2.18,
            "eps_4q_growth_year": -3.55,
            "roe": 3.98,
            "roe_4q": 12.389999999999999,
            "gross_profit": 6667729,
            "gross_margin": 22.34,
            "gross_margin_4q_avg": 18.02,
            "net_income": 4660507,
            "revenue": 29840302,
            "common_shares": 36921759,
            "book_valuer_per_share": 25.71,
            "book_valuer_per_share_4q_avg": 24.47,
            "equity": 124527921,
            "current_ratio": 136.39,
            "debt_ratio": 52.48,
            "inventory_turnover_ratio": 3.04,
            "account_receivable_turnover_ratio": 1.97,
            "reinvestment_rate": 167.13,
            "research_to_sale_ratio": -0,
            "price_fair": 77.88,
            "eps_avg_yearly": 2.23,
            "eps_latest_yearly": 2.84,
            "eps_growth_yearly": 231.03
        },
        "20111": {
            "year_quarter": 20111,
            "year": 2011,
            "quarter": 1,
            "eps": 0.36,
            "eps_growth_year": 28.57,
            "eps_4q": 2.28,
            "eps_4q_growth_year": -8,
            "roe": 1.88,
            "roe_4q": 12.84,
            "gross_profit": 4537181,
            "gross_margin": 17.9,
            "gross_margin_4q_avg": 19.19,
            "net_income": 2381702,
            "revenue": 25350298,
            "common_shares": 36921759,
            "book_valuer_per_share": 27.06,
            "book_valuer_per_share_4q_avg": 25.12,
            "equity": 128728151,
            "current_ratio": 141.08,
            "debt_ratio": 50.39,
            "inventory_turnover_ratio": 2.71,
            "account_receivable_turnover_ratio": 1.53,
            "reinvestment_rate": 378.74,
            "research_to_sale_ratio": 0.05,
            "price_fair": 75.78,
            "eps_avg_yearly": 2.17,
            "eps_latest_yearly": 1.44,
            "eps_growth_yearly": 222.57
        },
        "20112": {
            "year_quarter": 20112,
            "year": 2011,
            "quarter": 2,
            "eps": 0.74,
            "eps_growth_year": 27.33,
            "eps_4q": 2.5,
            "eps_4q_growth_year": 1.45,
            "roe": 3.54,
            "roe_4q": 13.2,
            "gross_profit": 6493861,
            "gross_margin": 20.39,
            "gross_margin_4q_avg": 19.67,
            "net_income": 4507161,
            "revenue": 31843418,
            "common_shares": 36921759,
            "book_valuer_per_share": 26.29,
            "book_valuer_per_share_4q_avg": 25.96,
            "equity": 126201240,
            "current_ratio": 126.22,
            "debt_ratio": 52.04,
            "inventory_turnover_ratio": 3.08,
            "account_receivable_turnover_ratio": 1.72,
            "reinvestment_rate": 369.68,
            "research_to_sale_ratio": 0.03,
            "price_fair": 77.18,
            "eps_avg_yearly": 2.21,
            "eps_latest_yearly": 2.96,
            "eps_growth_yearly": 249.8
        },
        "20113": {
            "year_quarter": 20113,
            "year": 2011,
            "quarter": 3,
            "eps": 0.7,
            "eps_growth_year": -10.43,
            "eps_4q": 2.51,
            "eps_4q_growth_year": 3.88,
            "roe": 3.06,
            "roe_4q": 12.46,
            "gross_profit": 5472439,
            "gross_margin": 17.85,
            "gross_margin_4q_avg": 19.62,
            "net_income": 3848631,
            "revenue": 30659953,
            "common_shares": 36921759,
            "book_valuer_per_share": 25.4,
            "book_valuer_per_share_4q_avg": 26.12,
            "equity": 125190869,
            "current_ratio": 121.22,
            "debt_ratio": 52.09,
            "inventory_turnover_ratio": 2.82,
            "account_receivable_turnover_ratio": 1.54,
            "reinvestment_rate": 400.43,
            "research_to_sale_ratio": 0.04,
            "price_fair": 74.64,
            "eps_avg_yearly": 2.13,
            "eps_latest_yearly": 2.8,
            "eps_growth_yearly": 230.77
        },
        "20114": {
            "year_quarter": 20114,
            "year": 2011,
            "quarter": 4,
            "eps": 0.54,
            "eps_growth_year": -24.16,
            "eps_4q": 2.33,
            "eps_4q_growth_year": 7.33,
            "roe": 2.35,
            "roe_4q": 10.829999999999998,
            "gross_profit": 4071960,
            "gross_margin": 13.29,
            "gross_margin_4q_avg": 17.36,
            "net_income": 2990620,
            "revenue": 30642893,
            "common_shares": 36921759,
            "book_valuer_per_share": 26.21,
            "book_valuer_per_share_4q_avg": 26.24,
            "equity": 129320349,
            "current_ratio": 127.33,
            "debt_ratio": 50.62,
            "inventory_turnover_ratio": 2.65,
            "account_receivable_turnover_ratio": 1.61,
            "reinvestment_rate": 148.16,
            "research_to_sale_ratio": 0.08,
            "price_fair": 76.04,
            "eps_avg_yearly": 2.17,
            "eps_latest_yearly": 2.16,
            "eps_growth_yearly": 240.46
        },
        "20121": {
            "year_quarter": 20121,
            "year": 2012,
            "quarter": 1,
            "eps": 0.4,
            "eps_growth_year": 11.11,
            "eps_4q": 2.37,
            "eps_4q_growth_year": 4.05,
            "roe": 1.56,
            "roe_4q": 10.510000000000002,
            "gross_profit": 3328950,
            "gross_margin": 12.56,
            "gross_margin_4q_avg": 16.02,
            "net_income": 2032641,
            "revenue": 26507496,
            "common_shares": 36921759,
            "book_valuer_per_share": 26.77,
            "book_valuer_per_share_4q_avg": 26.17,
            "equity": 131463919,
            "current_ratio": 122.85,
            "debt_ratio": 49.15,
            "inventory_turnover_ratio": 2.22,
            "account_receivable_turnover_ratio": 1.49,
            "reinvestment_rate": 154.7,
            "research_to_sale_ratio": 0.03,
            "price_fair": 76.13,
            "eps_avg_yearly": 2.18,
            "eps_latest_yearly": 1.6,
            "eps_growth_yearly": 233.32
        },
        "20122": {
            "year_quarter": 20122,
            "year": 2012,
            "quarter": 2,
            "eps": 0.67,
            "eps_growth_year": -9.68,
            "eps_4q": 2.3,
            "eps_4q_growth_year": -8.02,
            "roe": 2.26,
            "roe_4q": 9.23,
            "gross_profit": 4252441,
            "gross_margin": 13.85,
            "gross_margin_4q_avg": 14.39,
            "net_income": 2876896,
            "revenue": 30693390,
            "common_shares": 36921759,
            "book_valuer_per_share": 25.13,
            "book_valuer_per_share_4q_avg": 25.88,
            "equity": 123579569,
            "current_ratio": 109.53,
            "debt_ratio": 52.69,
            "inventory_turnover_ratio": 2.62,
            "account_receivable_turnover_ratio": 1.76,
            "reinvestment_rate": 138.64,
            "research_to_sale_ratio": 0.04,
            "price_fair": 75.95,
            "eps_avg_yearly": 2.17,
            "eps_latest_yearly": 2.68,
            "eps_growth_yearly": 230.97
        },
        "20123": {
            "year_quarter": 20123,
            "year": 2012,
            "quarter": 3,
            "eps": 0.56,
            "eps_growth_year": -19.54,
            "eps_4q": 2.17,
            "eps_4q_growth_year": -13.56,
            "roe": 2.11,
            "roe_4q": 8.28,
            "gross_profit": 4159901,
            "gross_margin": 13.35,
            "gross_margin_4q_avg": 13.26,
            "net_income": 2650636,
            "revenue": 31161220,
            "common_shares": 36921759,
            "book_valuer_per_share": 26.04,
            "book_valuer_per_share_4q_avg": 26.04,
            "equity": 127124066,
            "current_ratio": 121.88,
            "debt_ratio": 50.42,
            "inventory_turnover_ratio": 2.98,
            "account_receivable_turnover_ratio": 1.72,
            "reinvestment_rate": 118.56,
            "research_to_sale_ratio": 0,
            "price_fair": 77.96,
            "eps_avg_yearly": 2.23,
            "eps_latest_yearly": 2.24,
            "eps_growth_yearly": 239.91
        },
        "20124": {
            "year_quarter": 20124,
            "year": 2012,
            "quarter": 4,
            "eps": 0.47,
            "eps_growth_year": -13.33,
            "eps_4q": 2.09,
            "eps_4q_growth_year": -10.27,
            "roe": 1.85,
            "roe_4q": 7.779999999999999,
            "gross_profit": 5967835,
            "gross_margin": 19.19,
            "gross_margin_4q_avg": 14.74,
            "net_income": 2397387,
            "revenue": 31092842,
            "common_shares": 36921759,
            "book_valuer_per_share": 27.03,
            "book_valuer_per_share_4q_avg": 26.24,
            "equity": 131743600,
            "current_ratio": 119.02,
            "debt_ratio": 49.61,
            "inventory_turnover_ratio": 2.9,
            "account_receivable_turnover_ratio": 1.63,
            "reinvestment_rate": 106.14,
            "research_to_sale_ratio": 0.04,
            "price_fair": 79.1,
            "eps_avg_yearly": 2.26,
            "eps_latest_yearly": 1.88,
            "eps_growth_yearly": 235.13
        },
        "20131": {
            "year_quarter": 20131,
            "year": 2013,
            "quarter": 1,
            "eps": 0.38,
            "eps_growth_year": -5,
            "eps_4q": 2.08,
            "eps_4q_growth_year": -12.41,
            "roe": 1.44,
            "roe_4q": 7.66,
            "gross_profit": 3123872,
            "gross_margin": 12.95,
            "gross_margin_4q_avg": 14.84,
            "net_income": 1999624,
            "revenue": 24114047,
            "common_shares": 36921759,
            "book_valuer_per_share": 29.22,
            "book_valuer_per_share_4q_avg": 26.86,
            "equity": 145365698,
            "current_ratio": 117.19,
            "debt_ratio": 46.72,
            "inventory_turnover_ratio": 2.18,
            "account_receivable_turnover_ratio": 1.27,
            "reinvestment_rate": -10.1,
            "research_to_sale_ratio": 0.05,
            "price_fair": 81.9,
            "eps_avg_yearly": 2.34,
            "eps_latest_yearly": 1.52,
            "eps_growth_yearly": 250.93
        },
        "20132": {
            "year_quarter": 20132,
            "year": 2013,
            "quarter": 2,
            "eps": 0.7,
            "eps_growth_year": 4.8,
            "eps_4q": 2.11,
            "eps_4q_growth_year": -8.27,
            "roe": 2.67,
            "roe_4q": 8.069999999999999,
            "gross_profit": 5622009,
            "gross_margin": 19.61,
            "gross_margin_4q_avg": 16.28,
            "net_income": 3802105,
            "revenue": 28670184,
            "common_shares": 36921759,
            "book_valuer_per_share": 27.56,
            "book_valuer_per_share_4q_avg": 27.46,
            "equity": 139207168,
            "current_ratio": 111.84,
            "debt_ratio": 49.13,
            "inventory_turnover_ratio": 2.28,
            "account_receivable_turnover_ratio": 1.48,
            "reinvestment_rate": -9.55,
            "research_to_sale_ratio": 0.04,
            "price_fair": 82.86,
            "eps_avg_yearly": 2.37,
            "eps_latest_yearly": 2.8,
            "eps_growth_yearly": 51.15
        },
        "20133": {
            "year_quarter": 20133,
            "year": 2013,
            "quarter": 3,
            "eps": 0.97,
            "eps_growth_year": 73.17,
            "eps_4q": 2.53,
            "eps_4q_growth_year": 16.56,
            "roe": 3.76,
            "roe_4q": 9.719999999999999,
            "gross_profit": 7054489,
            "gross_margin": 23.43,
            "gross_margin_4q_avg": 18.8,
            "net_income": 5344662,
            "revenue": 30106839,
            "common_shares": 36921759,
            "book_valuer_per_share": 28.88,
            "book_valuer_per_share_4q_avg": 28.17,
            "equity": 145196356,
            "current_ratio": 104.72,
            "debt_ratio": 46.62,
            "inventory_turnover_ratio": 2.34,
            "account_receivable_turnover_ratio": 1.39,
            "reinvestment_rate": -10.65,
            "research_to_sale_ratio": 0.03,
            "price_fair": 84.09,
            "eps_avg_yearly": 2.4,
            "eps_latest_yearly": 3.88,
            "eps_growth_yearly": 50.63
        },
        "20134": {
            "year_quarter": 20134,
            "year": 2013,
            "quarter": 4,
            "eps": 0.66,
            "eps_growth_year": 40.43,
            "eps_4q": 2.72,
            "eps_4q_growth_year": 29.63,
            "roe": 2.66,
            "roe_4q": 10.53,
            "gross_profit": 7022627,
            "gross_margin": 21.15,
            "gross_margin_4q_avg": 19.29,
            "net_income": 3972292,
            "revenue": 33207877,
            "common_shares": 36921759,
            "book_valuer_per_share": 30.63,
            "book_valuer_per_share_4q_avg": 29.07,
            "equity": 153618577,
            "current_ratio": 124.7,
            "debt_ratio": 45.66,
            "inventory_turnover_ratio": 2.76,
            "account_receivable_turnover_ratio": 1.36,
            "reinvestment_rate": -52.26,
            "research_to_sale_ratio": 0.03,
            "price_fair": 83.13,
            "eps_avg_yearly": 2.38,
            "eps_latest_yearly": 2.64,
            "eps_growth_yearly": 44.44
        },
        "20141": {
            "year_quarter": 20141,
            "year": 2014,
            "quarter": 1,
            "eps": 0.5,
            "eps_growth_year": 31.58,
            "eps_4q": 2.83,
            "eps_4q_growth_year": 36.03,
            "roe": 1.79,
            "roe_4q": 10.88,
            "gross_profit": 4864134,
            "gross_margin": 18.21,
            "gross_margin_4q_avg": 20.6,
            "net_income": 2791235,
            "revenue": 26716227,
            "common_shares": 36921759,
            "book_valuer_per_share": 31.71,
            "book_valuer_per_share_4q_avg": 29.7,
            "equity": 158255100,
            "current_ratio": 123.84,
            "debt_ratio": 44.62,
            "inventory_turnover_ratio": 2.19,
            "account_receivable_turnover_ratio": 1.11,
            "reinvestment_rate": -52.5,
            "research_to_sale_ratio": 0.04,
            "price_fair": 85.05,
            "eps_avg_yearly": 2.43,
            "eps_latest_yearly": 2,
            "eps_growth_yearly": 54.29
        },
        "20142": {
            "year_quarter": 20142,
            "year": 2014,
            "quarter": 2,
            "eps": 0.86,
            "eps_growth_year": 22.86,
            "eps_4q": 2.99,
            "eps_4q_growth_year": 41.73,
            "roe": 3.16,
            "roe_4q": 11.370000000000001,
            "gross_profit": 7141240,
            "gross_margin": 22.4,
            "gross_margin_4q_avg": 21.3,
            "net_income": 4828695,
            "revenue": 31873459,
            "common_shares": 36921759,
            "book_valuer_per_share": 29.22,
            "book_valuer_per_share_4q_avg": 30.11,
            "equity": 147496365,
            "current_ratio": 109.82,
            "debt_ratio": 47.44,
            "inventory_turnover_ratio": 2.38,
            "account_receivable_turnover_ratio": 1.34,
            "reinvestment_rate": -88.7,
            "research_to_sale_ratio": 0.03,
            "price_fair": 87.5,
            "eps_avg_yearly": 2.5,
            "eps_latest_yearly": 3.44,
            "eps_growth_yearly": 45.51
        },
        "20143": {
            "year_quarter": 20143,
            "year": 2014,
            "quarter": 3,
            "eps": 0.87,
            "eps_growth_year": -10.31,
            "eps_4q": 2.89,
            "eps_4q_growth_year": 14.49,
            "roe": 3.28,
            "roe_4q": 10.89,
            "gross_profit": 6673815,
            "gross_margin": 22.18,
            "gross_margin_4q_avg": 20.99,
            "net_income": 4934486,
            "revenue": 30094955,
            "common_shares": 36921759,
            "book_valuer_per_share": 30.2,
            "book_valuer_per_share_4q_avg": 30.44,
            "equity": 153411035,
            "current_ratio": 113.37,
            "debt_ratio": 45.72,
            "inventory_turnover_ratio": 2.31,
            "account_receivable_turnover_ratio": 1.16,
            "reinvestment_rate": -80.98,
            "research_to_sale_ratio": 0.03,
            "price_fair": 88.29,
            "eps_avg_yearly": 2.52,
            "eps_latest_yearly": 3.48,
            "eps_growth_yearly": 37.18
        },
        "20144": {
            "year_quarter": 20144,
            "year": 2014,
            "quarter": 4,
            "eps": 0.7,
            "eps_growth_year": 6.22,
            "eps_4q": 2.93,
            "eps_4q_growth_year": 8,
            "roe": 2.55,
            "roe_4q": 10.780000000000001,
            "gross_profit": 6193406,
            "gross_margin": 20.89,
            "gross_margin_4q_avg": 20.92,
            "net_income": 4029460,
            "revenue": 29641168,
            "common_shares": 36921759,
            "book_valuer_per_share": 31.95,
            "book_valuer_per_share_4q_avg": 30.77,
            "equity": 162017681,
            "current_ratio": 140.76,
            "debt_ratio": 44.66,
            "inventory_turnover_ratio": 2.27,
            "account_receivable_turnover_ratio": 1.1,
            "reinvestment_rate": -80.22,
            "research_to_sale_ratio": 0.03,
            "price_fair": 88.2,
            "eps_avg_yearly": 2.52,
            "eps_latest_yearly": 2.8,
            "eps_growth_yearly": 34.53
        },
        "20151": {
            "year_quarter": 20151,
            "year": 2015,
            "quarter": 1,
            "eps": 0.22,
            "eps_growth_year": -56,
            "eps_4q": 2.66,
            "eps_4q_growth_year": -6.15,
            "roe": 0.6,
            "roe_4q": 9.59,
            "gross_profit": 2861008,
            "gross_margin": 13.34,
            "gross_margin_4q_avg": 19.7,
            "net_income": 974518,
            "revenue": 21440142,
            "common_shares": 36921759,
            "book_valuer_per_share": 32.04,
            "book_valuer_per_share_4q_avg": 30.85,
            "equity": 162219457,
            "current_ratio": 132.9,
            "debt_ratio": 44.02,
            "inventory_turnover_ratio": 1.82,
            "account_receivable_turnover_ratio": 0.89,
            "reinvestment_rate": -75.92,
            "research_to_sale_ratio": 0.03,
            "price_fair": 86.98,
            "eps_avg_yearly": 2.49,
            "eps_latest_yearly": 0.88,
            "eps_growth_yearly": 29.72
        },
        "20152": {
            "year_quarter": 20152,
            "year": 2015,
            "quarter": 2,
            "eps": 0.61,
            "eps_growth_year": -29.07,
            "eps_4q": 2.4,
            "eps_4q_growth_year": -19.93,
            "roe": 1.74,
            "roe_4q": 8.17,
            "gross_profit": 3917413,
            "gross_margin": 15.67,
            "gross_margin_4q_avg": 18.02,
            "net_income": 2727845,
            "revenue": 24994185,
            "common_shares": 36921759,
            "book_valuer_per_share": 29.69,
            "book_valuer_per_share_4q_avg": 30.97,
            "equity": 150965857,
            "current_ratio": 121.14,
            "debt_ratio": 49.66,
            "inventory_turnover_ratio": 2.13,
            "account_receivable_turnover_ratio": 1.16,
            "reinvestment_rate": -62.02,
            "research_to_sale_ratio": 0.02,
            "price_fair": 85.84,
            "eps_avg_yearly": 2.45,
            "eps_latest_yearly": 2.44,
            "eps_growth_yearly": 47.64
        },
        "20153": {
            "year_quarter": 20153,
            "year": 2015,
            "quarter": 3,
            "eps": 0.26,
            "eps_growth_year": -70.11,
            "eps_4q": 1.78,
            "eps_4q_growth_year": -38.33,
            "roe": 0.64,
            "roe_4q": 5.529999999999999,
            "gross_profit": 3305935,
            "gross_margin": 14.57,
            "gross_margin_4q_avg": 16.12,
            "net_income": 989427,
            "revenue": 22683975,
            "common_shares": 36921759,
            "book_valuer_per_share": 29.65,
            "book_valuer_per_share_4q_avg": 30.83,
            "equity": 157639379,
            "current_ratio": 128.28,
            "debt_ratio": 46.88,
            "inventory_turnover_ratio": 2.04,
            "account_receivable_turnover_ratio": 1.1,
            "reinvestment_rate": -83.23,
            "research_to_sale_ratio": 0.05,
            "price_fair": 81.99,
            "eps_avg_yearly": 2.34,
            "eps_latest_yearly": 1.04,
            "eps_growth_yearly": 34.65
        },
        "20154": {
            "year_quarter": 20154,
            "year": 2015,
            "quarter": 4,
            "eps": 0.48,
            "eps_growth_year": -31.3,
            "eps_4q": 1.56,
            "eps_4q_growth_year": -46.66,
            "roe": 1.43,
            "roe_4q": 4.409999999999999,
            "gross_profit": 4443661,
            "gross_margin": 18.09,
            "gross_margin_4q_avg": 15.42,
            "net_income": 2233836,
            "revenue": 24560774,
            "common_shares": 36921759,
            "book_valuer_per_share": 29.26,
            "book_valuer_per_share_4q_avg": 30.16,
            "equity": 155484252,
            "current_ratio": 133.06,
            "debt_ratio": 46.95,
            "inventory_turnover_ratio": 2.21,
            "account_receivable_turnover_ratio": 1.23,
            "reinvestment_rate": -100.68,
            "research_to_sale_ratio": -0.06,
            "price_fair": 81.46,
            "eps_avg_yearly": 2.33,
            "eps_latest_yearly": 1.92,
            "eps_growth_yearly": 61.52
        },
        "20161": {
            "year_quarter": 20161,
            "year": 2016,
            "quarter": 1,
            "eps": 0.06,
            "eps_growth_year": -72.73,
            "eps_4q": 1.41,
            "eps_4q_growth_year": -47.08,
            "roe": 0.06,
            "roe_4q": 3.87,
            "gross_profit": 1585609,
            "gross_margin": 8.95,
            "gross_margin_4q_avg": 14.32,
            "net_income": 94527,
            "revenue": 17724112,
            "common_shares": 36921759,
            "book_valuer_per_share": 29.17,
            "book_valuer_per_share_4q_avg": 29.44,
            "equity": 154750268,
            "current_ratio": 121.08,
            "debt_ratio": 44.5,
            "inventory_turnover_ratio": 1.85,
            "account_receivable_turnover_ratio": 1,
            "reinvestment_rate": -115.68,
            "research_to_sale_ratio": 0.03,
            "price_fair": 78.49,
            "eps_avg_yearly": 2.24,
            "eps_latest_yearly": 0.24,
            "eps_growth_yearly": 46.13
        },
        "20162": {
            "year_quarter": 20162,
            "year": 2016,
            "quarter": 2,
            "eps": 0.54,
            "eps_growth_year": -11.48,
            "eps_4q": 1.34,
            "eps_4q_growth_year": -44.09,
            "roe": 1.8,
            "roe_4q": 3.93,
            "gross_profit": 5061284,
            "gross_margin": 22.06,
            "gross_margin_4q_avg": 15.92,
            "net_income": 2708932,
            "revenue": 22942147,
            "common_shares": 36921759,
            "book_valuer_per_share": 27.72,
            "book_valuer_per_share_4q_avg": 28.95,
            "equity": 146772743,
            "current_ratio": 123.71,
            "debt_ratio": 45.39,
            "inventory_turnover_ratio": 2.13,
            "account_receivable_turnover_ratio": 1.42,
            "reinvestment_rate": -125.93,
            "research_to_sale_ratio": 0.02,
            "price_fair": 77.35,
            "eps_avg_yearly": 2.21,
            "eps_latest_yearly": 2.16,
            "eps_growth_yearly": 229.25
        },
        "20163": {
            "year_quarter": 20163,
            "year": 2016,
            "quarter": 3,
            "eps": 0.63,
            "eps_growth_year": 142.31,
            "eps_4q": 1.71,
            "eps_4q_growth_year": -4,
            "roe": 2.25,
            "roe_4q": 5.539999999999999,
            "gross_profit": 4959248,
            "gross_margin": 22.19,
            "gross_margin_4q_avg": 17.82,
            "net_income": 3283221,
            "revenue": 22350039,
            "common_shares": 36921759,
            "book_valuer_per_share": 28.49,
            "book_valuer_per_share_4q_avg": 28.66,
            "equity": 145457904,
            "current_ratio": 119.67,
            "debt_ratio": 45.13,
            "inventory_turnover_ratio": 2.1,
            "account_receivable_turnover_ratio": 1.31,
            "reinvestment_rate": -129.58,
            "research_to_sale_ratio": 0.03,
            "price_fair": 77.96,
            "eps_avg_yearly": 2.23,
            "eps_latest_yearly": 2.52,
            "eps_growth_yearly": 237.52
        },
        "20164": {
            "year_quarter": 20164,
            "year": 2016,
            "quarter": 4,
            "eps": 0.49,
            "eps_growth_year": 2.09,
            "eps_4q": 1.72,
            "eps_4q_growth_year": 10.08,
            "roe": 1.88,
            "roe_4q": 5.989999999999999,
            "gross_profit": 6374863,
            "gross_margin": 24.01,
            "gross_margin_4q_avg": 19.3,
            "net_income": 2755395,
            "revenue": 26548008,
            "common_shares": 36921759,
            "book_valuer_per_share": 28.92,
            "book_valuer_per_share_4q_avg": 28.58,
            "equity": 147396671,
            "current_ratio": 141.34,
            "debt_ratio": 44.79,
            "inventory_turnover_ratio": 2.36,
            "account_receivable_turnover_ratio": 1.44,
            "reinvestment_rate": -138.06,
            "research_to_sale_ratio": 0.02,
            "price_fair": 78.14,
            "eps_avg_yearly": 2.23,
            "eps_latest_yearly": 1.96,
            "eps_growth_yearly": 235.98
        },
        "20171": {
            "year_quarter": 20171,
            "year": 2017,
            "quarter": 1,
            "eps": 0.23,
            "eps_growth_year": 283.33,
            "eps_4q": 1.89,
            "eps_4q_growth_year": 34.34,
            "roe": 0.79,
            "roe_4q": 6.72,
            "gross_profit": 2998730,
            "gross_margin": 14.16,
            "gross_margin_4q_avg": 20.61,
            "net_income": 1163708,
            "revenue": 21179771,
            "common_shares": 36921759,
            "book_valuer_per_share": 29.19,
            "book_valuer_per_share_4q_avg": 28.58,
            "equity": 147548321,
            "current_ratio": 137.38,
            "debt_ratio": 43.15,
            "inventory_turnover_ratio": 2.08,
            "account_receivable_turnover_ratio": 1.07,
            "reinvestment_rate": -44.66,
            "research_to_sale_ratio": 0.04,
            "price_fair": 76.83,
            "eps_avg_yearly": 2.2,
            "eps_latest_yearly": 0.92,
            "eps_growth_yearly": 227.51
        },
        "20172": {
            "year_quarter": 20172,
            "year": 2017,
            "quarter": 2,
            "eps": 0.58,
            "eps_growth_year": 7.41,
            "eps_4q": 1.93,
            "eps_4q_growth_year": 43.79,
            "roe": 2.1,
            "roe_4q": 7.02,
            "gross_profit": 5268030,
            "gross_margin": 21.32,
            "gross_margin_4q_avg": 20.42,
            "net_income": 3070783,
            "revenue": 24714080,
            "common_shares": 36921759,
            "book_valuer_per_share": 28.76,
            "book_valuer_per_share_4q_avg": 28.84,
            "equity": 145365403,
            "current_ratio": 124.27,
            "debt_ratio": 44.55,
            "inventory_turnover_ratio": 2.16,
            "account_receivable_turnover_ratio": 1.23,
            "reinvestment_rate": -45.15,
            "research_to_sale_ratio": 0.03,
            "price_fair": 75.78,
            "eps_avg_yearly": 2.17,
            "eps_latest_yearly": 2.32,
            "eps_growth_yearly": 244.5
        },
        "20173": {
            "year_quarter": 20173,
            "year": 2017,
            "quarter": 3,
            "eps": 0.53,
            "eps_growth_year": -15.87,
            "eps_4q": 1.83,
            "eps_4q_growth_year": 6.96,
            "roe": 1.8,
            "roe_4q": 6.57,
            "gross_profit": 4257243,
            "gross_margin": 18.46,
            "gross_margin_4q_avg": 19.49,
            "net_income": 2687050,
            "revenue": 23058257,
            "common_shares": 36921759,
            "book_valuer_per_share": 30.39,
            "book_valuer_per_share_4q_avg": 29.32,
            "equity": 152966569,
            "current_ratio": 130.72,
            "debt_ratio": 43.23,
            "inventory_turnover_ratio": 1.99,
            "account_receivable_turnover_ratio": 1.06,
            "reinvestment_rate": -40.68,
            "research_to_sale_ratio": 0.03,
            "price_fair": 71.93,
            "eps_avg_yearly": 2.06,
            "eps_latest_yearly": 2.12,
            "eps_growth_yearly": 232.7
        },
        "20174": {
            "year_quarter": 20174,
            "year": 2017,
            "quarter": 4,
            "eps": 0.62,
            "eps_growth_year": 26.91,
            "eps_4q": 1.79,
            "eps_4q_growth_year": 3.84,
            "roe": 2.23,
            "roe_4q": 6.920000000000001,
            "gross_profit": 6388911,
            "gross_margin": 21.76,
            "gross_margin_4q_avg": 18.93,
            "net_income": 3401259,
            "revenue": 29359668,
            "common_shares": 42465090,
            "book_valuer_per_share": 32.11,
            "book_valuer_per_share_4q_avg": 30.11,
            "equity": 152647216,
            "current_ratio": 142.22,
            "debt_ratio": 43.99,
            "inventory_turnover_ratio": 2.57,
            "account_receivable_turnover_ratio": 1.17,
            "reinvestment_rate": -51.83,
            "research_to_sale_ratio": 0.03,
            "price_fair": 71.58,
            "eps_avg_yearly": 2.05,
            "eps_latest_yearly": 2.48,
            "eps_growth_yearly": 244.93
        },
        "20181": {
            "year_quarter": 20181,
            "year": 2018,
            "quarter": 1,
            "eps": 0.69,
            "eps_growth_year": 200,
            "eps_4q": 2.29,
            "eps_4q_growth_year": 21.27,
            "roe": 1.8,
            "roe_4q": 7.93,
            "gross_profit": 5790640,
            "gross_margin": 23.95,
            "gross_margin_4q_avg": 21.37,
            "net_income": 2865370,
            "revenue": 24179214,
            "common_shares": 42465090,
            "book_valuer_per_share": 35.26,
            "book_valuer_per_share_4q_avg": 31.63,
            "equity": 165761870,
            "current_ratio": 141.05,
            "debt_ratio": 41.45,
            "inventory_turnover_ratio": 2.09,
            "account_receivable_turnover_ratio": 0.87,
            "reinvestment_rate": -54.7,
            "research_to_sale_ratio": 0.03,
            "price_fair": 73.24,
            "eps_avg_yearly": 2.09,
            "eps_latest_yearly": 2.76,
            "eps_growth_yearly": 253.82
        },
        "20182": {
            "year_quarter": 20182,
            "year": 2018,
            "quarter": 2,
            "eps": 1.51,
            "eps_growth_year": 160.34,
            "eps_4q": 3.13,
            "eps_4q_growth_year": 62.65,
            "roe": 4.65,
            "roe_4q": 10.48,
            "gross_profit": 10268716,
            "gross_margin": 30.82,
            "gross_margin_4q_avg": 23.75,
            "net_income": 7710935,
            "revenue": 33321032,
            "common_shares": 42465090,
            "book_valuer_per_share": 35.67,
            "book_valuer_per_share_4q_avg": 33.36,
            "equity": 166217142,
            "current_ratio": 153.39,
            "debt_ratio": 46.36,
            "inventory_turnover_ratio": 2.54,
            "account_receivable_turnover_ratio": 1.09,
            "reinvestment_rate": -46.63,
            "research_to_sale_ratio": 0.02,
            "price_fair": 78.93,
            "eps_avg_yearly": 2.26,
            "eps_latest_yearly": 6.04,
            "eps_growth_yearly": 265.53
        },
        "20183": {
            "year_quarter": 20183,
            "year": 2018,
            "quarter": 3,
            "eps": 1.2,
            "eps_growth_year": 126.42,
            "eps_4q": 3.64,
            "eps_4q_growth_year": 98.96,
            "roe": 3.67,
            "roe_4q": 12.350000000000001,
            "gross_profit": 8605218,
            "gross_margin": 26.76,
            "gross_margin_4q_avg": 25.82,
            "net_income": 6458651,
            "revenue": 32157108,
            "common_shares": 51080599,
            "book_valuer_per_share": 33.34,
            "book_valuer_per_share_4q_avg": 34.1,
            "equity": 185651325,
            "current_ratio": 163.7,
            "debt_ratio": 39.8,
            "inventory_turnover_ratio": 2.63,
            "account_receivable_turnover_ratio": 0.95,
            "reinvestment_rate": -52.65,
            "research_to_sale_ratio": 0.03,
            "price_fair": 81.81,
            "eps_avg_yearly": 2.34,
            "eps_latest_yearly": 4.8,
            "eps_growth_yearly": 260.1
        },
        "20184": {
            "year_quarter": 20184,
            "year": 2018,
            "quarter": 4,
            "eps": 0.99,
            "eps_growth_year": 58.38,
            "eps_4q": 3.99,
            "eps_4q_growth_year": 123.13,
            "roe": 2.93,
            "roe_4q": 13.05,
            "gross_profit": 8926965,
            "gross_margin": 25.55,
            "gross_margin_4q_avg": 26.77,
            "net_income": 5609115,
            "revenue": 34937248,
            "common_shares": 53080599,
            "book_valuer_per_share": 34.2,
            "book_valuer_per_share_4q_avg": 34.62,
            "equity": 197379456,
            "current_ratio": 171.12,
            "debt_ratio": 42.64,
            "inventory_turnover_ratio": 2.82,
            "account_receivable_turnover_ratio": 0.95,
            "reinvestment_rate": 38.27,
            "research_to_sale_ratio": -0,
            "price_fair": 84.35,
            "eps_avg_yearly": 2.41,
            "eps_latest_yearly": 3.96,
            "eps_growth_yearly": 260.61
        },
        "20191": {
            "year_quarter": 20191,
            "year": 2019,
            "quarter": 1,
            "eps": 0.77,
            "eps_growth_year": 11.59,
            "eps_4q": 4.34,
            "eps_4q_growth_year": 89.75,
            "roe": 2.08,
            "roe_4q": 13.33,
            "gross_profit": 6487864,
            "gross_margin": 25.59,
            "gross_margin_4q_avg": 27.18,
            "net_income": 4229970,
            "revenue": 25356328,
            "common_shares": 51080599,
            "book_valuer_per_share": 36.57,
            "book_valuer_per_share_4q_avg": 34.95,
            "equity": 210155961,
            "current_ratio": 156.96,
            "debt_ratio": 42.51,
            "inventory_turnover_ratio": 1.93,
            "account_receivable_turnover_ratio": 0.68,
            "reinvestment_rate": 33.86,
            "research_to_sale_ratio": 0.04,
            "price_fair": 89.16,
            "eps_avg_yearly": 2.55,
            "eps_latest_yearly": 3.08,
            "eps_growth_yearly": 272.2
        },
        "20192": {
            "year_quarter": 20192,
            "year": 2019,
            "quarter": 2,
            "eps": 1.41,
            "eps_growth_year": -6.62,
            "eps_4q": 4.1,
            "eps_4q_growth_year": 30.65,
            "roe": 3.74,
            "roe_4q": 12.42,
            "gross_profit": 9323452,
            "gross_margin": 29.72,
            "gross_margin_4q_avg": 26.91,
            "net_income": 7630816,
            "revenue": 31367158,
            "common_shares": 51080599,
            "book_valuer_per_share": 34.71,
            "book_valuer_per_share_4q_avg": 34.71,
            "equity": 198260125,
            "current_ratio": 151.12,
            "debt_ratio": 46.87,
            "inventory_turnover_ratio": 2.29,
            "account_receivable_turnover_ratio": 0.88,
            "reinvestment_rate": 19.44,
            "research_to_sale_ratio": 0.03,
            "price_fair": 96.16,
            "eps_avg_yearly": 2.75,
            "eps_latest_yearly": 5.64,
            "eps_growth_yearly": 248.66
        },
        "20193": {
            "year_quarter": 20193,
            "year": 2019,
            "quarter": 3,
            "eps": 1.2,
            "eps_growth_year": 0,
            "eps_4q": 4.21,
            "eps_4q_growth_year": 15.45,
            "roe": 3.55,
            "roe_4q": 12.3,
            "gross_profit": 9719339,
            "gross_margin": 31.52,
            "gross_margin_4q_avg": 28.1,
            "net_income": 7044410,
            "revenue": 30838392,
            "common_shares": 54656192,
            "book_valuer_per_share": 32.47,
            "book_valuer_per_share_4q_avg": 34.49,
            "equity": 198399912,
            "current_ratio": 162.23,
            "debt_ratio": 44.65,
            "inventory_turnover_ratio": 2.26,
            "account_receivable_turnover_ratio": 0.83,
            "reinvestment_rate": 15.97,
            "research_to_sale_ratio": 0.03,
            "price_fair": 104.39,
            "eps_avg_yearly": 2.98,
            "eps_latest_yearly": 4.8,
            "eps_growth_yearly": 259.28
        },
        "20194": {
            "year_quarter": 20194,
            "year": 2019,
            "quarter": 4,
            "eps": 1.19,
            "eps_growth_year": 20.55,
            "eps_4q": 4.44,
            "eps_4q_growth_year": 11.17,
            "roe": 3.22,
            "roe_4q": 12.59,
            "gross_profit": 10379600,
            "gross_margin": 29.47,
            "gross_margin_4q_avg": 29.08,
            "net_income": 6549894,
            "revenue": 35221136,
            "common_shares": 54656192,
            "book_valuer_per_share": 34.23,
            "book_valuer_per_share_4q_avg": 34.5,
            "equity": 208461867,
            "current_ratio": 177.58,
            "debt_ratio": 43.27,
            "inventory_turnover_ratio": 2.81,
            "account_receivable_turnover_ratio": 0.89,
            "reinvestment_rate": 19.17,
            "research_to_sale_ratio": 0.03,
            "price_fair": 110.6,
            "eps_avg_yearly": 3.16,
            "eps_latest_yearly": 4.76,
            "eps_growth_yearly": 237.92
        },
        "20201": {
            "year_quarter": 20201,
            "year": 2020,
            "quarter": 1,
            "eps": 0.55,
            "eps_growth_year": -28.57,
            "eps_4q": 4.11,
            "eps_4q_growth_year": -5.36,
            "roe": 1.67,
            "roe_4q": 12.180000000000001,
            "gross_profit": 5780711,
            "gross_margin": 26.3,
            "gross_margin_4q_avg": 29.25,
            "net_income": 3481119,
            "revenue": 21976200,
            "common_shares": 56656192,
            "book_valuer_per_share": 33.97,
            "book_valuer_per_share_4q_avg": 33.85,
            "equity": 207338123,
            "current_ratio": 152.84,
            "debt_ratio": 42.28,
            "inventory_turnover_ratio": 1.95,
            "account_receivable_turnover_ratio": 0.61,
            "reinvestment_rate": 19.99,
            "research_to_sale_ratio": 0.02,
            "price_fair": 114.89,
            "eps_avg_yearly": 3.28,
            "eps_latest_yearly": 2.2,
            "eps_growth_yearly": 246.35
        },
        "20202": {
            "year_quarter": 20202,
            "year": 2020,
            "quarter": 2,
            "eps": 1.39,
            "eps_growth_year": -1.42,
            "eps_4q": 4.18,
            "eps_4q_growth_year": 2.17,
            "roe": 4.28,
            "roe_4q": 12.719999999999999,
            "gross_profit": 10879568,
            "gross_margin": 35.71,
            "gross_margin_4q_avg": 30.75,
            "net_income": 8644566,
            "revenue": 30463627,
            "common_shares": 54656192,
            "book_valuer_per_share": 32.38,
            "book_valuer_per_share_4q_avg": 33.26,
            "equity": 196461234,
            "current_ratio": 146.19,
            "debt_ratio": 48.9,
            "inventory_turnover_ratio": 2.35,
            "account_receivable_turnover_ratio": 0.96,
            "reinvestment_rate": 22.18,
            "research_to_sale_ratio": 0.03,
            "price_fair": 122.33,
            "eps_avg_yearly": 3.5,
            "eps_latest_yearly": 5.56,
            "eps_growth_yearly": 84.53
        },
        "20203": {
            "year_quarter": 20203,
            "year": 2020,
            "quarter": 3,
            "eps": 1.3,
            "eps_growth_year": 8.33,
            "eps_4q": 4.35,
            "eps_4q_growth_year": 3.31,
            "roe": 4.25,
            "roe_4q": 13.420000000000002,
            "gross_profit": 10553707,
            "gross_margin": 35.4,
            "gross_margin_4q_avg": 31.72,
            "net_income": 8580617,
            "revenue": 29808661,
            "common_shares": 57414007,
            "book_valuer_per_share": 32.61,
            "book_valuer_per_share_4q_avg": 33.3,
            "equity": 207573597,
            "current_ratio": 162.76,
            "debt_ratio": 45.29,
            "inventory_turnover_ratio": 2.32,
            "account_receivable_turnover_ratio": 0.85,
            "reinvestment_rate": 28.21,
            "research_to_sale_ratio": 0.03,
            "price_fair": 128.19,
            "eps_avg_yearly": 3.66,
            "eps_latest_yearly": 5.2,
            "eps_growth_yearly": 78.75
        },
        "20204": {
            "year_quarter": 20204,
            "year": 2020,
            "quarter": 4,
            "eps": 1.15,
            "eps_growth_year": -2.98,
            "eps_4q": 4.33,
            "eps_4q_growth_year": -2.43,
            "roe": 3.42,
            "roe_4q": 13.62,
            "gross_profit": 10373594,
            "gross_margin": 32.3,
            "gross_margin_4q_avg": 32.43,
            "net_income": 7285091,
            "revenue": 32118759,
            "common_shares": 57414007,
            "book_valuer_per_share": 34.41,
            "book_valuer_per_share_4q_avg": 33.34,
            "equity": 218830053,
            "current_ratio": 172.4,
            "debt_ratio": 43.82,
            "inventory_turnover_ratio": 2.65,
            "account_receivable_turnover_ratio": 0.82,
            "reinvestment_rate": 36.14,
            "research_to_sale_ratio": 0.03,
            "price_fair": 133.96,
            "eps_avg_yearly": 3.83,
            "eps_latest_yearly": 4.6,
            "eps_growth_yearly": 81.42
        },
        "20211": {
            "year_quarter": 20211,
            "year": 2021,
            "quarter": 1,
            "eps": 0.57,
            "eps_growth_year": 3.64,
            "eps_4q": 4.27,
            "eps_4q_growth_year": 3.99,
            "roe": 1.68,
            "roe_4q": 13.629999999999999,
            "gross_profit": 5524840,
            "gross_margin": 25.07,
            "gross_margin_4q_avg": 32.12,
            "net_income": 3730237,
            "revenue": 22037652,
            "common_shares": 58956456,
            "book_valuer_per_share": 34.63,
            "book_valuer_per_share_4q_avg": 33.51,
            "equity": 225630014,
            "current_ratio": 175.09,
            "debt_ratio": 42.16,
            "inventory_turnover_ratio": 2.1,
            "account_receivable_turnover_ratio": 0.61,
            "reinvestment_rate": 33.09,
            "research_to_sale_ratio": null,
            "price_fair": 136.94,
            "eps_avg_yearly": 3.91,
            "eps_latest_yearly": 2.28,
            "eps_growth_yearly": 82.08
        },
        "20212": {
            "year_quarter": 20212,
            "year": 2021,
            "quarter": 2,
            "eps": 1.24,
            "eps_growth_year": -10.79,
            "eps_4q": 4.09,
            "eps_4q_growth_year": -2.22,
            "roe": 3.63,
            "roe_4q": 12.98,
            "gross_profit": 8608836,
            "gross_margin": 30.76,
            "gross_margin_4q_avg": 30.88,
            "net_income": 8272940,
            "revenue": 27985712,
            "common_shares": 59574403,
            "book_valuer_per_share": 35.28,
            "book_valuer_per_share_4q_avg": 34.23,
            "equity": 230528578,
            "current_ratio": 187.77,
            "debt_ratio": 40.56,
            "inventory_turnover_ratio": 2.3,
            "account_receivable_turnover_ratio": 0.85,
            "reinvestment_rate": 32.53,
            "research_to_sale_ratio": null,
            "price_fair": 142.71,
            "eps_avg_yearly": 4.08,
            "eps_latest_yearly": 4.96,
            "eps_growth_yearly": 73.42
        },
        "20213": {
            "year_quarter": 20213,
            "year": 2021,
            "quarter": 3,
            "eps": 0.59,
            "eps_growth_year": -54.62,
            "eps_4q": 3.52,
            "eps_4q_growth_year": -18.98,
            "roe": 1.88,
            "roe_4q": 10.61,
            "gross_profit": 5175796,
            "gross_margin": 19.25,
            "gross_margin_4q_avg": 26.85,
            "net_income": 4236884,
            "revenue": 26881432,
            "common_shares": 61235800,
            "book_valuer_per_share": 31.94,
            "book_valuer_per_share_4q_avg": 34.07,
            "equity": 220920689,
            "current_ratio": 184.07,
            "debt_ratio": 44.96,
            "inventory_turnover_ratio": 2.14,
            "account_receivable_turnover_ratio": 0.78,
            "reinvestment_rate": 35.92,
            "research_to_sale_ratio": 0.22,
            "price_fair": 143.24,
            "eps_avg_yearly": 4.09,
            "eps_latest_yearly": 2.36,
            "eps_growth_yearly": 62.47
        },
        "20214": {
            "year_quarter": 20214,
            "year": 2021,
            "quarter": 4,
            "eps": 0.89,
            "eps_growth_year": -23.21,
            "eps_4q": 3.31,
            "eps_4q_growth_year": -23.48,
            "roe": 2.22,
            "roe_4q": 9.41,
            "gross_profit": 7340627,
            "gross_margin": 24.36,
            "gross_margin_4q_avg": 24.86,
            "net_income": 4961195,
            "revenue": 30136656,
            "common_shares": 61252340,
            "book_valuer_per_share": 32.37,
            "book_valuer_per_share_4q_avg": 33.56,
            "equity": 225654673,
            "current_ratio": 190.95,
            "debt_ratio": 48.91,
            "inventory_turnover_ratio": 1.85,
            "account_receivable_turnover_ratio": 0.83,
            "reinvestment_rate": 42.19,
            "research_to_sale_ratio": 0.99,
            "price_fair": 145.6,
            "eps_avg_yearly": 4.16,
            "eps_latest_yearly": 3.56,
            "eps_growth_yearly": 70.93
        },
        "20221": {
            "year_quarter": 20221,
            "year": 2022,
            "quarter": 1,
            "eps": 0.2,
            "eps_growth_year": -64.91,
            "eps_4q": 2.97,
            "eps_4q_growth_year": -30.62,
            "roe": 0.37,
            "roe_4q": 8.100000000000001,
            "gross_profit": 1996361,
            "gross_margin": 8.69,
            "gross_margin_4q_avg": 20.77,
            "net_income": 856506,
            "revenue": 22973461,
            "common_shares": 61252340,
            "book_valuer_per_share": 34.01,
            "book_valuer_per_share_4q_avg": 33.4,
            "equity": 235757755,
            "current_ratio": 165.09,
            "debt_ratio": 47.94,
            "inventory_turnover_ratio": 1.56,
            "account_receivable_turnover_ratio": 0.66,
            "reinvestment_rate": 53.44,
            "research_to_sale_ratio": 0.6,
            "price_fair": 141.31,
            "eps_avg_yearly": 4.04,
            "eps_latest_yearly": 0.8,
            "eps_growth_yearly": 48.73
        },
        "20222": {
            "year_quarter": 20222,
            "year": 2022,
            "quarter": 2,
            "eps": -0.02,
            "eps_growth_year": -101.61,
            "eps_4q": 1.56,
            "eps_4q_growth_year": -61.88,
            "roe": -0.41,
            "roe_4q": 4.0600000000000005,
            "gross_profit": 110298,
            "gross_margin": 0.44,
            "gross_margin_4q_avg": 13.19,
            "net_income": -940715,
            "revenue": 25177833,
            "common_shares": 63252340,
            "book_valuer_per_share": 31.71,
            "book_valuer_per_share_4q_avg": 32.51,
            "equity": 218958931,
            "current_ratio": 209.78,
            "debt_ratio": 51.59,
            "inventory_turnover_ratio": 1.57,
            "account_receivable_turnover_ratio": 0.8,
            "reinvestment_rate": 63.22,
            "research_to_sale_ratio": 0.53,
            "price_fair": 118.24,
            "eps_avg_yearly": 3.9,
            "eps_latest_yearly": 0.8,
            "eps_growth_yearly": 20.29
        },
        "20223": {
            "year_quarter": 20223,
            "year": 2022,
            "quarter": 3,
            "eps": 0.22,
            "eps_growth_year": -62.71,
            "eps_4q": 1.24,
            "eps_4q_growth_year": -64.82,
            "roe": 0.74,
            "roe_4q": 2.92,
            "gross_profit": 2563157,
            "gross_margin": 8.24,
            "gross_margin_4q_avg": 10.43,
            "net_income": 1638592,
            "revenue": 31123036,
            "common_shares": 67361817,
            "book_valuer_per_share": 29.05,
            "book_valuer_per_share_4q_avg": 31.79,
            "equity": 221670446,
            "current_ratio": 233.52,
            "debt_ratio": 51.68,
            "inventory_turnover_ratio": 1.59,
            "account_receivable_turnover_ratio": 0.99,
            "reinvestment_rate": 78.59,
            "research_to_sale_ratio": 0.59,
            "price_fair": 134.4,
            "eps_avg_yearly": 3.84,
            "eps_latest_yearly": 0.8,
            "eps_growth_yearly": 27.6
        },
        "20224": {
            "year_quarter": 20224,
            "year": 2022,
            "quarter": 4,
            "eps": 0.35,
            "eps_growth_year": -60.76,
            "eps_4q": 0.76,
            "eps_4q_growth_year": -77.18,
            "roe": 1.13,
            "roe_4q": 1.83,
            "gross_profit": 5182628,
            "gross_margin": 14.95,
            "gross_margin_4q_avg": 8.08,
            "net_income": 2602702,
            "revenue": 34655376,
            "common_shares": 71561817,
            "book_valuer_per_share": 29.64,
            "book_valuer_per_share_4q_avg": 31.1,
            "equity": 238275780,
            "current_ratio": 233.51,
            "debt_ratio": 48.29,
            "inventory_turnover_ratio": 1.75,
            "account_receivable_turnover_ratio": 1.01,
            "reinvestment_rate": 41.71,
            "research_to_sale_ratio": 0.4,
            "price_fair": 128,
            "eps_avg_yearly": 3.66,
            "eps_latest_yearly": 1.4,
            "eps_growth_yearly": 49.49
        },
        "20231": {
            "year_quarter": 20231,
            "year": 2023,
            "quarter": 1,
            "eps": 0.2,
            "eps_growth_year": 0,
            "eps_4q": 0.79,
            "eps_4q_growth_year": -73.49,
            "roe": 0.42,
            "roe_4q": 1.8800000000000001,
            "gross_profit": 2469221,
            "gross_margin": 9.39,
            "gross_margin_4q_avg": 8.26,
            "net_income": 1005644,
            "revenue": 26295929,
            "common_shares": 71561817,
            "book_valuer_per_share": 30.02,
            "book_valuer_per_share_4q_avg": 30.11,
            "equity": 240081034,
            "current_ratio": 221.73,
            "debt_ratio": 47.99,
            "inventory_turnover_ratio": 1.5,
            "account_receivable_turnover_ratio": 0.8,
            "reinvestment_rate": 52.1,
            "research_to_sale_ratio": 1.26,
            "price_fair": 122.3,
            "eps_avg_yearly": 3.49,
            "eps_latest_yearly": 0.8,
            "eps_growth_yearly": 43.59
        }
    },
    "months": {
        "2001-10": {
            "month": "2001-10",
            "price": "7.24",
            "revenue": 1805507
        },
        "2001-11": {
            "month": "2001-11",
            "price": "7.27",
            "revenue": 1901803
        },
        "2001-12": {
            "month": "2001-12",
            "price": "8.54",
            "revenue": 2135927
        },
        "2002-01": {
            "month": "2002-01",
            "price": "8.71",
            "revenue": 2200067
        },
        "2002-02": {
            "month": "2002-02",
            "price": "8.34",
            "revenue": 1404336
        },
        "2002-03": {
            "month": "2002-03",
            "price": "9.72",
            "revenue": 2028782
        },
        "2002-04": {
            "month": "2002-04",
            "price": "11.78",
            "revenue": 2023463
        },
        "2002-05": {
            "month": "2002-05",
            "price": "10.23",
            "revenue": 2115061
        },
        "2002-06": {
            "month": "2002-06",
            "price": "11.09",
            "revenue": 2049410
        },
        "2002-07": {
            "month": "2002-07",
            "price": "11.82",
            "revenue": 1992095
        },
        "2002-08": {
            "month": "2002-08",
            "price": "10.45",
            "revenue": 1925579
        },
        "2002-09": {
            "month": "2002-09",
            "price": "8.96",
            "revenue": 1947665
        },
        "2002-10": {
            "month": "2002-10",
            "price": "7.88",
            "revenue": 2264807
        },
        "2002-11": {
            "month": "2002-11",
            "price": "9.31",
            "revenue": 2296719
        },
        "2002-12": {
            "month": "2002-12",
            "price": "10.80",
            "revenue": 2347737
        },
        "2003-01": {
            "month": "2003-01",
            "price": "14.71",
            "revenue": 2273373
        },
        "2003-02": {
            "month": "2003-02",
            "price": "13.59",
            "revenue": 1495074
        },
        "2003-03": {
            "month": "2003-03",
            "price": "12.78",
            "revenue": 2237033
        },
        "2003-04": {
            "month": "2003-04",
            "price": "12.84",
            "revenue": 1918060
        },
        "2003-05": {
            "month": "2003-05",
            "price": "10.73",
            "revenue": 2196315
        },
        "2003-06": {
            "month": "2003-06",
            "price": "11.98",
            "revenue": 1851396
        },
        "2003-07": {
            "month": "2003-07",
            "price": "11.78",
            "revenue": 2063093
        },
        "2003-08": {
            "month": "2003-08",
            "price": "12.30",
            "revenue": 1996007
        },
        "2003-09": {
            "month": "2003-09",
            "price": "12.41",
            "revenue": 1961152
        },
        "2003-10": {
            "month": "2003-10",
            "price": "15.29",
            "revenue": 1962259
        },
        "2003-11": {
            "month": "2003-11",
            "price": "15.98",
            "revenue": 2047381
        },
        "2003-12": {
            "month": "2003-12",
            "price": "16.20",
            "revenue": 2419177
        },
        "2004-01": {
            "month": "2004-01",
            "price": "18.18",
            "revenue": 2024938
        },
        "2004-02": {
            "month": "2004-02",
            "price": "19.54",
            "revenue": 2090056
        },
        "2004-03": {
            "month": "2004-03",
            "price": "19.45",
            "revenue": 2478114
        },
        "2004-04": {
            "month": "2004-04",
            "price": "17.53",
            "revenue": 2416439
        },
        "2004-05": {
            "month": "2004-05",
            "price": "14.73",
            "revenue": 2413058
        },
        "2004-06": {
            "month": "2004-06",
            "price": "14.32",
            "revenue": 2414966
        },
        "2004-07": {
            "month": "2004-07",
            "price": "15.33",
            "revenue": 2272709
        },
        "2004-08": {
            "month": "2004-08",
            "price": "15.71",
            "revenue": 2187287
        },
        "2004-09": {
            "month": "2004-09",
            "price": "18.15",
            "revenue": 2170483
        },
        "2004-10": {
            "month": "2004-10",
            "price": "18.45",
            "revenue": 2301959
        },
        "2004-11": {
            "month": "2004-11",
            "price": "18.83",
            "revenue": 2542746
        },
        "2004-12": {
            "month": "2004-12",
            "price": "20.18",
            "revenue": 2603471
        },
        "2005-01": {
            "month": "2005-01",
            "price": "20.42",
            "revenue": 2746766
        },
        "2005-02": {
            "month": "2005-02",
            "price": "20.28",
            "revenue": 1566092
        },
        "2005-03": {
            "month": "2005-03",
            "price": "19.98",
            "revenue": 2504657
        },
        "2005-04": {
            "month": "2005-04",
            "price": "18.46",
            "revenue": 2418388
        },
        "2005-05": {
            "month": "2005-05",
            "price": "18.31",
            "revenue": 2394229
        },
        "2005-06": {
            "month": "2005-06",
            "price": "19.19",
            "revenue": 2276706
        },
        "2005-07": {
            "month": "2005-07",
            "price": "19.78",
            "revenue": 2302439
        },
        "2005-08": {
            "month": "2005-08",
            "price": "20.24",
            "revenue": 2241354
        },
        "2005-09": {
            "month": "2005-09",
            "price": "20.09",
            "revenue": 2379415
        },
        "2005-10": {
            "month": "2005-10",
            "price": "20.68",
            "revenue": 2452266
        },
        "2005-11": {
            "month": "2005-11",
            "price": "20.55",
            "revenue": 2543583
        },
        "2005-12": {
            "month": "2005-12",
            "price": "22.16",
            "revenue": 2771490
        },
        "2006-01": {
            "month": "2006-01",
            "price": "23.60",
            "revenue": 2366663
        },
        "2006-02": {
            "month": "2006-02",
            "price": "24.45",
            "revenue": 1797171
        },
        "2006-03": {
            "month": "2006-03",
            "price": "25.15",
            "revenue": 2199454
        },
        "2006-04": {
            "month": "2006-04",
            "price": "25.00",
            "revenue": 2118570
        },
        "2006-05": {
            "month": "2006-05",
            "price": "26.13",
            "revenue": 2080079
        },
        "2006-06": {
            "month": "2006-06",
            "price": "23.11",
            "revenue": 1982878
        },
        "2006-07": {
            "month": "2006-07",
            "price": "23.73",
            "revenue": 2148963
        },
        "2006-08": {
            "month": "2006-08",
            "price": "23.56",
            "revenue": 2483455
        },
        "2006-09": {
            "month": "2006-09",
            "price": "23.20",
            "revenue": 2371005
        },
        "2006-10": {
            "month": "2006-10",
            "price": "26.26",
            "revenue": 2273115
        },
        "2006-11": {
            "month": "2006-11",
            "price": "27.45",
            "revenue": 2134599
        },
        "2006-12": {
            "month": "2006-12",
            "price": "29.70",
            "revenue": 2111576
        },
        "2007-01": {
            "month": "2007-01",
            "price": "29.28",
            "revenue": 2302575
        },
        "2007-02": {
            "month": "2007-02",
            "price": "28.02",
            "revenue": 1866337
        },
        "2007-03": {
            "month": "2007-03",
            "price": "26.60",
            "revenue": 2256515
        },
        "2007-04": {
            "month": "2007-04",
            "price": "29.44",
            "revenue": 2107333
        },
        "2007-05": {
            "month": "2007-05",
            "price": "31.19",
            "revenue": 2129963
        },
        "2007-06": {
            "month": "2007-06",
            "price": "34.69",
            "revenue": 1751697
        },
        "2007-07": {
            "month": "2007-07",
            "price": "39.62",
            "revenue": 2123949
        },
        "2007-08": {
            "month": "2007-08",
            "price": "39.35",
            "revenue": 1876272
        },
        "2007-09": {
            "month": "2007-09",
            "price": "44.55",
            "revenue": 1917284
        },
        "2007-10": {
            "month": "2007-10",
            "price": "53.47",
            "revenue": 1995023
        },
        "2007-11": {
            "month": "2007-11",
            "price": "47.85",
            "revenue": 2020230
        },
        "2007-12": {
            "month": "2007-12",
            "price": "45.51",
            "revenue": 2217534
        },
        "2008-01": {
            "month": "2008-01",
            "price": "47.65",
            "revenue": 2254808
        },
        "2008-02": {
            "month": "2008-02",
            "price": "50.04",
            "revenue": 1548221
        },
        "2008-03": {
            "month": "2008-03",
            "price": "55.73",
            "revenue": 2156356
        },
        "2008-04": {
            "month": "2008-04",
            "price": "54.96",
            "revenue": 2106328
        },
        "2008-05": {
            "month": "2008-05",
            "price": "50.61",
            "revenue": 2130996
        },
        "2008-06": {
            "month": "2008-06",
            "price": "46.15",
            "revenue": 2064437
        },
        "2008-07": {
            "month": "2008-07",
            "price": "40.07",
            "revenue": 2046770
        },
        "2008-08": {
            "month": "2008-08",
            "price": "33.30",
            "revenue": 2205126
        },
        "2008-09": {
            "month": "2008-09",
            "price": "24.39",
            "revenue": 1921971
        },
        "2008-10": {
            "month": "2008-10",
            "price": "17.26",
            "revenue": 2097590
        },
        "2008-11": {
            "month": "2008-11",
            "price": "20.98",
            "revenue": 1903517
        },
        "2008-12": {
            "month": "2008-12",
            "price": "25.38",
            "revenue": 1864768
        },
        "2009-01": {
            "month": "2009-01",
            "price": "25.29",
            "revenue": 1601454
        },
        "2009-02": {
            "month": "2009-02",
            "price": "26.30",
            "revenue": 1652243
        },
        "2009-03": {
            "month": "2009-03",
            "price": "27.70",
            "revenue": 1985097
        },
        "2009-04": {
            "month": "2009-04",
            "price": "32.26",
            "revenue": 1601103
        },
        "2009-05": {
            "month": "2009-05",
            "price": "33.75",
            "revenue": 1739868
        },
        "2009-06": {
            "month": "2009-06",
            "price": "31.34",
            "revenue": 1798960
        },
        "2009-07": {
            "month": "2009-07",
            "price": "33.02",
            "revenue": 1845345
        },
        "2009-08": {
            "month": "2009-08",
            "price": "35.75",
            "revenue": 1672041
        },
        "2009-09": {
            "month": "2009-09",
            "price": "36.00",
            "revenue": 1823433
        },
        "2009-10": {
            "month": "2009-10",
            "price": "36.55",
            "revenue": 1813170
        },
        "2009-11": {
            "month": "2009-11",
            "price": "35.02",
            "revenue": 1563521
        },
        "2009-12": {
            "month": "2009-12",
            "price": "33.87",
            "revenue": 1807880
        },
        "2010-01": {
            "month": "2010-01",
            "price": "33.50",
            "revenue": 2054868
        },
        "2010-02": {
            "month": "2010-02",
            "price": "29.40",
            "revenue": 1526845
        },
        "2010-03": {
            "month": "2010-03",
            "price": "29.69",
            "revenue": 1935701
        },
        "2010-04": {
            "month": "2010-04",
            "price": "29.20",
            "revenue": 1848309
        },
        "2010-05": {
            "month": "2010-05",
            "price": "26.55",
            "revenue": 1790788
        },
        "2010-06": {
            "month": "2010-06",
            "price": "27.47",
            "revenue": 1695373
        },
        "2010-07": {
            "month": "2010-07",
            "price": "28.26",
            "revenue": 1825812
        },
        "2010-08": {
            "month": "2010-08",
            "price": "29.66",
            "revenue": 1861703
        },
        "2010-09": {
            "month": "2010-09",
            "price": "32.36",
            "revenue": 1804805
        },
        "2010-10": {
            "month": "2010-10",
            "price": "33.42",
            "revenue": 1703128
        },
        "2010-11": {
            "month": "2010-11",
            "price": "32.66",
            "revenue": 1878685
        },
        "2010-12": {
            "month": "2010-12",
            "price": "32.72",
            "revenue": 2171125
        },
        "2011-01": {
            "month": "2011-01",
            "price": "32.14",
            "revenue": 2337946
        },
        "2011-02": {
            "month": "2011-02",
            "price": "29.94",
            "revenue": 1411427
        },
        "2011-03": {
            "month": "2011-03",
            "price": "32.23",
            "revenue": 2085036
        },
        "2011-04": {
            "month": "2011-04",
            "price": "38.63",
            "revenue": 2137908
        },
        "2011-05": {
            "month": "2011-05",
            "price": "39.53",
            "revenue": 1969578
        },
        "2011-06": {
            "month": "2011-06",
            "price": "40.79",
            "revenue": 2041524
        },
        "2011-07": {
            "month": "2011-07",
            "price": "45.50",
            "revenue": 1947777
        },
        "2011-08": {
            "month": "2011-08",
            "price": "42.12",
            "revenue": 1984646
        },
        "2011-09": {
            "month": "2011-09",
            "price": "34.53",
            "revenue": 1994169
        },
        "2011-10": {
            "month": "2011-10",
            "price": "35.16",
            "revenue": 2066932
        },
        "2011-11": {
            "month": "2011-11",
            "price": "34.60",
            "revenue": 2001210
        },
        "2011-12": {
            "month": "2011-12",
            "price": "34.22",
            "revenue": 2072570
        },
        "2012-01": {
            "month": "2012-01",
            "price": "35.76",
            "revenue": 7501872
        },
        "2012-02": {
            "month": "2012-02",
            "price": "37.02",
            "revenue": 8324627
        },
        "2012-03": {
            "month": "2012-03",
            "price": "35.47",
            "revenue": 10684009
        },
        "2012-04": {
            "month": "2012-04",
            "price": "34.90",
            "revenue": 10328624
        },
        "2012-05": {
            "month": "2012-05",
            "price": "33.82",
            "revenue": 10509239
        },
        "2012-06": {
            "month": "2012-06",
            "price": "34.51",
            "revenue": 9917605
        },
        "2012-07": {
            "month": "2012-07",
            "price": "35.92",
            "revenue": 10327880
        },
        "2012-08": {
            "month": "2012-08",
            "price": "34.68",
            "revenue": 10263123
        },
        "2012-09": {
            "month": "2012-09",
            "price": "35.09",
            "revenue": 10016687
        },
        "2012-10": {
            "month": "2012-10",
            "price": "36.71",
            "revenue": 10693799
        },
        "2012-11": {
            "month": "2012-11",
            "price": "37.11",
            "revenue": 10131663
        },
        "2012-12": {
            "month": "2012-12",
            "price": "38.43",
            "revenue": 10225206
        },
        "2013-01": {
            "month": "2013-01",
            "price": "39.07",
            "revenue": 9134465
        },
        "2013-02": {
            "month": "2013-02",
            "price": "38.75",
            "revenue": 5540346
        },
        "2013-03": {
            "month": "2013-03",
            "price": "37.52",
            "revenue": 9457971
        },
        "2013-04": {
            "month": "2013-04",
            "price": "38.38",
            "revenue": 9919269
        },
        "2013-05": {
            "month": "2013-05",
            "price": "39.12",
            "revenue": 9543782
        },
        "2013-06": {
            "month": "2013-06",
            "price": "36.93",
            "revenue": 9517630
        },
        "2013-07": {
            "month": "2013-07",
            "price": "37.27",
            "revenue": 9875888
        },
        "2013-08": {
            "month": "2013-08",
            "price": "38.10",
            "revenue": 9835143
        },
        "2013-09": {
            "month": "2013-09",
            "price": "40.64",
            "revenue": 10060975
        },
        "2013-10": {
            "month": "2013-10",
            "price": "42.98",
            "revenue": 10654077
        },
        "2013-11": {
            "month": "2013-11",
            "price": "42.58",
            "revenue": 11201088
        },
        "2013-12": {
            "month": "2013-12",
            "price": "45.61",
            "revenue": 11416657
        },
        "2014-01": {
            "month": "2014-01",
            "price": "44.34",
            "revenue": 9801691
        },
        "2014-02": {
            "month": "2014-02",
            "price": "45.65",
            "revenue": 6087866
        },
        "2014-03": {
            "month": "2014-03",
            "price": "47.01",
            "revenue": 10834889
        },
        "2014-04": {
            "month": "2014-04",
            "price": "48.10",
            "revenue": 11561838
        },
        "2014-05": {
            "month": "2014-05",
            "price": "45.07",
            "revenue": 10625467
        },
        "2014-06": {
            "month": "2014-06",
            "price": "45.07",
            "revenue": 9677933
        },
        "2014-07": {
            "month": "2014-07",
            "price": "45.07",
            "revenue": 10327799
        },
        "2014-08": {
            "month": "2014-08",
            "price": "46.28",
            "revenue": 9951133
        },
        "2014-09": {
            "month": "2014-09",
            "price": "46.66",
            "revenue": 9816025
        },
        "2014-10": {
            "month": "2014-10",
            "price": "45.56",
            "revenue": 10429319
        },
        "2014-11": {
            "month": "2014-11",
            "price": "45.65",
            "revenue": 9298656
        },
        "2014-12": {
            "month": "2014-12",
            "price": "43.80",
            "revenue": 9913147
        },
        "2015-01": {
            "month": "2015-01",
            "price": "41.99",
            "revenue": 8921719
        },
        "2015-02": {
            "month": "2015-02",
            "price": "42.40",
            "revenue": 4823318
        },
        "2015-03": {
            "month": "2015-03",
            "price": "42.50",
            "revenue": 7695107
        },
        "2015-04": {
            "month": "2015-04",
            "price": "43.87",
            "revenue": 8468346
        },
        "2015-05": {
            "month": "2015-05",
            "price": "42.49",
            "revenue": 7989971
        },
        "2015-06": {
            "month": "2015-06",
            "price": "38.89",
            "revenue": 8545853
        },
        "2015-07": {
            "month": "2015-07",
            "price": "38.20",
            "revenue": 8250361
        },
        "2015-08": {
            "month": "2015-08",
            "price": "33.56",
            "revenue": 7397417
        },
        "2015-09": {
            "month": "2015-09",
            "price": "34.50",
            "revenue": 7026214
        },
        "2015-10": {
            "month": "2015-10",
            "price": "36.41",
            "revenue": 8081068
        },
        "2015-11": {
            "month": "2015-11",
            "price": "33.60",
            "revenue": 8003992
        },
        "2015-12": {
            "month": "2015-12",
            "price": "28.43",
            "revenue": 8543685
        },
        "2016-01": {
            "month": "2016-01",
            "price": "26.32",
            "revenue": 6575590
        },
        "2016-02": {
            "month": "2016-02",
            "price": "28.43",
            "revenue": 3632053
        },
        "2016-03": {
            "month": "2016-03",
            "price": "30.78",
            "revenue": 7523593
        },
        "2016-04": {
            "month": "2016-04",
            "price": "32.21",
            "revenue": 7255945
        },
        "2016-05": {
            "month": "2016-05",
            "price": "29.58",
            "revenue": 7866517
        },
        "2016-06": {
            "month": "2016-06",
            "price": "31.40",
            "revenue": 7813036
        },
        "2016-07": {
            "month": "2016-07",
            "price": "34.46",
            "revenue": 7816038
        },
        "2016-08": {
            "month": "2016-08",
            "price": "35.69",
            "revenue": 7454905
        },
        "2016-09": {
            "month": "2016-09",
            "price": "35.71",
            "revenue": 7087046
        },
        "2016-10": {
            "month": "2016-10",
            "price": "36.64",
            "revenue": 8261376
        },
        "2016-11": {
            "month": "2016-11",
            "price": "36.79",
            "revenue": 8866988
        },
        "2016-12": {
            "month": "2016-12",
            "price": "36.26",
            "revenue": 9418581
        },
        "2017-01": {
            "month": "2017-01",
            "price": "35.40",
            "revenue": 6131670
        },
        "2017-02": {
            "month": "2017-02",
            "price": "36.98",
            "revenue": 5964991
        },
        "2017-03": {
            "month": "2017-03",
            "price": "37.76",
            "revenue": 9083111
        },
        "2017-04": {
            "month": "2017-04",
            "price": "36.37",
            "revenue": 8370478
        },
        "2017-05": {
            "month": "2017-05",
            "price": "34.70",
            "revenue": 8485032
        },
        "2017-06": {
            "month": "2017-06",
            "price": "34.54",
            "revenue": 7858569
        },
        "2017-07": {
            "month": "2017-07",
            "price": "35.40",
            "revenue": 8034396
        },
        "2017-08": {
            "month": "2017-08",
            "price": "34.62",
            "revenue": 6952639
        },
        "2017-09": {
            "month": "2017-09",
            "price": "33.98",
            "revenue": 8071192
        },
        "2017-10": {
            "month": "2017-10",
            "price": "33.71",
            "revenue": 8387381
        },
        "2017-11": {
            "month": "2017-11",
            "price": "33.97",
            "revenue": 9985897
        },
        "2017-12": {
            "month": "2017-12",
            "price": "34.64",
            "revenue": 10988149
        },
        "2018-01": {
            "month": "2018-01",
            "price": "37.75",
            "revenue": 9617393
        },
        "2018-02": {
            "month": "2018-02",
            "price": "36.76",
            "revenue": 4811678
        },
        "2018-03": {
            "month": "2018-03",
            "price": "36.99",
            "revenue": 9750141
        },
        "2018-04": {
            "month": "2018-04",
            "price": "38.76",
            "revenue": 11153696
        },
        "2018-05": {
            "month": "2018-05",
            "price": "43.03",
            "revenue": 11683326
        },
        "2018-06": {
            "month": "2018-06",
            "price": "44.40",
            "revenue": 10757628
        },
        "2018-07": {
            "month": "2018-07",
            "price": "42.30",
            "revenue": 11013654
        },
        "2018-08": {
            "month": "2018-08",
            "price": "41.96",
            "revenue": 10707234
        },
        "2018-09": {
            "month": "2018-09",
            "price": "40.13",
            "revenue": 10436223
        },
        "2018-10": {
            "month": "2018-10",
            "price": "37.52",
            "revenue": 11753303
        },
        "2018-11": {
            "month": "2018-11",
            "price": "35.42",
            "revenue": 11784150
        },
        "2018-12": {
            "month": "2018-12",
            "price": "35.39",
            "revenue": 11404254
        },
        "2019-01": {
            "month": "2019-01",
            "price": "36.13",
            "revenue": 9394240
        },
        "2019-02": {
            "month": "2019-02",
            "price": "37.95",
            "revenue": 5085162
        },
        "2019-03": {
            "month": "2019-03",
            "price": "38.88",
            "revenue": 10876929
        },
        "2019-04": {
            "month": "2019-04",
            "price": "41.84",
            "revenue": 10596314
        },
        "2019-05": {
            "month": "2019-05",
            "price": "42.42",
            "revenue": 10903967
        },
        "2019-06": {
            "month": "2019-06",
            "price": "44.56",
            "revenue": 9866871
        },
        "2019-07": {
            "month": "2019-07",
            "price": "45.17",
            "revenue": 10489337
        },
        "2019-08": {
            "month": "2019-08",
            "price": "39.84",
            "revenue": 10228796
        },
        "2019-09": {
            "month": "2019-09",
            "price": "39.58",
            "revenue": 10120251
        },
        "2019-10": {
            "month": "2019-10",
            "price": "40.20",
            "revenue": 11211942
        },
        "2019-11": {
            "month": "2019-11",
            "price": "41.44",
            "revenue": 11678701
        },
        "2019-12": {
            "month": "2019-12",
            "price": "42.61",
            "revenue": 12349908
        },
        "2020-01": {
            "month": "2020-01",
            "price": "43.82",
            "revenue": 7502141
        },
        "2020-02": {
            "month": "2020-02",
            "price": "42.73",
            "revenue": 5000692
        },
        "2020-03": {
            "month": "2020-03",
            "price": "39.66",
            "revenue": 9473250
        },
        "2020-04": {
            "month": "2020-04",
            "price": "41.43",
            "revenue": 10216799
        },
        "2020-05": {
            "month": "2020-05",
            "price": "42.73",
            "revenue": 10285516
        },
        "2020-06": {
            "month": "2020-06",
            "price": "43.12",
            "revenue": 9961312
        },
        "2020-07": {
            "month": "2020-07",
            "price": "44.85",
            "revenue": 10178622
        },
        "2020-08": {
            "month": "2020-08",
            "price": "44.34",
            "revenue": 9885013
        },
        "2020-09": {
            "month": "2020-09",
            "price": "42.08",
            "revenue": 9745147
        },
        "2020-10": {
            "month": "2020-10",
            "price": "40.66",
            "revenue": 10293900
        },
        "2020-11": {
            "month": "2020-11",
            "price": "42.15",
            "revenue": 10889658
        },
        "2020-12": {
            "month": "2020-12",
            "price": "43.10",
            "revenue": 10933035
        },
        "2021-01": {
            "month": "2021-01",
            "price": "41.79",
            "revenue": 8596261
        },
        "2021-02": {
            "month": "2021-02",
            "price": "41.48",
            "revenue": 4536849
        },
        "2021-03": {
            "month": "2021-03",
            "price": "43.93",
            "revenue": 9779716
        },
        "2021-04": {
            "month": "2021-04",
            "price": "49.91",
            "revenue": 9672128
        },
        "2021-05": {
            "month": "2021-05",
            "price": "50.78",
            "revenue": 9832764
        },
        "2021-06": {
            "month": "2021-06",
            "price": "51.36",
            "revenue": 8480821
        },
        "2021-07": {
            "month": "2021-07",
            "price": "51.93",
            "revenue": 8319971
        },
        "2021-08": {
            "month": "2021-08",
            "price": "49.25",
            "revenue": 8964476
        },
        "2021-09": {
            "month": "2021-09",
            "price": "50.00",
            "revenue": 9597804
        },
        "2021-10": {
            "month": "2021-10",
            "price": "49.42",
            "revenue": 9565047
        },
        "2021-11": {
            "month": "2021-11",
            "price": "48.02",
            "revenue": 9752687
        },
        "2021-12": {
            "month": "2021-12",
            "price": "47.36",
            "revenue": 10821264
        },
        "2022-01": {
            "month": "2022-01",
            "price": "47.41",
            "revenue": 7517896
        },
        "2022-02": {
            "month": "2022-02",
            "price": "47.34",
            "revenue": 5456068
        },
        "2022-03": {
            "month": "2022-03",
            "price": "48.53",
            "revenue": 9971650
        },
        "2022-04": {
            "month": "2022-04",
            "price": "47.50",
            "revenue": 8319342
        },
        "2022-05": {
            "month": "2022-05",
            "price": "42.60",
            "revenue": 7733787
        },
        "2022-06": {
            "month": "2022-06",
            "price": "40.32",
            "revenue": 9145989
        },
        "2022-07": {
            "month": "2022-07",
            "price": "39.95",
            "revenue": 10102468
        },
        "2022-08": {
            "month": "2022-08",
            "price": "39.28",
            "revenue": 10689860
        },
        "2022-09": {
            "month": "2022-09",
            "price": "38.00",
            "revenue": 10404901
        },
        "2022-10": {
            "month": "2022-10",
            "price": "32.09",
            "revenue": 11368096
        },
        "2022-11": {
            "month": "2022-11",
            "price": "32.47",
            "revenue": 9674576
        },
        "2022-12": {
            "month": "2022-12",
            "price": "33.85",
            "revenue": 12584154
        },
        "2023-01": {
            "month": "2023-01",
            "price": "35.14",
            "revenue": 7325221
        },
        "2023-02": {
            "month": "2023-02",
            "price": "37.42",
            "revenue": 7306069
        },
        "2023-03": {
            "month": "2023-03",
            "price": "37.05",
            "revenue": 11730367
        },
        "2023-04": {
            "month": "2023-04",
            "price": "37.76",
            "revenue": 9100119
        },
        "2023-05": {
            "month": "2023-05",
            "price": "38.38",
            "revenue": 9596091
        }
    }
}
