{
    "summary": {
        "stock_name": "亞泥",
        "stock_id": "1102",
        "category": "水泥",
        "main_business": "水泥,水泥之半成品,水泥製品,預拌混凝土及其添加劑之生產運銷<br>水泥原料,水泥製品原料及砂石開採及爐石粉,石灰石粉之製造運銷<br>其他未述及之項目請參照本公司營業執照之所營事業",
        "website_url": "http://www.acc.com.tw",
        "ceo": "李坤炎",
        "pe_ratio": 13,
        "report_year_from": 2001,
        "report_year_to": 2023,
        "age": 22,
        "eps_negative_percentage": 0,
        "eps_growth_avg": {
            "last_all": 19.19,
            "last_2y": -12.43,
            "last_4y": 23.8,
            "last_8y": 13.82,
            "last_12y": 9.15,
            "last_16y": 7.22,
            "last_20y": 19.19,
            "at_2006_last_3y": 45.86,
            "at_2007_last_3y": 28.38,
            "at_2008_last_3y": -0.86,
            "at_2009_last_3y": 0.95,
            "at_2010_last_3y": -1.51,
            "at_2011_last_3y": -2.05,
            "at_2012_last_3y": -4.02,
            "at_2013_last_3y": -1.37,
            "at_2014_last_3y": 9.09,
            "at_2015_last_3y": -9.7,
            "at_2016_last_3y": -5.26,
            "at_2017_last_3y": 1.35,
            "at_2018_last_3y": 17.56,
            "at_2019_last_3y": 43.46,
            "at_2020_last_3y": 44.93,
            "at_2021_last_3y": 35.26,
            "at_2022_last_3y": 4.75,
            "at_2023_last_3y": 4.75,
            "at_2006_last_all": 56.69,
            "at_2007_last_all": 52.25,
            "at_2008_last_all": 40.26,
            "at_2009_last_all": 35.51,
            "at_2010_last_all": 30.82,
            "at_2011_last_all": 30.53,
            "at_2012_last_all": 24.16,
            "at_2013_last_all": 23.22,
            "at_2014_last_all": 24.14,
            "at_2015_last_all": 19.03,
            "at_2016_last_all": 16.31,
            "at_2017_last_all": 17.75,
            "at_2018_last_all": 22.59,
            "at_2019_last_all": 24.46,
            "at_2020_last_all": 22.34,
            "at_2021_last_all": 21.25,
            "at_2022_last_all": 19.19,
            "at_2023_last_all": 19.19
        },
        "latest_eps": 3.43,
        "latest_price": 44.05,
        "latest_roe": 6.85,
        "latest_gross_margin": 10.31,
        "latest_equity": 180057885,
        "latest_revenue": 19208712,
        "latest_gross_profit": 1979571,
        "latest_net_income": 2767079,
        "latest_debt_ratio": 46.07,
        "latest_current_ratio": 143.06,
        "latest_account_receivable_turnover_ratio": 1.43,
        "latest_inventory_turnover_ratio": 2.06,
        "latest_reinvestment_rate": -5.86,
        "latest_research_to_sale_ratio": null
    },
    "eps_dividends": {
        "1990": {
            "cash": 2,
            "stock": 2,
            "eps": 0
        },
        "1991": {
            "cash": 2,
            "stock": 1,
            "eps": 0
        },
        "1992": {
            "cash": 2,
            "stock": 1,
            "eps": 0
        },
        "1993": {
            "cash": 2,
            "stock": 1,
            "eps": 0
        },
        "1994": {
            "cash": 2.5,
            "stock": 0.8,
            "eps": 0
        },
        "1995": {
            "cash": 1.5,
            "stock": 1,
            "eps": 0
        },
        "1996": {
            "cash": 1.3,
            "stock": 0.7,
            "eps": 0
        },
        "1997": {
            "cash": 0.8,
            "stock": 0.8,
            "eps": 0
        },
        "1998": {
            "cash": 1,
            "stock": 1,
            "eps": 0
        },
        "1999": {
            "cash": 0.3,
            "stock": 1.2,
            "eps": 0
        },
        "2000": {
            "cash": 0.6,
            "stock": 0.9,
            "eps": 0
        },
        "2001": {
            "cash": 0.25,
            "stock": 0.25,
            "eps": 0.14
        },
        "2002": {
            "cash": 0.2,
            "stock": 0,
            "eps": 0.57
        },
        "2003": {
            "cash": 0.5,
            "stock": 0,
            "eps": 1.63
        },
        "2004": {
            "cash": 0.65,
            "stock": 0.65,
            "eps": 3.02
        },
        "2005": {
            "cash": 1.2,
            "stock": 0.8,
            "eps": 2.87
        },
        "2006": {
            "cash": 1.2,
            "stock": 0.8,
            "eps": 2.96
        },
        "2007": {
            "cash": 1.5,
            "stock": 0.8,
            "eps": 3.85
        },
        "2008": {
            "cash": 2.4,
            "stock": 0.6,
            "eps": 2.63
        },
        "2009": {
            "cash": 1.8,
            "stock": 0.3,
            "eps": 2.69
        },
        "2010": {
            "cash": 1.8,
            "stock": 0.3,
            "eps": 2.51
        },
        "2011": {
            "cash": 4.199999999999999,
            "stock": 0.5,
            "eps": 3.21
        },
        "2012": {
            "cash": 0,
            "stock": 0,
            "eps": 1.94
        },
        "2013": {
            "cash": 1.7,
            "stock": 0.2,
            "eps": 2.19
        },
        "2014": {
            "cash": 1.8,
            "stock": 0.2,
            "eps": 2.96
        },
        "2015": {
            "cash": 2.2,
            "stock": 0,
            "eps": 1.56
        },
        "2016": {
            "cash": 1.1,
            "stock": 0,
            "eps": 1.22
        },
        "2017": {
            "cash": 0.9,
            "stock": 0,
            "eps": 1.7
        },
        "2018": {
            "cash": 1.2,
            "stock": 0,
            "eps": 3.5
        },
        "2019": {
            "cash": 2.8,
            "stock": 0,
            "eps": 5.47
        },
        "2020": {
            "cash": 3,
            "stock": 0,
            "eps": 4.6
        },
        "2021": {
            "cash": 3.55,
            "stock": 0,
            "eps": 4.63
        },
        "2022": {
            "cash": 3.4,
            "stock": 0,
            "eps": 3.61
        },
        "2023": {
            "cash": 2.3,
            "stock": 0,
            "eps": 0.81
        }
    },
    "dividends": {
        "1990-04-12": {
            "cash": 2,
            "stock": 2
        },
        "1991-04-12": {
            "cash": 2,
            "stock": 1
        },
        "1992-05-07": {
            "cash": 2,
            "stock": 1
        },
        "1993-05-07": {
            "cash": 2,
            "stock": 1
        },
        "1994-05-06": {
            "cash": 2.5,
            "stock": 0.8
        },
        "1995-04-28": {
            "cash": 1.5,
            "stock": 1
        },
        "1996-05-17": {
            "cash": 1.3,
            "stock": 0.7
        },
        "1997-05-14": {
            "cash": 0.8,
            "stock": 0.8
        },
        "1998-05-13": {
            "cash": 1,
            "stock": 1
        },
        "1999-05-14": {
            "cash": 0.3,
            "stock": 1.2
        },
        "2000-05-12": {
            "cash": 0.6,
            "stock": 0.9
        },
        "2001-05-16": {
            "cash": 0.25,
            "stock": 0.25
        },
        "2002-06-07": {
            "cash": 0.2,
            "stock": 0
        },
        "2003-03-13": {
            "cash": 0.5,
            "stock": 0
        },
        "2004-03-15": {
            "cash": 0.65,
            "stock": 0.65
        },
        "2005-03-15": {
            "cash": 1.2,
            "stock": 0.8
        },
        "2006-03-13": {
            "cash": 1.2,
            "stock": 0.8
        },
        "2007-03-14": {
            "cash": 1.5,
            "stock": 0.8
        },
        "2008-03-21": {
            "cash": 2.4,
            "stock": 0.6
        },
        "2009-03-25": {
            "cash": 1.8,
            "stock": 0.3
        },
        "2010-06-08": {
            "cash": 1.8,
            "stock": 0.3
        },
        "2011-01-01": {
            "cash": 2.3,
            "stock": 0.3
        },
        "2011-03-21": {
            "cash": 1.9,
            "stock": 0.2
        },
        "2013-03-25": {
            "cash": 1.7,
            "stock": 0.2
        },
        "2014-09-25": {
            "cash": 1.8,
            "stock": 0.2
        },
        "2015-09-25": {
            "cash": 2.2,
            "stock": 0
        },
        "2016-09-30": {
            "cash": 1.1,
            "stock": 0
        },
        "2017-09-27": {
            "cash": 0.9,
            "stock": 0
        },
        "2018-09-28": {
            "cash": 1.2,
            "stock": 0
        },
        "2019-08-16": {
            "cash": 2.8,
            "stock": 0
        },
        "2020-08-18": {
            "cash": 3,
            "stock": 0
        },
        "2021-09-06": {
            "cash": 3.55,
            "stock": 0
        },
        "2022-08-26": {
            "cash": 3.4,
            "stock": 0
        },
        "2023-03-07": {
            "cash": 2.3,
            "stock": 0
        }
    },
    "prices": {
        "200101": "18.01",
        "200102": "17.49",
        "200103": "15.56",
        "200104": "13.64",
        "200105": "11.99",
        "200106": "10.91",
        "200107": "9.73",
        "200108": "11.17",
        "200109": "10.16",
        "200110": "9.45",
        "200111": "9.55",
        "200112": "10.68",
        "200201": "9.69",
        "200202": "9.06",
        "200203": "10.03",
        "200204": "12.10",
        "200205": "12.29",
        "200206": "12.96",
        "200207": "13.77",
        "200208": "12.28",
        "200209": "10.25",
        "200210": "10.04",
        "200211": "12.24",
        "200212": "13.61",
        "200301": "15.94",
        "200302": "13.55",
        "200303": "13.36",
        "200304": "13.26",
        "200305": "12.32",
        "200306": "13.33",
        "200307": "13.80",
        "200308": "14.59",
        "200309": "14.76",
        "200310": "16.51",
        "200311": "16.86",
        "200312": "17.34",
        "200401": "20.36",
        "200402": "22.52",
        "200403": "24.10",
        "200404": "21.69",
        "200405": "17.75",
        "200406": "17.63",
        "200407": "18.37",
        "200408": "16.90",
        "200409": "21.45",
        "200410": "21.64",
        "200411": "20.86",
        "200412": "21.90",
        "200501": "21.71",
        "200502": "21.53",
        "200503": "21.69",
        "200504": "20.03",
        "200505": "19.90",
        "200506": "20.73",
        "200507": "20.92",
        "200508": "18.83",
        "200509": "18.51",
        "200510": "17.92",
        "200511": "18.28",
        "200512": "19.09",
        "200601": "19.42",
        "200602": "21.31",
        "200603": "22.12",
        "200604": "23.86",
        "200605": "25.45",
        "200606": "23.21",
        "200607": "23.42",
        "200608": "22.43",
        "200609": "23.03",
        "200610": "26.51",
        "200611": "29.14",
        "200612": "30.94",
        "200701": "31.97",
        "200702": "32.64",
        "200703": "31.68",
        "200704": "34.04",
        "200705": "35.71",
        "200706": "40.42",
        "200707": "44.27",
        "200708": "40.58",
        "200709": "49.77",
        "200710": "53.78",
        "200711": "46.17",
        "200712": "45.38",
        "200801": "48.59",
        "200802": "50.06",
        "200803": "53.20",
        "200804": "54.49",
        "200805": "56.58",
        "200806": "50.66",
        "200807": "44.31",
        "200808": "39.34",
        "200809": "30.83",
        "200810": "23.65",
        "200811": "23.20",
        "200812": "27.07",
        "200901": "26.56",
        "200902": "26.25",
        "200903": "28.37",
        "200904": "33.21",
        "200905": "36.93",
        "200906": "35.93",
        "200907": "34.80",
        "200908": "36.02",
        "200909": "35.80",
        "200910": "36.34",
        "200911": "34.96",
        "200912": "34.15",
        "201001": "33.79",
        "201002": "29.61",
        "201003": "30.21",
        "201004": "31.05",
        "201005": "27.82",
        "201006": "28.48",
        "201007": "29.93",
        "201008": "31.79",
        "201009": "30.98",
        "201010": "31.62",
        "201011": "30.86",
        "201012": "31.86",
        "201101": "32.13",
        "201102": "30.34",
        "201103": "31.80",
        "201104": "35.58",
        "201105": "37.79",
        "201106": "39.51",
        "201107": "44.52",
        "201108": "40.17",
        "201109": "33.86",
        "201110": "34.43",
        "201111": "33.85",
        "201112": "32.76",
        "201201": "34.55",
        "201202": "36.36",
        "201203": "35.95",
        "201204": "36.14",
        "201205": "34.51",
        "201206": "36.43",
        "201207": "37.35",
        "201208": "37.31",
        "201209": "36.17",
        "201210": "36.59",
        "201211": "36.30",
        "201212": "37.27",
        "201301": "36.95",
        "201302": "36.90",
        "201303": "36.31",
        "201304": "36.65",
        "201305": "37.57",
        "201306": "36.34",
        "201307": "36.97",
        "201308": "37.50",
        "201309": "37.87",
        "201310": "39.15",
        "201311": "38.11",
        "201312": "38.23",
        "201401": "37.58",
        "201402": "37.35",
        "201403": "38.00",
        "201404": "39.17",
        "201405": "39.36",
        "201406": "39.85",
        "201407": "41.18",
        "201408": "42.33",
        "201409": "39.79",
        "201410": "38.69",
        "201411": "39.38",
        "201412": "38.33",
        "201501": "38.38",
        "201502": "38.55",
        "201503": "38.43",
        "201504": "39.11",
        "201505": "38.50",
        "201506": "36.90",
        "201507": "35.66",
        "201508": "34.56",
        "201509": "33.16",
        "201510": "34.06",
        "201511": "31.10",
        "201512": "27.69",
        "201601": "25.60",
        "201602": "26.83",
        "201603": "29.31",
        "201604": "28.86",
        "201605": "25.36",
        "201606": "26.51",
        "201607": "28.61",
        "201608": "29.80",
        "201609": "27.39",
        "201610": "27.41",
        "201611": "26.87",
        "201612": "27.23",
        "201701": "26.60",
        "201702": "28.62",
        "201703": "30.59",
        "201704": "30.48",
        "201705": "28.44",
        "201706": "26.72",
        "201707": "26.46",
        "201708": "27.14",
        "201709": "27.22",
        "201710": "26.98",
        "201711": "26.85",
        "201712": "26.96",
        "201801": "29.96",
        "201802": "28.23",
        "201803": "28.63",
        "201804": "29.94",
        "201805": "33.20",
        "201806": "33.53",
        "201807": "37.06",
        "201808": "43.04",
        "201809": "39.05",
        "201810": "36.81",
        "201811": "33.21",
        "201812": "33.89",
        "201901": "35.44",
        "201902": "38.02",
        "201903": "38.80",
        "201904": "41.26",
        "201905": "42.90",
        "201906": "46.75",
        "201907": "45.92",
        "201908": "41.71",
        "201909": "43.77",
        "201910": "43.17",
        "201911": "44.53",
        "201912": "47.10",
        "202001": "48.20",
        "202002": "45.91",
        "202003": "40.48",
        "202004": "42.00",
        "202005": "43.82",
        "202006": "44.05",
        "202007": "44.14",
        "202008": "41.93",
        "202009": "41.93",
        "202010": "41.03",
        "202011": "43.30",
        "202012": "43.19",
        "202101": "41.94",
        "202102": "41.75",
        "202103": "44.68",
        "202104": "48.92",
        "202105": "49.85",
        "202106": "50.88",
        "202107": "52.12",
        "202108": "45.64",
        "202109": "45.62",
        "202110": "45.10",
        "202111": "44.28",
        "202112": "43.46",
        "202201": "44.30",
        "202202": "45.40",
        "202203": "47.26",
        "202204": "47.47",
        "202205": "45.31",
        "202206": "43.78",
        "202207": "43.84",
        "202208": "42.07",
        "202209": "42.84",
        "202210": "38.34",
        "202211": "39.71",
        "202212": "41.16",
        "202301": "41.82",
        "202302": "42.84",
        "202303": "43.27",
        "202304": "43.71",
        "202305": "44.24"
    },
    "quarters": {
        "20011": {
            "year_quarter": 20011,
            "year": 2001,
            "quarter": 1,
            "eps": 0.12,
            "eps_growth_year": -60,
            "eps_4q": -0.06,
            "eps_4q_growth_year": -103.52,
            "roe": 0.73,
            "roe_4q": 0.73,
            "gross_profit": 163213,
            "gross_margin": 6.84,
            "gross_margin_4q_avg": 6.84,
            "net_income": 251071,
            "revenue": 2387345,
            "common_shares": 20377428,
            "book_valuer_per_share": 16.96,
            "book_valuer_per_share_4q_avg": 16.96,
            "equity": 34557861,
            "current_ratio": 116.07,
            "debt_ratio": 34.08,
            "inventory_turnover_ratio": 1.35,
            "account_receivable_turnover_ratio": null,
            "reinvestment_rate": null,
            "research_to_sale_ratio": null,
            "price_fair": 0,
            "eps_avg_yearly": 0,
            "eps_latest_yearly": 0,
            "eps_growth_yearly": 0
        },
        "20012": {
            "year_quarter": 20012,
            "year": 2001,
            "quarter": 2,
            "eps": -0.02,
            "eps_growth_year": -140,
            "eps_4q": -0.13,
            "eps_4q_growth_year": -111.72,
            "roe": -0.12,
            "roe_4q": 0.61,
            "gross_profit": 161321,
            "gross_margin": 6.63,
            "gross_margin_4q_avg": 6.74,
            "net_income": -39262,
            "revenue": 2434666,
            "common_shares": 20377428,
            "book_valuer_per_share": 16.41,
            "book_valuer_per_share_4q_avg": 16.69,
            "equity": 33439151,
            "current_ratio": 103.1,
            "debt_ratio": 35.7,
            "inventory_turnover_ratio": 1.34,
            "account_receivable_turnover_ratio": null,
            "reinvestment_rate": null,
            "research_to_sale_ratio": null,
            "price_fair": 0,
            "eps_avg_yearly": 0,
            "eps_latest_yearly": 0,
            "eps_growth_yearly": 0
        },
        "20013": {
            "year_quarter": 20013,
            "year": 2001,
            "quarter": 3,
            "eps": -0.09,
            "eps_growth_year": null,
            "eps_4q": -0.08,
            "eps_4q_growth_year": -111.65,
            "roe": -0.57,
            "roe_4q": 0.040000000000000036,
            "gross_profit": 160513,
            "gross_margin": 6.84,
            "gross_margin_4q_avg": 6.77,
            "net_income": -188491,
            "revenue": 2345131,
            "common_shares": 20886864,
            "book_valuer_per_share": 15.7,
            "book_valuer_per_share_4q_avg": 16.36,
            "equity": 32786697,
            "current_ratio": 113.37,
            "debt_ratio": 36.81,
            "inventory_turnover_ratio": 1.23,
            "account_receivable_turnover_ratio": null,
            "reinvestment_rate": null,
            "research_to_sale_ratio": null,
            "price_fair": 0,
            "eps_avg_yearly": 0,
            "eps_latest_yearly": 0,
            "eps_growth_yearly": 0
        },
        "20014": {
            "year_quarter": 20014,
            "year": 2001,
            "quarter": 4,
            "eps": 0.13,
            "eps_growth_year": null,
            "eps_4q": 0.14,
            "eps_4q_growth_year": 49.33,
            "roe": 0.83,
            "roe_4q": 0.87,
            "gross_profit": 126748,
            "gross_margin": 4.54,
            "gross_margin_4q_avg": 6.21,
            "net_income": 278612,
            "revenue": 2791198,
            "common_shares": 20383904,
            "book_valuer_per_share": 16.27,
            "book_valuer_per_share_4q_avg": 16.34,
            "equity": 34300327,
            "current_ratio": 110.81,
            "debt_ratio": 49.91,
            "inventory_turnover_ratio": 1.52,
            "account_receivable_turnover_ratio": null,
            "reinvestment_rate": null,
            "research_to_sale_ratio": null,
            "price_fair": 0,
            "eps_avg_yearly": 0,
            "eps_latest_yearly": 0,
            "eps_growth_yearly": 0
        },
        "20021": {
            "year_quarter": 20021,
            "year": 2002,
            "quarter": 1,
            "eps": 0.22,
            "eps_growth_year": 83.33,
            "eps_4q": 0.25,
            "eps_4q_growth_year": null,
            "roe": 1.31,
            "roe_4q": 1.4500000000000002,
            "gross_profit": 305663,
            "gross_margin": 11.22,
            "gross_margin_4q_avg": 7.31,
            "net_income": 445702,
            "revenue": 2724174,
            "common_shares": 20383904,
            "book_valuer_per_share": 16.56,
            "book_valuer_per_share_4q_avg": 16.24,
            "equity": 33753916,
            "current_ratio": 111.4,
            "debt_ratio": 39.56,
            "inventory_turnover_ratio": 1.54,
            "account_receivable_turnover_ratio": null,
            "reinvestment_rate": null,
            "research_to_sale_ratio": null,
            "price_fair": 30.8,
            "eps_avg_yearly": 0.88,
            "eps_latest_yearly": 0.88,
            "eps_growth_yearly": 276.92
        },
        "20022": {
            "year_quarter": 20022,
            "year": 2002,
            "quarter": 2,
            "eps": 0.02,
            "eps_growth_year": null,
            "eps_4q": 0.29,
            "eps_4q_growth_year": null,
            "roe": 0.12,
            "roe_4q": 1.6900000000000004,
            "gross_profit": 285517,
            "gross_margin": 10.12,
            "gross_margin_4q_avg": 8.18,
            "net_income": 39476,
            "revenue": 2821748,
            "common_shares": 20383904,
            "book_valuer_per_share": 16.61,
            "book_valuer_per_share_4q_avg": 16.29,
            "equity": 33853343,
            "current_ratio": 102.53,
            "debt_ratio": 38.53,
            "inventory_turnover_ratio": 1.78,
            "account_receivable_turnover_ratio": null,
            "reinvestment_rate": null,
            "research_to_sale_ratio": null,
            "price_fair": 1.44,
            "eps_avg_yearly": 0.48,
            "eps_latest_yearly": 0.08,
            "eps_growth_yearly": -43.36
        },
        "20023": {
            "year_quarter": 20023,
            "year": 2002,
            "quarter": 3,
            "eps": 0.1,
            "eps_growth_year": null,
            "eps_4q": 0.48,
            "eps_4q_growth_year": null,
            "roe": 0.6,
            "roe_4q": 2.8600000000000003,
            "gross_profit": 323258,
            "gross_margin": 12.21,
            "gross_margin_4q_avg": 9.52,
            "net_income": 202282,
            "revenue": 2647223,
            "common_shares": 20383904,
            "book_valuer_per_share": 16.59,
            "book_valuer_per_share_4q_avg": 16.51,
            "equity": 33815987,
            "current_ratio": 128.06,
            "debt_ratio": 38.31,
            "inventory_turnover_ratio": 1.63,
            "account_receivable_turnover_ratio": null,
            "reinvestment_rate": null,
            "research_to_sale_ratio": null,
            "price_fair": 15.87,
            "eps_avg_yearly": 0.45,
            "eps_latest_yearly": 0.4,
            "eps_growth_yearly": 504.43
        },
        "20024": {
            "year_quarter": 20024,
            "year": 2002,
            "quarter": 4,
            "eps": 0.23,
            "eps_growth_year": 76.92,
            "eps_4q": 0.56,
            "eps_4q_growth_year": 300.77,
            "roe": 1.36,
            "roe_4q": 3.39,
            "gross_profit": 481664,
            "gross_margin": 16.42,
            "gross_margin_4q_avg": 12.49,
            "net_income": 472548,
            "revenue": 2932734,
            "common_shares": 20383904,
            "book_valuer_per_share": 17.16,
            "book_valuer_per_share_4q_avg": 16.73,
            "equity": 35488671,
            "current_ratio": 117.62,
            "debt_ratio": 50.49,
            "inventory_turnover_ratio": 1.59,
            "account_receivable_turnover_ratio": null,
            "reinvestment_rate": 199.02,
            "research_to_sale_ratio": null,
            "price_fair": 19.95,
            "eps_avg_yearly": 0.57,
            "eps_latest_yearly": 0.92,
            "eps_growth_yearly": 508.32
        },
        "20031": {
            "year_quarter": 20031,
            "year": 2003,
            "quarter": 1,
            "eps": 0.48,
            "eps_growth_year": 118.18,
            "eps_4q": 0.83,
            "eps_4q_growth_year": 240.07,
            "roe": 2.72,
            "roe_4q": 4.8,
            "gross_profit": 362091,
            "gross_margin": 15.44,
            "gross_margin_4q_avg": 13.55,
            "net_income": 969842,
            "revenue": 2344954,
            "common_shares": 20383904,
            "book_valuer_per_share": 17.6,
            "book_valuer_per_share_4q_avg": 16.99,
            "equity": 35876760,
            "current_ratio": 121.43,
            "debt_ratio": 36.2,
            "inventory_turnover_ratio": 1.23,
            "account_receivable_turnover_ratio": null,
            "reinvestment_rate": -66.84,
            "research_to_sale_ratio": null,
            "price_fair": 29.4,
            "eps_avg_yearly": 0.84,
            "eps_latest_yearly": 1.92,
            "eps_growth_yearly": 493.61
        },
        "20032": {
            "year_quarter": 20032,
            "year": 2003,
            "quarter": 2,
            "eps": 0.26,
            "eps_growth_year": 1200,
            "eps_4q": 1.06,
            "eps_4q_growth_year": 262,
            "roe": 1.5,
            "roe_4q": 6.180000000000001,
            "gross_profit": 382828,
            "gross_margin": 16.34,
            "gross_margin_4q_avg": 15.1,
            "net_income": 537804,
            "revenue": 2342254,
            "common_shares": 20383904,
            "book_valuer_per_share": 17.57,
            "book_valuer_per_share_4q_avg": 17.23,
            "equity": 35806741,
            "current_ratio": 105.27,
            "debt_ratio": 36.91,
            "inventory_turnover_ratio": 1.21,
            "account_receivable_turnover_ratio": null,
            "reinvestment_rate": -73.27,
            "research_to_sale_ratio": null,
            "price_fair": 30.57,
            "eps_avg_yearly": 0.87,
            "eps_latest_yearly": 1.04,
            "eps_growth_yearly": 380.79
        },
        "20033": {
            "year_quarter": 20033,
            "year": 2003,
            "quarter": 3,
            "eps": 0.46,
            "eps_growth_year": 360,
            "eps_4q": 1.44,
            "eps_4q_growth_year": 201.02,
            "roe": 2.57,
            "roe_4q": 8.15,
            "gross_profit": 298827,
            "gross_margin": 12.62,
            "gross_margin_4q_avg": 15.21,
            "net_income": 931718,
            "revenue": 2368082,
            "common_shares": 20383904,
            "book_valuer_per_share": 17.97,
            "book_valuer_per_share_4q_avg": 17.58,
            "equity": 36629206,
            "current_ratio": 149.91,
            "debt_ratio": 35.24,
            "inventory_turnover_ratio": 1.3,
            "account_receivable_turnover_ratio": null,
            "reinvestment_rate": -55.92,
            "research_to_sale_ratio": null,
            "price_fair": 35.4,
            "eps_avg_yearly": 1.01,
            "eps_latest_yearly": 1.84,
            "eps_growth_yearly": 370.35
        },
        "20034": {
            "year_quarter": 20034,
            "year": 2003,
            "quarter": 4,
            "eps": 0.43,
            "eps_growth_year": 86.96,
            "eps_4q": 1.62,
            "eps_4q_growth_year": 186.97,
            "roe": 2.25,
            "roe_4q": 9.040000000000001,
            "gross_profit": 334199,
            "gross_margin": 13.3,
            "gross_margin_4q_avg": 14.43,
            "net_income": 881277,
            "revenue": 2513656,
            "common_shares": 20383904,
            "book_valuer_per_share": 19.66,
            "book_valuer_per_share_4q_avg": 18.2,
            "equity": 41848601,
            "current_ratio": 99.85,
            "debt_ratio": 48.78,
            "inventory_turnover_ratio": 1.18,
            "account_receivable_turnover_ratio": null,
            "reinvestment_rate": 369.54,
            "research_to_sale_ratio": null,
            "price_fair": 38.5,
            "eps_avg_yearly": 1.1,
            "eps_latest_yearly": 1.72,
            "eps_growth_yearly": 320.79
        },
        "20041": {
            "year_quarter": 20041,
            "year": 2004,
            "quarter": 1,
            "eps": 0.92,
            "eps_growth_year": 91.67,
            "eps_4q": 2.07,
            "eps_4q_growth_year": 148.91,
            "roe": 4.47,
            "roe_4q": 10.79,
            "gross_profit": 423687,
            "gross_margin": 17.62,
            "gross_margin_4q_avg": 14.97,
            "net_income": 1872958,
            "revenue": 2404880,
            "common_shares": 20383904,
            "book_valuer_per_share": 20.62,
            "book_valuer_per_share_4q_avg": 18.96,
            "equity": 42025505,
            "current_ratio": 130.81,
            "debt_ratio": 29.71,
            "inventory_turnover_ratio": 1.11,
            "account_receivable_turnover_ratio": null,
            "reinvestment_rate": -27.66,
            "research_to_sale_ratio": null,
            "price_fair": 48.53,
            "eps_avg_yearly": 1.39,
            "eps_latest_yearly": 3.68,
            "eps_growth_yearly": 335.8
        },
        "20042": {
            "year_quarter": 20042,
            "year": 2004,
            "quarter": 2,
            "eps": 0.95,
            "eps_growth_year": 265.38,
            "eps_4q": 2.65,
            "eps_4q_growth_year": 151.48,
            "roe": 4.84,
            "roe_4q": 14.129999999999999,
            "gross_profit": 550925,
            "gross_margin": 20.64,
            "gross_margin_4q_avg": 16.05,
            "net_income": 2055678,
            "revenue": 2668931,
            "common_shares": 20383904,
            "book_valuer_per_share": 21.03,
            "book_valuer_per_share_4q_avg": 19.82,
            "equity": 42862504,
            "current_ratio": 137.95,
            "debt_ratio": 30.88,
            "inventory_turnover_ratio": 1.48,
            "account_receivable_turnover_ratio": null,
            "reinvestment_rate": -20.48,
            "research_to_sale_ratio": null,
            "price_fair": 56.98,
            "eps_avg_yearly": 1.63,
            "eps_latest_yearly": 3.8,
            "eps_growth_yearly": 303.52
        },
        "20043": {
            "year_quarter": 20043,
            "year": 2004,
            "quarter": 3,
            "eps": 0.78,
            "eps_growth_year": 69.57,
            "eps_4q": 2.98,
            "eps_4q_growth_year": 107.55,
            "roe": 3.89,
            "roe_4q": 15.45,
            "gross_profit": 481117,
            "gross_margin": 18.83,
            "gross_margin_4q_avg": 17.6,
            "net_income": 1702318,
            "revenue": 2554897,
            "common_shares": 21708858,
            "book_valuer_per_share": 20.59,
            "book_valuer_per_share_4q_avg": 20.48,
            "equity": 44690579,
            "current_ratio": 163.53,
            "debt_ratio": 27.36,
            "inventory_turnover_ratio": 1.38,
            "account_receivable_turnover_ratio": null,
            "reinvestment_rate": -16.32,
            "research_to_sale_ratio": null,
            "price_fair": 61.73,
            "eps_avg_yearly": 1.76,
            "eps_latest_yearly": 3.12,
            "eps_growth_yearly": 269.42
        },
        "20044": {
            "year_quarter": 20044,
            "year": 2004,
            "quarter": 4,
            "eps": 0.37,
            "eps_growth_year": -13.95,
            "eps_4q": 2.95,
            "eps_4q_growth_year": 82.22,
            "roe": 1.76,
            "roe_4q": 14.96,
            "gross_profit": 549343,
            "gross_margin": 19.79,
            "gross_margin_4q_avg": 19.22,
            "net_income": 806811,
            "revenue": 2776173,
            "common_shares": 21708858,
            "book_valuer_per_share": 20.77,
            "book_valuer_per_share_4q_avg": 20.75,
            "equity": 47096478,
            "current_ratio": 107.68,
            "debt_ratio": 45.19,
            "inventory_turnover_ratio": 1.1,
            "account_receivable_turnover_ratio": null,
            "reinvestment_rate": 163.2,
            "research_to_sale_ratio": null,
            "price_fair": 60.9,
            "eps_avg_yearly": 1.74,
            "eps_latest_yearly": 1.48,
            "eps_growth_yearly": 229.45
        },
        "20051": {
            "year_quarter": 20051,
            "year": 2005,
            "quarter": 1,
            "eps": 0.67,
            "eps_growth_year": -27.17,
            "eps_4q": 2.78,
            "eps_4q_growth_year": 34.11,
            "roe": 3.08,
            "roe_4q": 13.57,
            "gross_profit": 598036,
            "gross_margin": 21.93,
            "gross_margin_4q_avg": 20.3,
            "net_income": 1447864,
            "revenue": 2727069,
            "common_shares": 21708858,
            "book_valuer_per_share": 21.64,
            "book_valuer_per_share_4q_avg": 21.01,
            "equity": 46976453,
            "current_ratio": 172.35,
            "debt_ratio": 25.49,
            "inventory_turnover_ratio": 1.06,
            "account_receivable_turnover_ratio": null,
            "reinvestment_rate": -13.52,
            "research_to_sale_ratio": null,
            "price_fair": 63.43,
            "eps_avg_yearly": 1.81,
            "eps_latest_yearly": 2.68,
            "eps_growth_yearly": 236.75
        },
        "20052": {
            "year_quarter": 20052,
            "year": 2005,
            "quarter": 2,
            "eps": 0.81,
            "eps_growth_year": -14.74,
            "eps_4q": 2.49,
            "eps_4q_growth_year": -6.11,
            "roe": 4.1,
            "roe_4q": 12.83,
            "gross_profit": 609037,
            "gross_margin": 22.99,
            "gross_margin_4q_avg": 20.89,
            "net_income": 1906482,
            "revenue": 2649624,
            "common_shares": 21708858,
            "book_valuer_per_share": 21.18,
            "book_valuer_per_share_4q_avg": 21.05,
            "equity": 45987208,
            "current_ratio": 115.33,
            "debt_ratio": 30.3,
            "inventory_turnover_ratio": 1.28,
            "account_receivable_turnover_ratio": null,
            "reinvestment_rate": -9.49,
            "research_to_sale_ratio": null,
            "price_fair": 67,
            "eps_avg_yearly": 1.91,
            "eps_latest_yearly": 3.24,
            "eps_growth_yearly": 225.8
        },
        "20053": {
            "year_quarter": 20053,
            "year": 2005,
            "quarter": 3,
            "eps": 0.73,
            "eps_growth_year": -6.41,
            "eps_4q": 2.49,
            "eps_4q_growth_year": -16.42,
            "roe": 3.63,
            "roe_4q": 12.569999999999999,
            "gross_profit": 623941,
            "gross_margin": 24.58,
            "gross_margin_4q_avg": 22.32,
            "net_income": 1722181,
            "revenue": 2538807,
            "common_shares": 23445566,
            "book_valuer_per_share": 20.91,
            "book_valuer_per_share_4q_avg": 21.13,
            "equity": 49024495,
            "current_ratio": 158.01,
            "debt_ratio": 26.94,
            "inventory_turnover_ratio": 1.15,
            "account_receivable_turnover_ratio": null,
            "reinvestment_rate": -7.95,
            "research_to_sale_ratio": null,
            "price_fair": 69.35,
            "eps_avg_yearly": 1.98,
            "eps_latest_yearly": 2.92,
            "eps_growth_yearly": 208.12
        },
        "20054": {
            "year_quarter": 20054,
            "year": 2005,
            "quarter": 4,
            "eps": 0.66,
            "eps_growth_year": 78.38,
            "eps_4q": 2.83,
            "eps_4q_growth_year": -4.12,
            "roe": 3.04,
            "roe_4q": 13.85,
            "gross_profit": 629629,
            "gross_margin": 22.23,
            "gross_margin_4q_avg": 22.93,
            "net_income": 1543486,
            "revenue": 2831933,
            "common_shares": 23445566,
            "book_valuer_per_share": 21.38,
            "book_valuer_per_share_4q_avg": 21.28,
            "equity": 52539443,
            "current_ratio": 146.54,
            "debt_ratio": 44.73,
            "inventory_turnover_ratio": 1.06,
            "account_receivable_turnover_ratio": null,
            "reinvestment_rate": 65.54,
            "research_to_sale_ratio": null,
            "price_fair": 70.79,
            "eps_avg_yearly": 2.02,
            "eps_latest_yearly": 2.64,
            "eps_growth_yearly": 192.71
        },
        "20061": {
            "year_quarter": 20061,
            "year": 2006,
            "quarter": 1,
            "eps": 0.74,
            "eps_growth_year": 10.45,
            "eps_4q": 2.94,
            "eps_4q_growth_year": 5.67,
            "roe": 3.27,
            "roe_4q": 14.040000000000001,
            "gross_profit": 672157,
            "gross_margin": 24.97,
            "gross_margin_4q_avg": 23.69,
            "net_income": 1739670,
            "revenue": 2691464,
            "common_shares": 23445566,
            "book_valuer_per_share": 22.99,
            "book_valuer_per_share_4q_avg": 21.62,
            "equity": 53909115,
            "current_ratio": 165.6,
            "debt_ratio": 25.37,
            "inventory_turnover_ratio": 1.02,
            "account_receivable_turnover_ratio": null,
            "reinvestment_rate": -6.76,
            "research_to_sale_ratio": null,
            "price_fair": 75.34,
            "eps_avg_yearly": 2.15,
            "eps_latest_yearly": 2.96,
            "eps_growth_yearly": 178.44
        },
        "20062": {
            "year_quarter": 20062,
            "year": 2006,
            "quarter": 2,
            "eps": 0.83,
            "eps_growth_year": 2.47,
            "eps_4q": 2.96,
            "eps_4q_growth_year": 18.63,
            "roe": 3.65,
            "roe_4q": 13.59,
            "gross_profit": 713007,
            "gross_margin": 26.93,
            "gross_margin_4q_avg": 24.68,
            "net_income": 1954661,
            "revenue": 2648036,
            "common_shares": 23445566,
            "book_valuer_per_share": 22.73,
            "book_valuer_per_share_4q_avg": 22,
            "equity": 53280433,
            "current_ratio": 130.63,
            "debt_ratio": 30.28,
            "inventory_turnover_ratio": 1.42,
            "account_receivable_turnover_ratio": null,
            "reinvestment_rate": -5.83,
            "research_to_sale_ratio": null,
            "price_fair": 82.43,
            "eps_avg_yearly": 2.36,
            "eps_latest_yearly": 3.32,
            "eps_growth_yearly": 204.2
        },
        "20063": {
            "year_quarter": 20063,
            "year": 2006,
            "quarter": 3,
            "eps": 0.79,
            "eps_growth_year": 8.22,
            "eps_4q": 2.87,
            "eps_4q_growth_year": 14.9,
            "roe": 3.65,
            "roe_4q": 13.61,
            "gross_profit": 669276,
            "gross_margin": 24.88,
            "gross_margin_4q_avg": 24.75,
            "net_income": 1993796,
            "revenue": 2689806,
            "common_shares": 25321212,
            "book_valuer_per_share": 22.14,
            "book_valuer_per_share_4q_avg": 22.31,
            "equity": 56058869,
            "current_ratio": 113.83,
            "debt_ratio": 27.84,
            "inventory_turnover_ratio": 1.42,
            "account_receivable_turnover_ratio": null,
            "reinvestment_rate": -5.15,
            "research_to_sale_ratio": null,
            "price_fair": 88.46,
            "eps_avg_yearly": 2.53,
            "eps_latest_yearly": 3.16,
            "eps_growth_yearly": 103
        },
        "20064": {
            "year_quarter": 20064,
            "year": 2006,
            "quarter": 4,
            "eps": 0.6,
            "eps_growth_year": -9.09,
            "eps_4q": 2.85,
            "eps_4q_growth_year": 0.6,
            "roe": 2.57,
            "roe_4q": 13.139999999999999,
            "gross_profit": 720328,
            "gross_margin": 25.89,
            "gross_margin_4q_avg": 25.67,
            "net_income": 1518428,
            "revenue": 2782057,
            "common_shares": 25321211,
            "book_valuer_per_share": 23.57,
            "book_valuer_per_share_4q_avg": 22.86,
            "equity": 62013021,
            "current_ratio": 220.04,
            "debt_ratio": 41.97,
            "inventory_turnover_ratio": 0.91,
            "account_receivable_turnover_ratio": null,
            "reinvestment_rate": 59.7,
            "research_to_sale_ratio": null,
            "price_fair": 91.7,
            "eps_avg_yearly": 2.62,
            "eps_latest_yearly": 2.4,
            "eps_growth_yearly": 64.49
        },
        "20071": {
            "year_quarter": 20071,
            "year": 2007,
            "quarter": 1,
            "eps": 0.93,
            "eps_growth_year": 25.68,
            "eps_4q": 3.1,
            "eps_4q_growth_year": 5.27,
            "roe": 3.74,
            "roe_4q": 13.610000000000001,
            "gross_profit": 663824,
            "gross_margin": 23.99,
            "gross_margin_4q_avg": 25.42,
            "net_income": 2348278,
            "revenue": 2767481,
            "common_shares": 25321211,
            "book_valuer_per_share": 25.07,
            "book_valuer_per_share_4q_avg": 23.38,
            "equity": 63492191,
            "current_ratio": 178.31,
            "debt_ratio": 24.66,
            "inventory_turnover_ratio": 0.9,
            "account_receivable_turnover_ratio": null,
            "reinvestment_rate": -3.82,
            "research_to_sale_ratio": null,
            "price_fair": 95.64,
            "eps_avg_yearly": 2.73,
            "eps_latest_yearly": 3.72,
            "eps_growth_yearly": 51.06
        },
        "20072": {
            "year_quarter": 20072,
            "year": 2007,
            "quarter": 2,
            "eps": 1.09,
            "eps_growth_year": 31.33,
            "eps_4q": 3.41,
            "eps_4q_growth_year": 15.39,
            "roe": 4.34,
            "roe_4q": 14.3,
            "gross_profit": 567646,
            "gross_margin": 20.93,
            "gross_margin_4q_avg": 23.92,
            "net_income": 2752983,
            "revenue": 2711594,
            "common_shares": 25321211,
            "book_valuer_per_share": 24.97,
            "book_valuer_per_share_4q_avg": 23.94,
            "equity": 63238192,
            "current_ratio": 135.44,
            "debt_ratio": 29.02,
            "inventory_turnover_ratio": 1.25,
            "account_receivable_turnover_ratio": null,
            "reinvestment_rate": -3.24,
            "research_to_sale_ratio": null,
            "price_fair": 102.9,
            "eps_avg_yearly": 2.94,
            "eps_latest_yearly": 4.36,
            "eps_growth_yearly": 66.82
        },
        "20073": {
            "year_quarter": 20073,
            "year": 2007,
            "quarter": 3,
            "eps": 1,
            "eps_growth_year": 26.58,
            "eps_4q": 3.42,
            "eps_4q_growth_year": 19.22,
            "roe": 4.07,
            "roe_4q": 14.72,
            "gross_profit": 445070,
            "gross_margin": 17.5,
            "gross_margin_4q_avg": 22.08,
            "net_income": 2739686,
            "revenue": 2543118,
            "common_shares": 27346909,
            "book_valuer_per_share": 26.06,
            "book_valuer_per_share_4q_avg": 24.92,
            "equity": 71255235,
            "current_ratio": 138.96,
            "debt_ratio": 25.2,
            "inventory_turnover_ratio": 1.09,
            "account_receivable_turnover_ratio": null,
            "reinvestment_rate": -2.84,
            "research_to_sale_ratio": null,
            "price_fair": 107.63,
            "eps_avg_yearly": 3.08,
            "eps_latest_yearly": 4,
            "eps_growth_yearly": 45.53
        },
        "20074": {
            "year_quarter": 20074,
            "year": 2007,
            "quarter": 4,
            "eps": 0.83,
            "eps_growth_year": 38.33,
            "eps_4q": 3.71,
            "eps_4q_growth_year": 30.29,
            "roe": 3.06,
            "roe_4q": 15.21,
            "gross_profit": 435023,
            "gross_margin": 15.97,
            "gross_margin_4q_avg": 19.6,
            "net_income": 2259475,
            "revenue": 2723317,
            "common_shares": 27346909,
            "book_valuer_per_share": 26.45,
            "book_valuer_per_share_4q_avg": 25.64,
            "equity": 76299753,
            "current_ratio": 161.3,
            "debt_ratio": 40.47,
            "inventory_turnover_ratio": 0.61,
            "account_receivable_turnover_ratio": null,
            "reinvestment_rate": 48.44,
            "research_to_sale_ratio": null,
            "price_fair": 111.13,
            "eps_avg_yearly": 3.18,
            "eps_latest_yearly": 3.32,
            "eps_growth_yearly": 42.91
        },
        "20081": {
            "year_quarter": 20081,
            "year": 2008,
            "quarter": 1,
            "eps": 1.05,
            "eps_growth_year": 12.9,
            "eps_4q": 3.84,
            "eps_4q_growth_year": 24.19,
            "roe": 3.69,
            "roe_4q": 15.16,
            "gross_profit": 1462189,
            "gross_margin": 15.52,
            "gross_margin_4q_avg": 17.48,
            "net_income": 2899800,
            "revenue": 9421768,
            "common_shares": 27346909,
            "book_valuer_per_share": 28.13,
            "book_valuer_per_share_4q_avg": 26.4,
            "equity": 80916140,
            "current_ratio": 167.66,
            "debt_ratio": 42.59,
            "inventory_turnover_ratio": 1.41,
            "account_receivable_turnover_ratio": null,
            "reinvestment_rate": 127.34,
            "research_to_sale_ratio": null,
            "price_fair": 99.58,
            "eps_avg_yearly": 3.21,
            "eps_latest_yearly": 4.2,
            "eps_growth_yearly": 21.04
        },
        "20082": {
            "year_quarter": 20082,
            "year": 2008,
            "quarter": 2,
            "eps": 0.84,
            "eps_growth_year": -22.94,
            "eps_4q": 3.51,
            "eps_4q_growth_year": 2.82,
            "roe": 3.03,
            "roe_4q": 13.85,
            "gross_profit": 1829693,
            "gross_margin": 17.32,
            "gross_margin_4q_avg": 16.58,
            "net_income": 2434799,
            "revenue": 10562330,
            "common_shares": 27346909,
            "book_valuer_per_share": 24.99,
            "book_valuer_per_share_4q_avg": 26.41,
            "equity": 79968141,
            "current_ratio": 170.66,
            "debt_ratio": 47.01,
            "inventory_turnover_ratio": 1.45,
            "account_receivable_turnover_ratio": null,
            "reinvestment_rate": 137.23,
            "research_to_sale_ratio": null,
            "price_fair": 80.23,
            "eps_avg_yearly": 3.18,
            "eps_latest_yearly": 3.36,
            "eps_growth_yearly": 15.23
        },
        "20083": {
            "year_quarter": 20083,
            "year": 2008,
            "quarter": 3,
            "eps": 0.58,
            "eps_growth_year": -42,
            "eps_4q": 3.04,
            "eps_4q_growth_year": -11.12,
            "roe": 2.21,
            "roe_4q": 11.99,
            "gross_profit": 1241160,
            "gross_margin": 10.68,
            "gross_margin_4q_avg": 14.87,
            "net_income": 1739878,
            "revenue": 11616445,
            "common_shares": 28987723,
            "book_valuer_per_share": 22.63,
            "book_valuer_per_share_4q_avg": 25.55,
            "equity": 77814389,
            "current_ratio": 180.08,
            "debt_ratio": 47.01,
            "inventory_turnover_ratio": 1.67,
            "account_receivable_turnover_ratio": null,
            "reinvestment_rate": 153.74,
            "research_to_sale_ratio": null,
            "price_fair": 68.75,
            "eps_avg_yearly": 3.13,
            "eps_latest_yearly": 2.32,
            "eps_growth_yearly": 11.97
        },
        "20084": {
            "year_quarter": 20084,
            "year": 2008,
            "quarter": 4,
            "eps": 0.16,
            "eps_growth_year": -80.72,
            "eps_4q": 2.94,
            "eps_4q_growth_year": -20.78,
            "roe": 0.51,
            "roe_4q": 9.44,
            "gross_profit": 1614629,
            "gross_margin": 13.14,
            "gross_margin_4q_avg": 14.17,
            "net_income": 398158,
            "revenue": 12285224,
            "common_shares": 28987723,
            "book_valuer_per_share": 22.37,
            "book_valuer_per_share_4q_avg": 24.53,
            "equity": 77204350,
            "current_ratio": 165.5,
            "debt_ratio": 46.47,
            "inventory_turnover_ratio": 1.95,
            "account_receivable_turnover_ratio": 3.26,
            "reinvestment_rate": 97.89,
            "research_to_sale_ratio": null,
            "price_fair": 52.33,
            "eps_avg_yearly": 3.08,
            "eps_latest_yearly": 0.64,
            "eps_growth_yearly": 7
        },
        "20091": {
            "year_quarter": 20091,
            "year": 2009,
            "quarter": 1,
            "eps": 0.55,
            "eps_growth_year": -47.62,
            "eps_4q": 1.92,
            "eps_4q_growth_year": -50.07,
            "roe": 2.18,
            "roe_4q": 7.93,
            "gross_profit": 1683354,
            "gross_margin": 16.52,
            "gross_margin_4q_avg": 14.42,
            "net_income": 1731807,
            "revenue": 10187443,
            "common_shares": 28987723,
            "book_valuer_per_share": 23.75,
            "book_valuer_per_share_4q_avg": 23.44,
            "equity": 81697869,
            "current_ratio": 161.62,
            "debt_ratio": 46.14,
            "inventory_turnover_ratio": 1.73,
            "account_receivable_turnover_ratio": 1.41,
            "reinvestment_rate": 166.77,
            "research_to_sale_ratio": null,
            "price_fair": 106.66,
            "eps_avg_yearly": 3.05,
            "eps_latest_yearly": 2.2,
            "eps_growth_yearly": 47.67
        },
        "20092": {
            "year_quarter": 20092,
            "year": 2009,
            "quarter": 2,
            "eps": 1.02,
            "eps_growth_year": 21.43,
            "eps_4q": 2.07,
            "eps_4q_growth_year": -40.96,
            "roe": 4,
            "roe_4q": 8.899999999999999,
            "gross_profit": 2469422,
            "gross_margin": 19.71,
            "gross_margin_4q_avg": 15.01,
            "net_income": 3300418,
            "revenue": 12531826,
            "common_shares": 28987723,
            "book_valuer_per_share": 24.38,
            "book_valuer_per_share_4q_avg": 23.28,
            "equity": 83333326,
            "current_ratio": 139.78,
            "debt_ratio": 46.95,
            "inventory_turnover_ratio": 2.23,
            "account_receivable_turnover_ratio": 1.74,
            "reinvestment_rate": 160.4,
            "research_to_sale_ratio": null,
            "price_fair": 108.5,
            "eps_avg_yearly": 3.1,
            "eps_latest_yearly": 4.08,
            "eps_growth_yearly": 63.81
        },
        "20093": {
            "year_quarter": 20093,
            "year": 2009,
            "quarter": 3,
            "eps": 0.69,
            "eps_growth_year": 18.97,
            "eps_4q": 2.02,
            "eps_4q_growth_year": -33.41,
            "roe": 2.88,
            "roe_4q": 9.57,
            "gross_profit": 2602492,
            "gross_margin": 20.68,
            "gross_margin_4q_avg": 17.51,
            "net_income": 2416118,
            "revenue": 12585511,
            "common_shares": 29857355,
            "book_valuer_per_share": 24,
            "book_valuer_per_share_4q_avg": 23.63,
            "equity": 84438127,
            "current_ratio": 163.66,
            "debt_ratio": 44.91,
            "inventory_turnover_ratio": 2.31,
            "account_receivable_turnover_ratio": 1.66,
            "reinvestment_rate": 164.89,
            "research_to_sale_ratio": null,
            "price_fair": 108.15,
            "eps_avg_yearly": 3.09,
            "eps_latest_yearly": 2.76,
            "eps_growth_yearly": 58.19
        },
        "20094": {
            "year_quarter": 20094,
            "year": 2009,
            "quarter": 4,
            "eps": 0.43,
            "eps_growth_year": 168.75,
            "eps_4q": 2.64,
            "eps_4q_growth_year": -10.16,
            "roe": 1.75,
            "roe_4q": 10.809999999999999,
            "gross_profit": 1332133,
            "gross_margin": 10.16,
            "gross_margin_4q_avg": 16.77,
            "net_income": 1506667,
            "revenue": 13113345,
            "common_shares": 29857355,
            "book_valuer_per_share": 25.15,
            "book_valuer_per_share_4q_avg": 24.32,
            "equity": 88067806,
            "current_ratio": 140.52,
            "debt_ratio": 46.21,
            "inventory_turnover_ratio": 2.65,
            "account_receivable_turnover_ratio": 3.33,
            "reinvestment_rate": 274.84,
            "research_to_sale_ratio": null,
            "price_fair": 106.14,
            "eps_avg_yearly": 3.03,
            "eps_latest_yearly": 1.72,
            "eps_growth_yearly": 51.17
        },
        "20101": {
            "year_quarter": 20101,
            "year": 2010,
            "quarter": 1,
            "eps": 0.54,
            "eps_growth_year": -1.82,
            "eps_4q": 2.65,
            "eps_4q_growth_year": 38,
            "roe": 1.99,
            "roe_4q": 10.620000000000001,
            "gross_profit": 1164834,
            "gross_margin": 10.27,
            "gross_margin_4q_avg": 15.21,
            "net_income": 1744706,
            "revenue": 11337187,
            "common_shares": 29857355,
            "book_valuer_per_share": 24.91,
            "book_valuer_per_share_4q_avg": 24.61,
            "equity": 87422478,
            "current_ratio": 136.63,
            "debt_ratio": 47.32,
            "inventory_turnover_ratio": 2.31,
            "account_receivable_turnover_ratio": 1.43,
            "reinvestment_rate": 354.64,
            "research_to_sale_ratio": null,
            "price_fair": 104.39,
            "eps_avg_yearly": 2.98,
            "eps_latest_yearly": 2.16,
            "eps_growth_yearly": 54.53
        },
        "20102": {
            "year_quarter": 20102,
            "year": 2010,
            "quarter": 2,
            "eps": 0.69,
            "eps_growth_year": -32.69,
            "eps_4q": 2.3,
            "eps_4q_growth_year": 10.91,
            "roe": 2.43,
            "roe_4q": 9.05,
            "gross_profit": 1897144,
            "gross_margin": 14.7,
            "gross_margin_4q_avg": 13.95,
            "net_income": 2077636,
            "revenue": 12908653,
            "common_shares": 29857355,
            "book_valuer_per_share": 23.54,
            "book_valuer_per_share_4q_avg": 24.4,
            "equity": 83262589,
            "current_ratio": 122.08,
            "debt_ratio": 50.89,
            "inventory_turnover_ratio": 2.31,
            "account_receivable_turnover_ratio": 1.56,
            "reinvestment_rate": 348.42,
            "research_to_sale_ratio": null,
            "price_fair": 103.16,
            "eps_avg_yearly": 2.95,
            "eps_latest_yearly": 2.76,
            "eps_growth_yearly": 58.44
        },
        "20103": {
            "year_quarter": 20103,
            "year": 2010,
            "quarter": 3,
            "eps": 0.49,
            "eps_growth_year": -28.91,
            "eps_4q": 2.12,
            "eps_4q_growth_year": 4.61,
            "roe": 1.81,
            "roe_4q": 7.98,
            "gross_profit": 1022840,
            "gross_margin": 8.15,
            "gross_margin_4q_avg": 10.82,
            "net_income": 1553318,
            "revenue": 12547089,
            "common_shares": 30753075,
            "book_valuer_per_share": 24.57,
            "book_valuer_per_share_4q_avg": 24.54,
            "equity": 88582129,
            "current_ratio": 136.21,
            "debt_ratio": 46.48,
            "inventory_turnover_ratio": 2.2,
            "account_receivable_turnover_ratio": 1.35,
            "reinvestment_rate": 377.72,
            "research_to_sale_ratio": null,
            "price_fair": 100.54,
            "eps_avg_yearly": 2.87,
            "eps_latest_yearly": 1.96,
            "eps_growth_yearly": 52.4
        },
        "20104": {
            "year_quarter": 20104,
            "year": 2010,
            "quarter": 4,
            "eps": 0.79,
            "eps_growth_year": 84.67,
            "eps_4q": 2.5,
            "eps_4q_growth_year": -5.48,
            "roe": 3.31,
            "roe_4q": 9.540000000000001,
            "gross_profit": 2198403,
            "gross_margin": 12.92,
            "gross_margin_4q_avg": 11.51,
            "net_income": 2978614,
            "revenue": 17021187,
            "common_shares": 30753075,
            "book_valuer_per_share": 25.57,
            "book_valuer_per_share_4q_avg": 24.65,
            "equity": 91614526,
            "current_ratio": 130.62,
            "debt_ratio": 45.98,
            "inventory_turnover_ratio": 2.62,
            "account_receivable_turnover_ratio": 1.55,
            "reinvestment_rate": 293.08,
            "research_to_sale_ratio": null,
            "price_fair": 102.2,
            "eps_avg_yearly": 2.92,
            "eps_latest_yearly": 3.16,
            "eps_growth_yearly": 73.71
        },
        "20111": {
            "year_quarter": 20111,
            "year": 2011,
            "quarter": 1,
            "eps": 0.72,
            "eps_growth_year": 33.33,
            "eps_4q": 2.7,
            "eps_4q_growth_year": 1.78,
            "roe": 2.79,
            "roe_4q": 10.34,
            "gross_profit": 2210347,
            "gross_margin": 15.51,
            "gross_margin_4q_avg": 12.82,
            "net_income": 2613202,
            "revenue": 14255486,
            "common_shares": 30753075,
            "book_valuer_per_share": 26.63,
            "book_valuer_per_share_4q_avg": 25.08,
            "equity": 95410805,
            "current_ratio": 151.57,
            "debt_ratio": 45.03,
            "inventory_turnover_ratio": 2.01,
            "account_receivable_turnover_ratio": 1.15,
            "reinvestment_rate": 388.52,
            "research_to_sale_ratio": null,
            "price_fair": 100.36,
            "eps_avg_yearly": 2.87,
            "eps_latest_yearly": 2.88,
            "eps_growth_yearly": 57.75
        },
        "20112": {
            "year_quarter": 20112,
            "year": 2011,
            "quarter": 2,
            "eps": 1.18,
            "eps_growth_year": 71.34,
            "eps_4q": 3.15,
            "eps_4q_growth_year": 37.01,
            "roe": 4.46,
            "roe_4q": 12.370000000000001,
            "gross_profit": 3149500,
            "gross_margin": 18.02,
            "gross_margin_4q_avg": 13.65,
            "net_income": 4237215,
            "revenue": 17479988,
            "common_shares": 30753075,
            "book_valuer_per_share": 26.21,
            "book_valuer_per_share_4q_avg": 25.75,
            "equity": 94390047,
            "current_ratio": 158.84,
            "debt_ratio": 49.22,
            "inventory_turnover_ratio": 2.16,
            "account_receivable_turnover_ratio": 1.29,
            "reinvestment_rate": 367.32,
            "research_to_sale_ratio": null,
            "price_fair": 101.15,
            "eps_avg_yearly": 2.89,
            "eps_latest_yearly": 4.72,
            "eps_growth_yearly": 69.42
        },
        "20113": {
            "year_quarter": 20113,
            "year": 2011,
            "quarter": 3,
            "eps": 0.74,
            "eps_growth_year": 51.17,
            "eps_4q": 3.41,
            "eps_4q_growth_year": 61.05,
            "roe": 3.03,
            "roe_4q": 13.590000000000002,
            "gross_profit": 2693896,
            "gross_margin": 15.06,
            "gross_margin_4q_avg": 15.38,
            "net_income": 2874054,
            "revenue": 17883821,
            "common_shares": 31368137,
            "book_valuer_per_share": 25.49,
            "book_valuer_per_share_4q_avg": 25.98,
            "equity": 95159696,
            "current_ratio": 189.63,
            "debt_ratio": 49.08,
            "inventory_turnover_ratio": 2.17,
            "account_receivable_turnover_ratio": 1.15,
            "reinvestment_rate": 372.05,
            "research_to_sale_ratio": null,
            "price_fair": 98.88,
            "eps_avg_yearly": 2.83,
            "eps_latest_yearly": 2.96,
            "eps_growth_yearly": 62.16
        },
        "20114": {
            "year_quarter": 20114,
            "year": 2011,
            "quarter": 4,
            "eps": 0.57,
            "eps_growth_year": -28.83,
            "eps_4q": 3.19,
            "eps_4q_growth_year": 27.92,
            "roe": 2.56,
            "roe_4q": 12.84,
            "gross_profit": 3299136,
            "gross_margin": 17.18,
            "gross_margin_4q_avg": 16.44,
            "net_income": 2524215,
            "revenue": 19207331,
            "common_shares": 31368137,
            "book_valuer_per_share": 27.53,
            "book_valuer_per_share_4q_avg": 26.47,
            "equity": 102355990,
            "current_ratio": 193.55,
            "debt_ratio": 47.08,
            "inventory_turnover_ratio": 2.37,
            "account_receivable_turnover_ratio": 1.07,
            "reinvestment_rate": 285.05,
            "research_to_sale_ratio": null,
            "price_fair": 96.6,
            "eps_avg_yearly": 2.76,
            "eps_latest_yearly": 2.28,
            "eps_growth_yearly": 60.67
        },
        "20121": {
            "year_quarter": 20121,
            "year": 2012,
            "quarter": 1,
            "eps": 0.53,
            "eps_growth_year": -26.39,
            "eps_4q": 3.01,
            "eps_4q_growth_year": 11.76,
            "roe": 1.7,
            "roe_4q": 11.75,
            "gross_profit": 1089140,
            "gross_margin": 8.19,
            "gross_margin_4q_avg": 14.61,
            "net_income": 1757228,
            "revenue": 13305039,
            "common_shares": 31368137,
            "book_valuer_per_share": 28.06,
            "book_valuer_per_share_4q_avg": 26.82,
            "equity": 103924561,
            "current_ratio": 163.64,
            "debt_ratio": 46.03,
            "inventory_turnover_ratio": 1.72,
            "account_receivable_turnover_ratio": 0.76,
            "reinvestment_rate": 288,
            "research_to_sale_ratio": null,
            "price_fair": 92.05,
            "eps_avg_yearly": 2.63,
            "eps_latest_yearly": 2.12,
            "eps_growth_yearly": 52.29
        },
        "20122": {
            "year_quarter": 20122,
            "year": 2012,
            "quarter": 2,
            "eps": 0.75,
            "eps_growth_year": -36.12,
            "eps_4q": 2.53,
            "eps_4q_growth_year": -19.44,
            "roe": 2.54,
            "roe_4q": 9.83,
            "gross_profit": 1453261,
            "gross_margin": 8.66,
            "gross_margin_4q_avg": 12.27,
            "net_income": 2539970,
            "revenue": 16788851,
            "common_shares": 31368137,
            "book_valuer_per_share": 25.79,
            "book_valuer_per_share_4q_avg": 26.72,
            "equity": 96257161,
            "current_ratio": 123.07,
            "debt_ratio": 50.51,
            "inventory_turnover_ratio": 2.08,
            "account_receivable_turnover_ratio": 1.02,
            "reinvestment_rate": 265.21,
            "research_to_sale_ratio": null,
            "price_fair": 91.26,
            "eps_avg_yearly": 2.61,
            "eps_latest_yearly": 3,
            "eps_growth_yearly": 67.67
        },
        "20123": {
            "year_quarter": 20123,
            "year": 2012,
            "quarter": 3,
            "eps": 0.26,
            "eps_growth_year": -64.54,
            "eps_4q": 2.08,
            "eps_4q_growth_year": -39.02,
            "roe": 0.98,
            "roe_4q": 7.779999999999999,
            "gross_profit": 1267370,
            "gross_margin": 7.63,
            "gross_margin_4q_avg": 10.42,
            "net_income": 951001,
            "revenue": 16605104,
            "common_shares": 32309181,
            "book_valuer_per_share": 25.56,
            "book_valuer_per_share_4q_avg": 26.74,
            "equity": 97756450,
            "current_ratio": 116.37,
            "debt_ratio": 48.26,
            "inventory_turnover_ratio": 2.28,
            "account_receivable_turnover_ratio": 1.03,
            "reinvestment_rate": 258.53,
            "research_to_sale_ratio": null,
            "price_fair": 88.46,
            "eps_avg_yearly": 2.53,
            "eps_latest_yearly": 1.04,
            "eps_growth_yearly": 59.07
        },
        "20124": {
            "year_quarter": 20124,
            "year": 2012,
            "quarter": 4,
            "eps": 0.4,
            "eps_growth_year": -28.98,
            "eps_4q": 1.93,
            "eps_4q_growth_year": -39.56,
            "roe": 1.71,
            "roe_4q": 6.930000000000001,
            "gross_profit": 2223652,
            "gross_margin": 12.67,
            "gross_margin_4q_avg": 9.29,
            "net_income": 1689049,
            "revenue": 17544544,
            "common_shares": 32309181,
            "book_valuer_per_share": 26.21,
            "book_valuer_per_share_4q_avg": 26.41,
            "equity": 100225003,
            "current_ratio": 118.49,
            "debt_ratio": 47.2,
            "inventory_turnover_ratio": 2.34,
            "account_receivable_turnover_ratio": 1.1,
            "reinvestment_rate": 245.98,
            "research_to_sale_ratio": null,
            "price_fair": 90.56,
            "eps_avg_yearly": 2.59,
            "eps_latest_yearly": 1.6,
            "eps_growth_yearly": 90.64
        },
        "20131": {
            "year_quarter": 20131,
            "year": 2013,
            "quarter": 1,
            "eps": 0.4,
            "eps_growth_year": -24.53,
            "eps_4q": 1.79,
            "eps_4q_growth_year": -40.53,
            "roe": 1.34,
            "roe_4q": 6.569999999999999,
            "gross_profit": 892180,
            "gross_margin": 6.4,
            "gross_margin_4q_avg": 8.84,
            "net_income": 1371559,
            "revenue": 13931550,
            "common_shares": 32309181,
            "book_valuer_per_share": 26.92,
            "book_valuer_per_share_4q_avg": 26.12,
            "equity": 104251999,
            "current_ratio": 105.92,
            "debt_ratio": 49.31,
            "inventory_turnover_ratio": 1.81,
            "account_receivable_turnover_ratio": 0.88,
            "reinvestment_rate": 207.87,
            "research_to_sale_ratio": null,
            "price_fair": 89.25,
            "eps_avg_yearly": 2.55,
            "eps_latest_yearly": 1.6,
            "eps_growth_yearly": 29.7
        },
        "20132": {
            "year_quarter": 20132,
            "year": 2013,
            "quarter": 2,
            "eps": 0.83,
            "eps_growth_year": 10.44,
            "eps_4q": 1.78,
            "eps_4q_growth_year": -29.83,
            "roe": 2.86,
            "roe_4q": 6.890000000000001,
            "gross_profit": 2510687,
            "gross_margin": 13.81,
            "gross_margin_4q_avg": 10.13,
            "net_income": 2934680,
            "revenue": 18181256,
            "common_shares": 32309181,
            "book_valuer_per_share": 25.74,
            "book_valuer_per_share_4q_avg": 26.11,
            "equity": 100693206,
            "current_ratio": 103.2,
            "debt_ratio": 54,
            "inventory_turnover_ratio": 2.08,
            "account_receivable_turnover_ratio": 1.13,
            "reinvestment_rate": 210.61,
            "research_to_sale_ratio": null,
            "price_fair": 87.59,
            "eps_avg_yearly": 2.5,
            "eps_latest_yearly": 3.32,
            "eps_growth_yearly": 35.21
        },
        "20133": {
            "year_quarter": 20133,
            "year": 2013,
            "quarter": 3,
            "eps": 0.34,
            "eps_growth_year": 29.3,
            "eps_4q": 1.84,
            "eps_4q_growth_year": -11.58,
            "roe": 1.34,
            "roe_4q": 7.25,
            "gross_profit": 1938103,
            "gross_margin": 11.01,
            "gross_margin_4q_avg": 10.97,
            "net_income": 1361389,
            "revenue": 17609788,
            "common_shares": 32955365,
            "book_valuer_per_share": 25.62,
            "book_valuer_per_share_4q_avg": 26.12,
            "equity": 102152309,
            "current_ratio": 87.47,
            "debt_ratio": 50.76,
            "inventory_turnover_ratio": 2.23,
            "account_receivable_turnover_ratio": 1.11,
            "reinvestment_rate": 219.99,
            "research_to_sale_ratio": null,
            "price_fair": 84.53,
            "eps_avg_yearly": 2.42,
            "eps_latest_yearly": 1.36,
            "eps_growth_yearly": 28.54
        },
        "20134": {
            "year_quarter": 20134,
            "year": 2013,
            "quarter": 4,
            "eps": 0.62,
            "eps_growth_year": 54.97,
            "eps_4q": 2.07,
            "eps_4q_growth_year": 7.01,
            "roe": 2.66,
            "roe_4q": 8.2,
            "gross_profit": 3672833,
            "gross_margin": 17.96,
            "gross_margin_4q_avg": 12.3,
            "net_income": 2784262,
            "revenue": 20450187,
            "common_shares": 32955365,
            "book_valuer_per_share": 26.99,
            "book_valuer_per_share_4q_avg": 26.32,
            "equity": 107339040,
            "current_ratio": 105.46,
            "debt_ratio": 50.31,
            "inventory_turnover_ratio": 2.32,
            "account_receivable_turnover_ratio": 1.25,
            "reinvestment_rate": 24.45,
            "research_to_sale_ratio": null,
            "price_fair": 86.19,
            "eps_avg_yearly": 2.46,
            "eps_latest_yearly": 2.48,
            "eps_growth_yearly": 58.55
        },
        "20141": {
            "year_quarter": 20141,
            "year": 2014,
            "quarter": 1,
            "eps": 0.47,
            "eps_growth_year": 17.5,
            "eps_4q": 2.13,
            "eps_4q_growth_year": 19.11,
            "roe": 1.29,
            "roe_4q": 8.15,
            "gross_profit": 2237728,
            "gross_margin": 13.77,
            "gross_margin_4q_avg": 14.14,
            "net_income": 1683231,
            "revenue": 16256080,
            "common_shares": 32955365,
            "book_valuer_per_share": 41.09,
            "book_valuer_per_share_4q_avg": 29.86,
            "equity": 153439183,
            "current_ratio": 101.29,
            "debt_ratio": 40.15,
            "inventory_turnover_ratio": 1.72,
            "account_receivable_turnover_ratio": 0.9,
            "reinvestment_rate": 91.83,
            "research_to_sale_ratio": null,
            "price_fair": 85.58,
            "eps_avg_yearly": 2.45,
            "eps_latest_yearly": 1.88,
            "eps_growth_yearly": 46.1
        },
        "20142": {
            "year_quarter": 20142,
            "year": 2014,
            "quarter": 2,
            "eps": 1.21,
            "eps_growth_year": 45.78,
            "eps_4q": 2.46,
            "eps_4q_growth_year": 38.3,
            "roe": 2.78,
            "roe_4q": 8.07,
            "gross_profit": 3280189,
            "gross_margin": 15.48,
            "gross_margin_4q_avg": 14.56,
            "net_income": 4195441,
            "revenue": 21194832,
            "common_shares": 32955365,
            "book_valuer_per_share": 39.67,
            "book_valuer_per_share_4q_avg": 33.34,
            "equity": 148259570,
            "current_ratio": 99.24,
            "debt_ratio": 44.19,
            "inventory_turnover_ratio": 2.11,
            "account_receivable_turnover_ratio": 1.12,
            "reinvestment_rate": 99.24,
            "research_to_sale_ratio": null,
            "price_fair": 90.13,
            "eps_avg_yearly": 2.58,
            "eps_latest_yearly": 4.84,
            "eps_growth_yearly": 78.52
        },
        "20143": {
            "year_quarter": 20143,
            "year": 2014,
            "quarter": 3,
            "eps": 0.64,
            "eps_growth_year": 88.24,
            "eps_4q": 2.75,
            "eps_4q_growth_year": 49.8,
            "roe": 1.57,
            "roe_4q": 8.3,
            "gross_profit": 2378226,
            "gross_margin": 12.02,
            "gross_margin_4q_avg": 14.81,
            "net_income": 2360599,
            "revenue": 19783979,
            "common_shares": 33614472,
            "book_valuer_per_share": 39.81,
            "book_valuer_per_share_4q_avg": 36.89,
            "equity": 152157576,
            "current_ratio": 95.75,
            "debt_ratio": 42.36,
            "inventory_turnover_ratio": 2.01,
            "account_receivable_turnover_ratio": 1.04,
            "reinvestment_rate": 80.87,
            "research_to_sale_ratio": null,
            "price_fair": 91.44,
            "eps_avg_yearly": 2.61,
            "eps_latest_yearly": 2.56,
            "eps_growth_yearly": 73.99
        },
        "20144": {
            "year_quarter": 20144,
            "year": 2014,
            "quarter": 4,
            "eps": 0.64,
            "eps_growth_year": 3.44,
            "eps_4q": 2.79,
            "eps_4q_growth_year": 34.86,
            "roe": 1.7,
            "roe_4q": 7.34,
            "gross_profit": 3233461,
            "gross_margin": 15.81,
            "gross_margin_4q_avg": 14.27,
            "net_income": 2666727,
            "revenue": 20448390,
            "common_shares": 33614472,
            "book_valuer_per_share": 42.19,
            "book_valuer_per_share_4q_avg": 40.69,
            "equity": 161727226,
            "current_ratio": 108.57,
            "debt_ratio": 42.82,
            "inventory_turnover_ratio": 1.89,
            "account_receivable_turnover_ratio": 1.04,
            "reinvestment_rate": 81.74,
            "research_to_sale_ratio": null,
            "price_fair": 90.13,
            "eps_avg_yearly": 2.58,
            "eps_latest_yearly": 2.56,
            "eps_growth_yearly": 58.68
        },
        "20151": {
            "year_quarter": 20151,
            "year": 2015,
            "quarter": 1,
            "eps": 0.47,
            "eps_growth_year": 0,
            "eps_4q": 2.79,
            "eps_4q_growth_year": 30.91,
            "roe": 0.94,
            "roe_4q": 6.99,
            "gross_profit": 1631311,
            "gross_margin": 10.62,
            "gross_margin_4q_avg": 13.48,
            "net_income": 1542288,
            "revenue": 15362530,
            "common_shares": 33614472,
            "book_valuer_per_share": 43.88,
            "book_valuer_per_share_4q_avg": 41.39,
            "equity": 167234786,
            "current_ratio": 112.05,
            "debt_ratio": 41.86,
            "inventory_turnover_ratio": 1.43,
            "account_receivable_turnover_ratio": 0.8,
            "reinvestment_rate": 78.98,
            "research_to_sale_ratio": null,
            "price_fair": 87.94,
            "eps_avg_yearly": 2.51,
            "eps_latest_yearly": 1.88,
            "eps_growth_yearly": 54.26
        },
        "20152": {
            "year_quarter": 20152,
            "year": 2015,
            "quarter": 2,
            "eps": 0.94,
            "eps_growth_year": -22.31,
            "eps_4q": 2.54,
            "eps_4q_growth_year": 3.35,
            "roe": 1.86,
            "roe_4q": 6.07,
            "gross_profit": 1797824,
            "gross_margin": 10.64,
            "gross_margin_4q_avg": 12.27,
            "net_income": 3033963,
            "revenue": 16890231,
            "common_shares": 33614472,
            "book_valuer_per_share": 41.62,
            "book_valuer_per_share_4q_avg": 41.88,
            "equity": 158949052,
            "current_ratio": 85.45,
            "debt_ratio": 44.08,
            "inventory_turnover_ratio": 1.57,
            "account_receivable_turnover_ratio": 0.93,
            "reinvestment_rate": 120.15,
            "research_to_sale_ratio": null,
            "price_fair": 85.84,
            "eps_avg_yearly": 2.45,
            "eps_latest_yearly": 3.76,
            "eps_growth_yearly": 63.29
        },
        "20153": {
            "year_quarter": 20153,
            "year": 2015,
            "quarter": 3,
            "eps": 0.02,
            "eps_growth_year": -96.88,
            "eps_4q": 1.96,
            "eps_4q_growth_year": -28.81,
            "roe": -0.11,
            "roe_4q": 4.39,
            "gross_profit": 1501672,
            "gross_margin": 8.91,
            "gross_margin_4q_avg": 11.5,
            "net_income": -169697,
            "revenue": 16861149,
            "common_shares": 33614472,
            "book_valuer_per_share": 42.03,
            "book_valuer_per_share_4q_avg": 42.43,
            "equity": 160453437,
            "current_ratio": 93.78,
            "debt_ratio": 44.28,
            "inventory_turnover_ratio": 1.72,
            "account_receivable_turnover_ratio": 0.96,
            "reinvestment_rate": 135.56,
            "research_to_sale_ratio": null,
            "price_fair": 79.54,
            "eps_avg_yearly": 2.27,
            "eps_latest_yearly": 0.08,
            "eps_growth_yearly": 48.14
        },
        "20154": {
            "year_quarter": 20154,
            "year": 2015,
            "quarter": 4,
            "eps": 0.13,
            "eps_growth_year": -79.69,
            "eps_4q": 1.45,
            "eps_4q_growth_year": -48.08,
            "roe": 0.33,
            "roe_4q": 3.02,
            "gross_profit": 2127940,
            "gross_margin": 12.39,
            "gross_margin_4q_avg": 10.64,
            "net_income": 527929,
            "revenue": 17173570,
            "common_shares": 33614472,
            "book_valuer_per_share": 40.43,
            "book_valuer_per_share_4q_avg": 41.99,
            "equity": 154854192,
            "current_ratio": 81.02,
            "debt_ratio": 42.66,
            "inventory_turnover_ratio": 1.91,
            "account_receivable_turnover_ratio": 0.99,
            "reinvestment_rate": 97.43,
            "research_to_sale_ratio": null,
            "price_fair": 75.69,
            "eps_avg_yearly": 2.16,
            "eps_latest_yearly": 0.52,
            "eps_growth_yearly": 191.38
        },
        "20161": {
            "year_quarter": 20161,
            "year": 2016,
            "quarter": 1,
            "eps": 0.06,
            "eps_growth_year": -87.23,
            "eps_4q": 1.07,
            "eps_4q_growth_year": -61.76,
            "roe": 0.13,
            "roe_4q": 2.21,
            "gross_profit": 998432,
            "gross_margin": 7.66,
            "gross_margin_4q_avg": 9.9,
            "net_income": 194459,
            "revenue": 13038960,
            "common_shares": 33614472,
            "book_valuer_per_share": 37.9,
            "book_valuer_per_share_4q_avg": 40.5,
            "equity": 146110347,
            "current_ratio": 82.27,
            "debt_ratio": 42.86,
            "inventory_turnover_ratio": 1.68,
            "account_receivable_turnover_ratio": 0.82,
            "reinvestment_rate": 62.98,
            "research_to_sale_ratio": null,
            "price_fair": 71.58,
            "eps_avg_yearly": 2.05,
            "eps_latest_yearly": 0.24,
            "eps_growth_yearly": 179.68
        },
        "20162": {
            "year_quarter": 20162,
            "year": 2016,
            "quarter": 2,
            "eps": 0.38,
            "eps_growth_year": -59.57,
            "eps_4q": 0.57,
            "eps_4q_growth_year": -77.67,
            "roe": 0.93,
            "roe_4q": 1.28,
            "gross_profit": 2592740,
            "gross_margin": 16.18,
            "gross_margin_4q_avg": 11.29,
            "net_income": 1337358,
            "revenue": 16028285,
            "common_shares": 33614472,
            "book_valuer_per_share": 36.48,
            "book_valuer_per_share_4q_avg": 39.21,
            "equity": 140637736,
            "current_ratio": 72.75,
            "debt_ratio": 42.91,
            "inventory_turnover_ratio": 1.93,
            "account_receivable_turnover_ratio": 1.1,
            "reinvestment_rate": 56.91,
            "research_to_sale_ratio": null,
            "price_fair": 68.34,
            "eps_avg_yearly": 1.95,
            "eps_latest_yearly": 1.52,
            "eps_growth_yearly": 302.63
        },
        "20163": {
            "year_quarter": 20163,
            "year": 2016,
            "quarter": 3,
            "eps": 0.3,
            "eps_growth_year": 1400,
            "eps_4q": 0.83,
            "eps_4q_growth_year": -57.76,
            "roe": 0.84,
            "roe_4q": 2.23,
            "gross_profit": 2071279,
            "gross_margin": 13.77,
            "gross_margin_4q_avg": 12.5,
            "net_income": 1170163,
            "revenue": 15037038,
            "common_shares": 33614472,
            "book_valuer_per_share": 36.16,
            "book_valuer_per_share_4q_avg": 37.74,
            "equity": 139318938,
            "current_ratio": 79.91,
            "debt_ratio": 41.59,
            "inventory_turnover_ratio": 1.98,
            "account_receivable_turnover_ratio": 1.04,
            "reinvestment_rate": 38.54,
            "research_to_sale_ratio": null,
            "price_fair": 68.69,
            "eps_avg_yearly": 1.96,
            "eps_latest_yearly": 1.2,
            "eps_growth_yearly": 313.7
        },
        "20164": {
            "year_quarter": 20164,
            "year": 2016,
            "quarter": 4,
            "eps": 0.48,
            "eps_growth_year": 265.24,
            "eps_4q": 1.17,
            "eps_4q_growth_year": -18.82,
            "roe": 1.42,
            "roe_4q": 3.32,
            "gross_profit": 2925823,
            "gross_margin": 17.37,
            "gross_margin_4q_avg": 13.75,
            "net_income": 1981317,
            "revenue": 16841907,
            "common_shares": 33614472,
            "book_valuer_per_share": 36.49,
            "book_valuer_per_share_4q_avg": 36.76,
            "equity": 140663221,
            "current_ratio": 103.16,
            "debt_ratio": 41.01,
            "inventory_turnover_ratio": 2.12,
            "account_receivable_turnover_ratio": 1.17,
            "reinvestment_rate": 30.01,
            "research_to_sale_ratio": null,
            "price_fair": 69.39,
            "eps_avg_yearly": 1.98,
            "eps_latest_yearly": 1.92,
            "eps_growth_yearly": 315.24
        },
        "20171": {
            "year_quarter": 20171,
            "year": 2017,
            "quarter": 1,
            "eps": 0.08,
            "eps_growth_year": 33.33,
            "eps_4q": 1.19,
            "eps_4q_growth_year": 10.93,
            "roe": 0.1,
            "roe_4q": 3.29,
            "gross_profit": 932210,
            "gross_margin": 7.45,
            "gross_margin_4q_avg": 13.69,
            "net_income": 145793,
            "revenue": 12512699,
            "common_shares": 33614472,
            "book_valuer_per_share": 36.06,
            "book_valuer_per_share_4q_avg": 36.3,
            "equity": 138373448,
            "current_ratio": 89.29,
            "debt_ratio": 42.95,
            "inventory_turnover_ratio": 1.7,
            "account_receivable_turnover_ratio": 0.87,
            "reinvestment_rate": 68.62,
            "research_to_sale_ratio": null,
            "price_fair": 66.59,
            "eps_avg_yearly": 1.9,
            "eps_latest_yearly": 0.32,
            "eps_growth_yearly": 294.41
        },
        "20172": {
            "year_quarter": 20172,
            "year": 2017,
            "quarter": 2,
            "eps": 0.51,
            "eps_growth_year": 34.21,
            "eps_4q": 1.31,
            "eps_4q_growth_year": 130.22,
            "roe": 1.41,
            "roe_4q": 3.7699999999999996,
            "gross_profit": 2544924,
            "gross_margin": 15.61,
            "gross_margin_4q_avg": 13.55,
            "net_income": 1949152,
            "revenue": 16298086,
            "common_shares": 33614472,
            "book_valuer_per_share": 35.81,
            "book_valuer_per_share_4q_avg": 36.13,
            "equity": 137620469,
            "current_ratio": 86.74,
            "debt_ratio": 44.47,
            "inventory_turnover_ratio": 1.96,
            "account_receivable_turnover_ratio": 1.14,
            "reinvestment_rate": 67.48,
            "research_to_sale_ratio": null,
            "price_fair": 63.79,
            "eps_avg_yearly": 1.82,
            "eps_latest_yearly": 2.04,
            "eps_growth_yearly": 401.91
        },
        "20173": {
            "year_quarter": 20173,
            "year": 2017,
            "quarter": 3,
            "eps": 0.61,
            "eps_growth_year": 103.33,
            "eps_4q": 1.6,
            "eps_4q_growth_year": 93.53,
            "roe": 1.59,
            "roe_4q": 4.52,
            "gross_profit": 2483707,
            "gross_margin": 15.02,
            "gross_margin_4q_avg": 13.86,
            "net_income": 2234507,
            "revenue": 16538251,
            "common_shares": 33614472,
            "book_valuer_per_share": 37.57,
            "book_valuer_per_share_4q_avg": 36.48,
            "equity": 144027917,
            "current_ratio": 90.39,
            "debt_ratio": 41.51,
            "inventory_turnover_ratio": 1.96,
            "account_receivable_turnover_ratio": 1.06,
            "reinvestment_rate": 69.61,
            "research_to_sale_ratio": null,
            "price_fair": 66.15,
            "eps_avg_yearly": 1.89,
            "eps_latest_yearly": 2.44,
            "eps_growth_yearly": 421.57
        },
        "20174": {
            "year_quarter": 20174,
            "year": 2017,
            "quarter": 4,
            "eps": 0.5,
            "eps_growth_year": 5.44,
            "eps_4q": 1.63,
            "eps_4q_growth_year": 38.6,
            "roe": 1.61,
            "roe_4q": 4.71,
            "gross_profit": 4209637,
            "gross_margin": 21.53,
            "gross_margin_4q_avg": 14.9,
            "net_income": 2336089,
            "revenue": 19550212,
            "common_shares": 33614472,
            "book_valuer_per_share": 37.91,
            "book_valuer_per_share_4q_avg": 36.84,
            "equity": 145796364,
            "current_ratio": 93.17,
            "debt_ratio": 40.99,
            "inventory_turnover_ratio": 2.26,
            "account_receivable_turnover_ratio": 1.12,
            "reinvestment_rate": 61.03,
            "research_to_sale_ratio": null,
            "price_fair": 65.1,
            "eps_avg_yearly": 1.86,
            "eps_latest_yearly": 2,
            "eps_growth_yearly": 396.47
        },
        "20181": {
            "year_quarter": 20181,
            "year": 2018,
            "quarter": 1,
            "eps": 0.6,
            "eps_growth_year": 650,
            "eps_4q": 2.12,
            "eps_4q_growth_year": 78.98,
            "roe": 1.64,
            "roe_4q": 6.25,
            "gross_profit": 3329473,
            "gross_margin": 20.09,
            "gross_margin_4q_avg": 18.06,
            "net_income": 2415347,
            "revenue": 16573882,
            "common_shares": 33614472,
            "book_valuer_per_share": 38.54,
            "book_valuer_per_share_4q_avg": 37.46,
            "equity": 148633463,
            "current_ratio": 106.81,
            "debt_ratio": 40.52,
            "inventory_turnover_ratio": 1.87,
            "account_receivable_turnover_ratio": 0.9,
            "reinvestment_rate": -105.98,
            "research_to_sale_ratio": null,
            "price_fair": 66.24,
            "eps_avg_yearly": 1.89,
            "eps_latest_yearly": 2.4,
            "eps_growth_yearly": 407.52
        },
        "20182": {
            "year_quarter": 20182,
            "year": 2018,
            "quarter": 2,
            "eps": 1.38,
            "eps_growth_year": 170.59,
            "eps_4q": 2.93,
            "eps_4q_growth_year": 124.06,
            "roe": 3.54,
            "roe_4q": 8.38,
            "gross_profit": 6000083,
            "gross_margin": 26.74,
            "gross_margin_4q_avg": 20.85,
            "net_income": 5365588,
            "revenue": 22435207,
            "common_shares": 33614472,
            "book_valuer_per_share": 40.19,
            "book_valuer_per_share_4q_avg": 38.55,
            "equity": 154435746,
            "current_ratio": 98.12,
            "debt_ratio": 40.29,
            "inventory_turnover_ratio": 2.09,
            "account_receivable_turnover_ratio": 1.12,
            "reinvestment_rate": -114.71,
            "research_to_sale_ratio": null,
            "price_fair": 67.73,
            "eps_avg_yearly": 1.94,
            "eps_latest_yearly": 5.52,
            "eps_growth_yearly": 400.66
        },
        "20183": {
            "year_quarter": 20183,
            "year": 2018,
            "quarter": 3,
            "eps": 0.98,
            "eps_growth_year": 60.66,
            "eps_4q": 3.27,
            "eps_4q_growth_year": 104.21,
            "roe": 2.64,
            "roe_4q": 9.43,
            "gross_profit": 5597747,
            "gross_margin": 25.56,
            "gross_margin_4q_avg": 23.48,
            "net_income": 4121049,
            "revenue": 21898976,
            "common_shares": 33614472,
            "book_valuer_per_share": 41.12,
            "book_valuer_per_share_4q_avg": 39.44,
            "equity": 158065497,
            "current_ratio": 115.93,
            "debt_ratio": 42.96,
            "inventory_turnover_ratio": 1.99,
            "account_receivable_turnover_ratio": 1,
            "reinvestment_rate": -121.16,
            "research_to_sale_ratio": null,
            "price_fair": 70.7,
            "eps_avg_yearly": 2.02,
            "eps_latest_yearly": 3.92,
            "eps_growth_yearly": 405.19
        },
        "20184": {
            "year_quarter": 20184,
            "year": 2018,
            "quarter": 4,
            "eps": 0.54,
            "eps_growth_year": 7.52,
            "eps_4q": 3.31,
            "eps_4q_growth_year": 103.27,
            "roe": 1.88,
            "roe_4q": 9.7,
            "gross_profit": 6229011,
            "gross_margin": 28.53,
            "gross_margin_4q_avg": 25.23,
            "net_income": 2987213,
            "revenue": 21832939,
            "common_shares": 33614472,
            "book_valuer_per_share": 41.02,
            "book_valuer_per_share_4q_avg": 40.22,
            "equity": 159048346,
            "current_ratio": 127.95,
            "debt_ratio": 43.03,
            "inventory_turnover_ratio": 1.72,
            "account_receivable_turnover_ratio": 0.96,
            "reinvestment_rate": -94.11,
            "research_to_sale_ratio": null,
            "price_fair": 69.83,
            "eps_avg_yearly": 2,
            "eps_latest_yearly": 2.16,
            "eps_growth_yearly": 393.96
        },
        "20191": {
            "year_quarter": 20191,
            "year": 2019,
            "quarter": 1,
            "eps": 0.93,
            "eps_growth_year": 55,
            "eps_4q": 3.61,
            "eps_4q_growth_year": 70.41,
            "roe": 2.34,
            "roe_4q": 10.399999999999999,
            "gross_profit": 4658501,
            "gross_margin": 24.03,
            "gross_margin_4q_avg": 26.22,
            "net_income": 3810086,
            "revenue": 19385675,
            "common_shares": 33614472,
            "book_valuer_per_share": 42.71,
            "book_valuer_per_share_4q_avg": 41.26,
            "equity": 165970066,
            "current_ratio": 130.6,
            "debt_ratio": 42.15,
            "inventory_turnover_ratio": 1.52,
            "account_receivable_turnover_ratio": 0.85,
            "reinvestment_rate": -72.69,
            "research_to_sale_ratio": null,
            "price_fair": 73.85,
            "eps_avg_yearly": 2.11,
            "eps_latest_yearly": 3.72,
            "eps_growth_yearly": 418.66
        },
        "20192": {
            "year_quarter": 20192,
            "year": 2019,
            "quarter": 2,
            "eps": 1.97,
            "eps_growth_year": 42.75,
            "eps_4q": 4.17,
            "eps_4q_growth_year": 42.33,
            "roe": 4.64,
            "roe_4q": 11.5,
            "gross_profit": 8076211,
            "gross_margin": 33.07,
            "gross_margin_4q_avg": 27.8,
            "net_income": 7624855,
            "revenue": 24419915,
            "common_shares": 33614472,
            "book_valuer_per_share": 41.89,
            "book_valuer_per_share_4q_avg": 41.69,
            "equity": 162646287,
            "current_ratio": 131.54,
            "debt_ratio": 45,
            "inventory_turnover_ratio": 1.75,
            "account_receivable_turnover_ratio": 1.11,
            "reinvestment_rate": -96.04,
            "research_to_sale_ratio": null,
            "price_fair": 82.86,
            "eps_avg_yearly": 2.37,
            "eps_latest_yearly": 7.88,
            "eps_growth_yearly": 421.62
        },
        "20193": {
            "year_quarter": 20193,
            "year": 2019,
            "quarter": 3,
            "eps": 1.38,
            "eps_growth_year": 40.82,
            "eps_4q": 4.54,
            "eps_4q_growth_year": 39.01,
            "roe": 3.35,
            "roe_4q": 12.21,
            "gross_profit": 6370136,
            "gross_margin": 28.44,
            "gross_margin_4q_avg": 28.52,
            "net_income": 5501597,
            "revenue": 22401293,
            "common_shares": 33614472,
            "book_valuer_per_share": 42.6,
            "book_valuer_per_share_4q_avg": 42.06,
            "equity": 165678694,
            "current_ratio": 133.44,
            "debt_ratio": 42.95,
            "inventory_turnover_ratio": 1.83,
            "account_receivable_turnover_ratio": 1.03,
            "reinvestment_rate": -92.06,
            "research_to_sale_ratio": null,
            "price_fair": 94.76,
            "eps_avg_yearly": 2.71,
            "eps_latest_yearly": 5.52,
            "eps_growth_yearly": 438.6
        },
        "20194": {
            "year_quarter": 20194,
            "year": 2019,
            "quarter": 4,
            "eps": 1.19,
            "eps_growth_year": 119.99,
            "eps_4q": 5.19,
            "eps_4q_growth_year": 57.05,
            "roe": 3.17,
            "roe_4q": 13.5,
            "gross_profit": 6495861,
            "gross_margin": 28.07,
            "gross_margin_4q_avg": 28.4,
            "net_income": 5307415,
            "revenue": 23140754,
            "common_shares": 33614472,
            "book_valuer_per_share": 43.45,
            "book_valuer_per_share_4q_avg": 42.66,
            "equity": 169449038,
            "current_ratio": 120.05,
            "debt_ratio": 43,
            "inventory_turnover_ratio": 2.05,
            "account_receivable_turnover_ratio": 1.05,
            "reinvestment_rate": -66.35,
            "research_to_sale_ratio": null,
            "price_fair": 104.04,
            "eps_avg_yearly": 2.97,
            "eps_latest_yearly": 4.76,
            "eps_growth_yearly": 297.66
        },
        "20201": {
            "year_quarter": 20201,
            "year": 2020,
            "quarter": 1,
            "eps": 0.24,
            "eps_growth_year": -74.19,
            "eps_4q": 4.54,
            "eps_4q_growth_year": 25.72,
            "roe": 0.67,
            "roe_4q": 11.829999999999998,
            "gross_profit": 2697942,
            "gross_margin": 20.53,
            "gross_margin_4q_avg": 27.53,
            "net_income": 1130599,
            "revenue": 13138882,
            "common_shares": 33614472,
            "book_valuer_per_share": 42.3,
            "book_valuer_per_share_4q_avg": 42.56,
            "equity": 165832372,
            "current_ratio": 137.72,
            "debt_ratio": 45.35,
            "inventory_turnover_ratio": 1.31,
            "account_receivable_turnover_ratio": 0.65,
            "reinvestment_rate": -41.87,
            "research_to_sale_ratio": null,
            "price_fair": 105.61,
            "eps_avg_yearly": 3.02,
            "eps_latest_yearly": 0.96,
            "eps_growth_yearly": 291.16
        },
        "20202": {
            "year_quarter": 20202,
            "year": 2020,
            "quarter": 2,
            "eps": 1.49,
            "eps_growth_year": -24.37,
            "eps_4q": 4.09,
            "eps_4q_growth_year": -1.84,
            "roe": 3.51,
            "roe_4q": 10.7,
            "gross_profit": 6677061,
            "gross_margin": 32.27,
            "gross_margin_4q_avg": 27.33,
            "net_income": 5703219,
            "revenue": 20689211,
            "common_shares": 33614472,
            "book_valuer_per_share": 40.72,
            "book_valuer_per_share_4q_avg": 42.27,
            "equity": 159518793,
            "current_ratio": 122.54,
            "debt_ratio": 46.16,
            "inventory_turnover_ratio": 1.78,
            "account_receivable_turnover_ratio": 1.23,
            "reinvestment_rate": -28.48,
            "research_to_sale_ratio": null,
            "price_fair": 115.33,
            "eps_avg_yearly": 3.3,
            "eps_latest_yearly": 5.96,
            "eps_growth_yearly": 288.03
        },
        "20203": {
            "year_quarter": 20203,
            "year": 2020,
            "quarter": 3,
            "eps": 1.57,
            "eps_growth_year": 13.77,
            "eps_4q": 4.27,
            "eps_4q_growth_year": -6.12,
            "roe": 3.77,
            "roe_4q": 11.12,
            "gross_profit": 6402750,
            "gross_margin": 30.88,
            "gross_margin_4q_avg": 27.94,
            "net_income": 6153781,
            "revenue": 20736080,
            "common_shares": 33614472,
            "book_valuer_per_share": 42.38,
            "book_valuer_per_share_4q_avg": 42.21,
            "equity": 166692441,
            "current_ratio": 129.33,
            "debt_ratio": 44.82,
            "inventory_turnover_ratio": 1.92,
            "account_receivable_turnover_ratio": 1.34,
            "reinvestment_rate": -13.38,
            "research_to_sale_ratio": null,
            "price_fair": 126.44,
            "eps_avg_yearly": 3.61,
            "eps_latest_yearly": 6.28,
            "eps_growth_yearly": 294.64
        },
        "20204": {
            "year_quarter": 20204,
            "year": 2020,
            "quarter": 4,
            "eps": 1.3,
            "eps_growth_year": 9.21,
            "eps_4q": 4.38,
            "eps_4q_growth_year": -15.75,
            "roe": 3.44,
            "roe_4q": 11.389999999999999,
            "gross_profit": 7551723,
            "gross_margin": 31.9,
            "gross_margin_4q_avg": 28.9,
            "net_income": 5786208,
            "revenue": 23676707,
            "common_shares": 33614472,
            "book_valuer_per_share": 43.96,
            "book_valuer_per_share_4q_avg": 42.34,
            "equity": 169886952,
            "current_ratio": 135.92,
            "debt_ratio": 42.82,
            "inventory_turnover_ratio": 2.31,
            "account_receivable_turnover_ratio": 1.47,
            "reinvestment_rate": -3.77,
            "research_to_sale_ratio": null,
            "price_fair": 133.61,
            "eps_avg_yearly": 3.82,
            "eps_latest_yearly": 5.2,
            "eps_growth_yearly": 275.34
        },
        "20211": {
            "year_quarter": 20211,
            "year": 2021,
            "quarter": 1,
            "eps": 1.02,
            "eps_growth_year": 325,
            "eps_4q": 5.11,
            "eps_4q_growth_year": 12.39,
            "roe": 2.24,
            "roe_4q": 12.959999999999999,
            "gross_profit": 4360188,
            "gross_margin": 24.39,
            "gross_margin_4q_avg": 29.86,
            "net_income": 3849242,
            "revenue": 17877389,
            "common_shares": 33614472,
            "book_valuer_per_share": 44.87,
            "book_valuer_per_share_4q_avg": 42.98,
            "equity": 173473446,
            "current_ratio": 160.69,
            "debt_ratio": 41.64,
            "inventory_turnover_ratio": 2.09,
            "account_receivable_turnover_ratio": 1.1,
            "reinvestment_rate": 1.81,
            "research_to_sale_ratio": null,
            "price_fair": 141.84,
            "eps_avg_yearly": 4.05,
            "eps_latest_yearly": 4.08,
            "eps_growth_yearly": 290.79
        },
        "20212": {
            "year_quarter": 20212,
            "year": 2021,
            "quarter": 2,
            "eps": 1.44,
            "eps_growth_year": -3.36,
            "eps_4q": 5.05,
            "eps_4q_growth_year": 23.51,
            "roe": 3.17,
            "roe_4q": 12.62,
            "gross_profit": 6210313,
            "gross_margin": 28.12,
            "gross_margin_4q_avg": 28.82,
            "net_income": 5366030,
            "revenue": 22084285,
            "common_shares": 33673795,
            "book_valuer_per_share": 42.34,
            "book_valuer_per_share_4q_avg": 43.39,
            "equity": 164780282,
            "current_ratio": 131.35,
            "debt_ratio": 46.35,
            "inventory_turnover_ratio": 2.38,
            "account_receivable_turnover_ratio": 1.41,
            "reinvestment_rate": 2.86,
            "research_to_sale_ratio": null,
            "price_fair": 149.98,
            "eps_avg_yearly": 4.29,
            "eps_latest_yearly": 5.76,
            "eps_growth_yearly": 166.71
        },
        "20213": {
            "year_quarter": 20213,
            "year": 2021,
            "quarter": 3,
            "eps": 1.04,
            "eps_growth_year": -33.76,
            "eps_4q": 4.36,
            "eps_4q_growth_year": 2.1,
            "roe": 2.23,
            "roe_4q": 11.08,
            "gross_profit": 4467575,
            "gross_margin": 20.45,
            "gross_margin_4q_avg": 26.22,
            "net_income": 3782232,
            "revenue": 21849055,
            "common_shares": 34460572,
            "book_valuer_per_share": 42.8,
            "book_valuer_per_share_4q_avg": 43.49,
            "equity": 174239118,
            "current_ratio": 172.09,
            "debt_ratio": 43.3,
            "inventory_turnover_ratio": 2.4,
            "account_receivable_turnover_ratio": 1.39,
            "reinvestment_rate": -21.01,
            "research_to_sale_ratio": null,
            "price_fair": 153.74,
            "eps_avg_yearly": 4.39,
            "eps_latest_yearly": 4.16,
            "eps_growth_yearly": 154.86
        },
        "20214": {
            "year_quarter": 20214,
            "year": 2021,
            "quarter": 4,
            "eps": 1.13,
            "eps_growth_year": -13.25,
            "eps_4q": 4.25,
            "eps_4q_growth_year": -2.89,
            "roe": 2.56,
            "roe_4q": 10.2,
            "gross_profit": 6142802,
            "gross_margin": 22.06,
            "gross_margin_4q_avg": 23.76,
            "net_income": 4530266,
            "revenue": 27843984,
            "common_shares": 35455721,
            "book_valuer_per_share": 44.26,
            "book_valuer_per_share_4q_avg": 43.57,
            "equity": 180272886,
            "current_ratio": 149.06,
            "debt_ratio": 43.14,
            "inventory_turnover_ratio": 2.67,
            "account_receivable_turnover_ratio": 1.65,
            "reinvestment_rate": -14.71,
            "research_to_sale_ratio": null,
            "price_fair": 159.25,
            "eps_avg_yearly": 4.55,
            "eps_latest_yearly": 4.52,
            "eps_growth_yearly": 161.53
        },
        "20221": {
            "year_quarter": 20221,
            "year": 2022,
            "quarter": 1,
            "eps": 0.76,
            "eps_growth_year": -25.49,
            "eps_4q": 4.06,
            "eps_4q_growth_year": -20.46,
            "roe": 1.47,
            "roe_4q": 9.43,
            "gross_profit": 2975892,
            "gross_margin": 15.12,
            "gross_margin_4q_avg": 21.44,
            "net_income": 2716844,
            "revenue": 19681118,
            "common_shares": 35455721,
            "book_valuer_per_share": 46.51,
            "book_valuer_per_share_4q_avg": 43.98,
            "equity": 189339654,
            "current_ratio": 161.13,
            "debt_ratio": 41.15,
            "inventory_turnover_ratio": 1.91,
            "account_receivable_turnover_ratio": 1.15,
            "reinvestment_rate": 22.56,
            "research_to_sale_ratio": null,
            "price_fair": 160.65,
            "eps_avg_yearly": 4.59,
            "eps_latest_yearly": 3.04,
            "eps_growth_yearly": 148.35
        },
        "20222": {
            "year_quarter": 20222,
            "year": 2022,
            "quarter": 2,
            "eps": 1.35,
            "eps_growth_year": -6.25,
            "eps_4q": 4.05,
            "eps_4q_growth_year": -19.93,
            "roe": 2.57,
            "roe_4q": 8.83,
            "gross_profit": 4078302,
            "gross_margin": 16.65,
            "gross_margin_4q_avg": 18.57,
            "net_income": 4727814,
            "revenue": 24487758,
            "common_shares": 35459276,
            "book_valuer_per_share": 43.63,
            "book_valuer_per_share_4q_avg": 44.3,
            "equity": 178072877,
            "current_ratio": 142.81,
            "debt_ratio": 45.44,
            "inventory_turnover_ratio": 2.31,
            "account_receivable_turnover_ratio": 1.61,
            "reinvestment_rate": 18.09,
            "research_to_sale_ratio": null,
            "price_fair": 160.39,
            "eps_avg_yearly": 4.58,
            "eps_latest_yearly": 5.4,
            "eps_growth_yearly": 135.26
        },
        "20223": {
            "year_quarter": 20223,
            "year": 2022,
            "quarter": 3,
            "eps": 1.33,
            "eps_growth_year": 27.88,
            "eps_4q": 4.34,
            "eps_4q_growth_year": -0.27,
            "roe": 2.49,
            "roe_4q": 9.09,
            "gross_profit": 2789881,
            "gross_margin": 12.72,
            "gross_margin_4q_avg": 16.64,
            "net_income": 4514489,
            "revenue": 21925072,
            "common_shares": 35459276,
            "book_valuer_per_share": 45.55,
            "book_valuer_per_share_4q_avg": 44.99,
            "equity": 185214375,
            "current_ratio": 157.85,
            "debt_ratio": 43.41,
            "inventory_turnover_ratio": 2.1,
            "account_receivable_turnover_ratio": 1.56,
            "reinvestment_rate": 24.44,
            "research_to_sale_ratio": null,
            "price_fair": 163.45,
            "eps_avg_yearly": 4.67,
            "eps_latest_yearly": 5.32,
            "eps_growth_yearly": 142.13
        },
        "20224": {
            "year_quarter": 20224,
            "year": 2022,
            "quarter": 4,
            "eps": 0.17,
            "eps_growth_year": -84.77,
            "eps_4q": 3.39,
            "eps_4q_growth_year": -20.26,
            "roe": 0.35,
            "roe_4q": 6.88,
            "gross_profit": 1838393,
            "gross_margin": 7.58,
            "gross_margin_4q_avg": 13.02,
            "net_income": 637989,
            "revenue": 24246555,
            "common_shares": 35459276,
            "book_valuer_per_share": 45.35,
            "book_valuer_per_share_4q_avg": 45.26,
            "equity": 184233245,
            "current_ratio": 157.05,
            "debt_ratio": 43.18,
            "inventory_turnover_ratio": 2.5,
            "account_receivable_turnover_ratio": 1.73,
            "reinvestment_rate": 0.2,
            "research_to_sale_ratio": null,
            "price_fair": 160.21,
            "eps_avg_yearly": 4.58,
            "eps_latest_yearly": 0.68,
            "eps_growth_yearly": 131.55
        },
        "20231": {
            "year_quarter": 20231,
            "year": 2023,
            "quarter": 1,
            "eps": 0.81,
            "eps_growth_year": 6.58,
            "eps_4q": 3.43,
            "eps_4q_growth_year": -15.5,
            "roe": 1.52,
            "roe_4q": 6.93,
            "gross_profit": 1979571,
            "gross_margin": 10.31,
            "gross_margin_4q_avg": 11.82,
            "net_income": 2767079,
            "revenue": 19208712,
            "common_shares": 35459276,
            "book_valuer_per_share": 44.12,
            "book_valuer_per_share_4q_avg": 44.66,
            "equity": 180057885,
            "current_ratio": 143.06,
            "debt_ratio": 46.07,
            "inventory_turnover_ratio": 2.06,
            "account_receivable_turnover_ratio": 1.43,
            "reinvestment_rate": -5.86,
            "research_to_sale_ratio": null,
            "price_fair": 159.16,
            "eps_avg_yearly": 4.55,
            "eps_latest_yearly": 3.24,
            "eps_growth_yearly": 207.61
        }
    },
    "months": {
        "2001-10": {
            "month": "2001-10",
            "price": "9.45",
            "revenue": 892584
        },
        "2001-11": {
            "month": "2001-11",
            "price": "9.55",
            "revenue": 947191
        },
        "2001-12": {
            "month": "2001-12",
            "price": "10.68",
            "revenue": 951422
        },
        "2002-01": {
            "month": "2002-01",
            "price": "9.69",
            "revenue": 955532
        },
        "2002-02": {
            "month": "2002-02",
            "price": "9.06",
            "revenue": 740852
        },
        "2002-03": {
            "month": "2002-03",
            "price": "10.03",
            "revenue": 1027790
        },
        "2002-04": {
            "month": "2002-04",
            "price": "12.10",
            "revenue": 969216
        },
        "2002-05": {
            "month": "2002-05",
            "price": "12.29",
            "revenue": 927622
        },
        "2002-06": {
            "month": "2002-06",
            "price": "12.96",
            "revenue": 924909
        },
        "2002-07": {
            "month": "2002-07",
            "price": "13.77",
            "revenue": 847464
        },
        "2002-08": {
            "month": "2002-08",
            "price": "12.28",
            "revenue": 910243
        },
        "2002-09": {
            "month": "2002-09",
            "price": "10.25",
            "revenue": 889516
        },
        "2002-10": {
            "month": "2002-10",
            "price": "10.04",
            "revenue": 1037049
        },
        "2002-11": {
            "month": "2002-11",
            "price": "12.24",
            "revenue": 993883
        },
        "2002-12": {
            "month": "2002-12",
            "price": "13.61",
            "revenue": 901801
        },
        "2003-01": {
            "month": "2003-01",
            "price": "15.94",
            "revenue": 951015
        },
        "2003-02": {
            "month": "2003-02",
            "price": "13.55",
            "revenue": 573480
        },
        "2003-03": {
            "month": "2003-03",
            "price": "13.36",
            "revenue": 820460
        },
        "2003-04": {
            "month": "2003-04",
            "price": "13.26",
            "revenue": 782012
        },
        "2003-05": {
            "month": "2003-05",
            "price": "12.32",
            "revenue": 811304
        },
        "2003-06": {
            "month": "2003-06",
            "price": "13.33",
            "revenue": 748937
        },
        "2003-07": {
            "month": "2003-07",
            "price": "13.80",
            "revenue": 847856
        },
        "2003-08": {
            "month": "2003-08",
            "price": "14.59",
            "revenue": 767302
        },
        "2003-09": {
            "month": "2003-09",
            "price": "14.76",
            "revenue": 752925
        },
        "2003-10": {
            "month": "2003-10",
            "price": "16.51",
            "revenue": 826644
        },
        "2003-11": {
            "month": "2003-11",
            "price": "16.86",
            "revenue": 797558
        },
        "2003-12": {
            "month": "2003-12",
            "price": "17.34",
            "revenue": 889454
        },
        "2004-01": {
            "month": "2004-01",
            "price": "20.36",
            "revenue": 762904
        },
        "2004-02": {
            "month": "2004-02",
            "price": "22.52",
            "revenue": 737406
        },
        "2004-03": {
            "month": "2004-03",
            "price": "24.10",
            "revenue": 904570
        },
        "2004-04": {
            "month": "2004-04",
            "price": "21.69",
            "revenue": 858402
        },
        "2004-05": {
            "month": "2004-05",
            "price": "17.75",
            "revenue": 917083
        },
        "2004-06": {
            "month": "2004-06",
            "price": "17.63",
            "revenue": 893446
        },
        "2004-07": {
            "month": "2004-07",
            "price": "18.37",
            "revenue": 864233
        },
        "2004-08": {
            "month": "2004-08",
            "price": "16.90",
            "revenue": 799251
        },
        "2004-09": {
            "month": "2004-09",
            "price": "21.45",
            "revenue": 891412
        },
        "2004-10": {
            "month": "2004-10",
            "price": "21.64",
            "revenue": 856144
        },
        "2004-11": {
            "month": "2004-11",
            "price": "20.86",
            "revenue": 922429
        },
        "2004-12": {
            "month": "2004-12",
            "price": "21.90",
            "revenue": 997600
        },
        "2005-01": {
            "month": "2005-01",
            "price": "21.71",
            "revenue": 1094966
        },
        "2005-02": {
            "month": "2005-02",
            "price": "21.53",
            "revenue": 663833
        },
        "2005-03": {
            "month": "2005-03",
            "price": "21.69",
            "revenue": 968271
        },
        "2005-04": {
            "month": "2005-04",
            "price": "20.03",
            "revenue": 876647
        },
        "2005-05": {
            "month": "2005-05",
            "price": "19.90",
            "revenue": 934672
        },
        "2005-06": {
            "month": "2005-06",
            "price": "20.73",
            "revenue": 838304
        },
        "2005-07": {
            "month": "2005-07",
            "price": "20.92",
            "revenue": 825931
        },
        "2005-08": {
            "month": "2005-08",
            "price": "18.83",
            "revenue": 854126
        },
        "2005-09": {
            "month": "2005-09",
            "price": "18.51",
            "revenue": 858750
        },
        "2005-10": {
            "month": "2005-10",
            "price": "17.92",
            "revenue": 860822
        },
        "2005-11": {
            "month": "2005-11",
            "price": "18.28",
            "revenue": 948335
        },
        "2005-12": {
            "month": "2005-12",
            "price": "19.09",
            "revenue": 1022776
        },
        "2006-01": {
            "month": "2006-01",
            "price": "19.42",
            "revenue": 950526
        },
        "2006-02": {
            "month": "2006-02",
            "price": "21.31",
            "revenue": 774708
        },
        "2006-03": {
            "month": "2006-03",
            "price": "22.12",
            "revenue": 966229
        },
        "2006-04": {
            "month": "2006-04",
            "price": "23.86",
            "revenue": 847359
        },
        "2006-05": {
            "month": "2006-05",
            "price": "25.45",
            "revenue": 942545
        },
        "2006-06": {
            "month": "2006-06",
            "price": "23.21",
            "revenue": 858132
        },
        "2006-07": {
            "month": "2006-07",
            "price": "23.42",
            "revenue": 879866
        },
        "2006-08": {
            "month": "2006-08",
            "price": "22.43",
            "revenue": 904423
        },
        "2006-09": {
            "month": "2006-09",
            "price": "23.03",
            "revenue": 905517
        },
        "2006-10": {
            "month": "2006-10",
            "price": "26.51",
            "revenue": 998229
        },
        "2006-11": {
            "month": "2006-11",
            "price": "29.14",
            "revenue": 912312
        },
        "2006-12": {
            "month": "2006-12",
            "price": "30.94",
            "revenue": 871516
        },
        "2007-01": {
            "month": "2007-01",
            "price": "31.97",
            "revenue": 1097844
        },
        "2007-02": {
            "month": "2007-02",
            "price": "32.64",
            "revenue": 732411
        },
        "2007-03": {
            "month": "2007-03",
            "price": "31.68",
            "revenue": 937226
        },
        "2007-04": {
            "month": "2007-04",
            "price": "34.04",
            "revenue": 916110
        },
        "2007-05": {
            "month": "2007-05",
            "price": "35.71",
            "revenue": 907144
        },
        "2007-06": {
            "month": "2007-06",
            "price": "40.42",
            "revenue": 888340
        },
        "2007-07": {
            "month": "2007-07",
            "price": "44.27",
            "revenue": 971309
        },
        "2007-08": {
            "month": "2007-08",
            "price": "40.58",
            "revenue": 722014
        },
        "2007-09": {
            "month": "2007-09",
            "price": "49.77",
            "revenue": 849795
        },
        "2007-10": {
            "month": "2007-10",
            "price": "53.78",
            "revenue": 947537
        },
        "2007-11": {
            "month": "2007-11",
            "price": "46.17",
            "revenue": 854647
        },
        "2007-12": {
            "month": "2007-12",
            "price": "45.38",
            "revenue": 921132
        },
        "2008-01": {
            "month": "2008-01",
            "price": "48.59",
            "revenue": 976642
        },
        "2008-02": {
            "month": "2008-02",
            "price": "50.06",
            "revenue": 735887
        },
        "2008-03": {
            "month": "2008-03",
            "price": "53.20",
            "revenue": 926033
        },
        "2008-04": {
            "month": "2008-04",
            "price": "54.49",
            "revenue": 878784
        },
        "2008-05": {
            "month": "2008-05",
            "price": "56.58",
            "revenue": 899266
        },
        "2008-06": {
            "month": "2008-06",
            "price": "50.66",
            "revenue": 789429
        },
        "2008-07": {
            "month": "2008-07",
            "price": "44.31",
            "revenue": 753843
        },
        "2008-08": {
            "month": "2008-08",
            "price": "39.34",
            "revenue": 915691
        },
        "2008-09": {
            "month": "2008-09",
            "price": "30.83",
            "revenue": 737275
        },
        "2008-10": {
            "month": "2008-10",
            "price": "23.65",
            "revenue": 1000613
        },
        "2008-11": {
            "month": "2008-11",
            "price": "23.20",
            "revenue": 871406
        },
        "2008-12": {
            "month": "2008-12",
            "price": "27.07",
            "revenue": 1030603
        },
        "2009-01": {
            "month": "2009-01",
            "price": "26.56",
            "revenue": 896089
        },
        "2009-02": {
            "month": "2009-02",
            "price": "26.25",
            "revenue": 782106
        },
        "2009-03": {
            "month": "2009-03",
            "price": "28.37",
            "revenue": 864358
        },
        "2009-04": {
            "month": "2009-04",
            "price": "33.21",
            "revenue": 842532
        },
        "2009-05": {
            "month": "2009-05",
            "price": "36.93",
            "revenue": 958670
        },
        "2009-06": {
            "month": "2009-06",
            "price": "35.93",
            "revenue": 893379
        },
        "2009-07": {
            "month": "2009-07",
            "price": "34.80",
            "revenue": 876384
        },
        "2009-08": {
            "month": "2009-08",
            "price": "36.02",
            "revenue": 818279
        },
        "2009-09": {
            "month": "2009-09",
            "price": "35.80",
            "revenue": 740023
        },
        "2009-10": {
            "month": "2009-10",
            "price": "36.34",
            "revenue": 718057
        },
        "2009-11": {
            "month": "2009-11",
            "price": "34.96",
            "revenue": 738877
        },
        "2009-12": {
            "month": "2009-12",
            "price": "34.15",
            "revenue": 833396
        },
        "2010-01": {
            "month": "2010-01",
            "price": "33.79",
            "revenue": 833884
        },
        "2010-02": {
            "month": "2010-02",
            "price": "29.61",
            "revenue": 663196
        },
        "2010-03": {
            "month": "2010-03",
            "price": "30.21",
            "revenue": 842170
        },
        "2010-04": {
            "month": "2010-04",
            "price": "31.05",
            "revenue": 781108
        },
        "2010-05": {
            "month": "2010-05",
            "price": "27.82",
            "revenue": 798378
        },
        "2010-06": {
            "month": "2010-06",
            "price": "28.48",
            "revenue": 654336
        },
        "2010-07": {
            "month": "2010-07",
            "price": "29.93",
            "revenue": 785932
        },
        "2010-08": {
            "month": "2010-08",
            "price": "31.79",
            "revenue": 625133
        },
        "2010-09": {
            "month": "2010-09",
            "price": "30.98",
            "revenue": 742167
        },
        "2010-10": {
            "month": "2010-10",
            "price": "31.62",
            "revenue": 769693
        },
        "2010-11": {
            "month": "2010-11",
            "price": "30.86",
            "revenue": 1210075
        },
        "2010-12": {
            "month": "2010-12",
            "price": "31.86",
            "revenue": 1051182
        },
        "2011-01": {
            "month": "2011-01",
            "price": "32.13",
            "revenue": 870505
        },
        "2011-02": {
            "month": "2011-02",
            "price": "30.34",
            "revenue": 657640
        },
        "2011-03": {
            "month": "2011-03",
            "price": "31.80",
            "revenue": 903106
        },
        "2011-04": {
            "month": "2011-04",
            "price": "35.58",
            "revenue": 926706
        },
        "2011-05": {
            "month": "2011-05",
            "price": "37.79",
            "revenue": 853139
        },
        "2011-06": {
            "month": "2011-06",
            "price": "39.51",
            "revenue": 867762
        },
        "2011-07": {
            "month": "2011-07",
            "price": "44.52",
            "revenue": 1000629
        },
        "2011-08": {
            "month": "2011-08",
            "price": "40.17",
            "revenue": 871181
        },
        "2011-09": {
            "month": "2011-09",
            "price": "33.86",
            "revenue": 1027035
        },
        "2011-10": {
            "month": "2011-10",
            "price": "34.43",
            "revenue": 932265
        },
        "2011-11": {
            "month": "2011-11",
            "price": "33.85",
            "revenue": 952056
        },
        "2011-12": {
            "month": "2011-12",
            "price": "32.76",
            "revenue": 1006050
        },
        "2012-01": {
            "month": "2012-01",
            "price": "34.55",
            "revenue": 849543
        },
        "2012-02": {
            "month": "2012-02",
            "price": "36.36",
            "revenue": 784369
        },
        "2012-03": {
            "month": "2012-03",
            "price": "35.95",
            "revenue": 1138840
        },
        "2012-04": {
            "month": "2012-04",
            "price": "36.14",
            "revenue": 1057323
        },
        "2012-05": {
            "month": "2012-05",
            "price": "34.51",
            "revenue": 869195
        },
        "2012-06": {
            "month": "2012-06",
            "price": "36.43",
            "revenue": 874779
        },
        "2012-07": {
            "month": "2012-07",
            "price": "37.35",
            "revenue": 1052648
        },
        "2012-08": {
            "month": "2012-08",
            "price": "37.31",
            "revenue": 1044625
        },
        "2012-09": {
            "month": "2012-09",
            "price": "36.17",
            "revenue": 973151
        },
        "2012-10": {
            "month": "2012-10",
            "price": "36.59",
            "revenue": 931115
        },
        "2012-11": {
            "month": "2012-11",
            "price": "36.30",
            "revenue": 1116753
        },
        "2012-12": {
            "month": "2012-12",
            "price": "37.27",
            "revenue": 1066478
        },
        "2013-01": {
            "month": "2013-01",
            "price": "36.95",
            "revenue": 6018213
        },
        "2013-02": {
            "month": "2013-02",
            "price": "36.90",
            "revenue": 2552357
        },
        "2013-03": {
            "month": "2013-03",
            "price": "36.31",
            "revenue": 5428755
        },
        "2013-04": {
            "month": "2013-04",
            "price": "36.65",
            "revenue": 5930748
        },
        "2013-05": {
            "month": "2013-05",
            "price": "37.57",
            "revenue": 6239676
        },
        "2013-06": {
            "month": "2013-06",
            "price": "36.34",
            "revenue": 5952754
        },
        "2013-07": {
            "month": "2013-07",
            "price": "36.97",
            "revenue": 5942364
        },
        "2013-08": {
            "month": "2013-08",
            "price": "37.50",
            "revenue": 5786107
        },
        "2013-09": {
            "month": "2013-09",
            "price": "37.87",
            "revenue": 5879394
        },
        "2013-10": {
            "month": "2013-10",
            "price": "39.15",
            "revenue": 6478670
        },
        "2013-11": {
            "month": "2013-11",
            "price": "38.11",
            "revenue": 6884975
        },
        "2013-12": {
            "month": "2013-12",
            "price": "38.23",
            "revenue": 7124072
        },
        "2014-01": {
            "month": "2014-01",
            "price": "37.58",
            "revenue": 6016442
        },
        "2014-02": {
            "month": "2014-02",
            "price": "37.35",
            "revenue": 3173166
        },
        "2014-03": {
            "month": "2014-03",
            "price": "38.00",
            "revenue": 7078477
        },
        "2014-04": {
            "month": "2014-04",
            "price": "39.17",
            "revenue": 6735805
        },
        "2014-05": {
            "month": "2014-05",
            "price": "39.36",
            "revenue": 7588325
        },
        "2014-06": {
            "month": "2014-06",
            "price": "39.85",
            "revenue": 6899620
        },
        "2014-07": {
            "month": "2014-07",
            "price": "41.18",
            "revenue": 6647943
        },
        "2014-08": {
            "month": "2014-08",
            "price": "42.33",
            "revenue": 6631880
        },
        "2014-09": {
            "month": "2014-09",
            "price": "39.79",
            "revenue": 6506670
        },
        "2014-10": {
            "month": "2014-10",
            "price": "38.69",
            "revenue": 6766999
        },
        "2014-11": {
            "month": "2014-11",
            "price": "39.38",
            "revenue": 6499550
        },
        "2014-12": {
            "month": "2014-12",
            "price": "38.33",
            "revenue": 7217554
        },
        "2015-01": {
            "month": "2015-01",
            "price": "38.38",
            "revenue": 6851825
        },
        "2015-02": {
            "month": "2015-02",
            "price": "38.55",
            "revenue": 3279346
        },
        "2015-03": {
            "month": "2015-03",
            "price": "38.43",
            "revenue": 5274419
        },
        "2015-04": {
            "month": "2015-04",
            "price": "39.11",
            "revenue": 5767824
        },
        "2015-05": {
            "month": "2015-05",
            "price": "38.50",
            "revenue": 5623713
        },
        "2015-06": {
            "month": "2015-06",
            "price": "36.90",
            "revenue": 5516532
        },
        "2015-07": {
            "month": "2015-07",
            "price": "35.66",
            "revenue": 5746639
        },
        "2015-08": {
            "month": "2015-08",
            "price": "34.56",
            "revenue": 5512417
        },
        "2015-09": {
            "month": "2015-09",
            "price": "33.16",
            "revenue": 5546527
        },
        "2015-10": {
            "month": "2015-10",
            "price": "34.06",
            "revenue": 5901983
        },
        "2015-11": {
            "month": "2015-11",
            "price": "31.10",
            "revenue": 5547070
        },
        "2015-12": {
            "month": "2015-12",
            "price": "27.69",
            "revenue": 5867232
        },
        "2016-01": {
            "month": "2016-01",
            "price": "25.60",
            "revenue": 5066062
        },
        "2016-02": {
            "month": "2016-02",
            "price": "26.83",
            "revenue": 2595177
        },
        "2016-03": {
            "month": "2016-03",
            "price": "29.31",
            "revenue": 5338549
        },
        "2016-04": {
            "month": "2016-04",
            "price": "28.86",
            "revenue": 5557712
        },
        "2016-05": {
            "month": "2016-05",
            "price": "25.36",
            "revenue": 5339750
        },
        "2016-06": {
            "month": "2016-06",
            "price": "26.51",
            "revenue": 5232410
        },
        "2016-07": {
            "month": "2016-07",
            "price": "28.61",
            "revenue": 4788866
        },
        "2016-08": {
            "month": "2016-08",
            "price": "29.80",
            "revenue": 5106282
        },
        "2016-09": {
            "month": "2016-09",
            "price": "27.39",
            "revenue": 5078411
        },
        "2016-10": {
            "month": "2016-10",
            "price": "27.41",
            "revenue": 5513659
        },
        "2016-11": {
            "month": "2016-11",
            "price": "26.87",
            "revenue": 5331778
        },
        "2016-12": {
            "month": "2016-12",
            "price": "27.23",
            "revenue": 6023954
        },
        "2017-01": {
            "month": "2017-01",
            "price": "26.60",
            "revenue": 4162130
        },
        "2017-02": {
            "month": "2017-02",
            "price": "28.62",
            "revenue": 3049461
        },
        "2017-03": {
            "month": "2017-03",
            "price": "30.59",
            "revenue": 5308954
        },
        "2017-04": {
            "month": "2017-04",
            "price": "30.48",
            "revenue": 5218646
        },
        "2017-05": {
            "month": "2017-05",
            "price": "28.44",
            "revenue": 5741517
        },
        "2017-06": {
            "month": "2017-06",
            "price": "26.72",
            "revenue": 5331442
        },
        "2017-07": {
            "month": "2017-07",
            "price": "26.46",
            "revenue": 5252149
        },
        "2017-08": {
            "month": "2017-08",
            "price": "27.14",
            "revenue": 5478165
        },
        "2017-09": {
            "month": "2017-09",
            "price": "27.22",
            "revenue": 5806573
        },
        "2017-10": {
            "month": "2017-10",
            "price": "26.98",
            "revenue": 5840273
        },
        "2017-11": {
            "month": "2017-11",
            "price": "26.85",
            "revenue": 6639248
        },
        "2017-12": {
            "month": "2017-12",
            "price": "26.96",
            "revenue": 7070625
        },
        "2018-01": {
            "month": "2018-01",
            "price": "29.96",
            "revenue": 6769986
        },
        "2018-02": {
            "month": "2018-02",
            "price": "28.23",
            "revenue": 3408539
        },
        "2018-03": {
            "month": "2018-03",
            "price": "28.63",
            "revenue": 6395353
        },
        "2018-04": {
            "month": "2018-04",
            "price": "29.94",
            "revenue": 7188266
        },
        "2018-05": {
            "month": "2018-05",
            "price": "33.20",
            "revenue": 7698165
        },
        "2018-06": {
            "month": "2018-06",
            "price": "33.53",
            "revenue": 7549925
        },
        "2018-07": {
            "month": "2018-07",
            "price": "37.06",
            "revenue": 7021279
        },
        "2018-08": {
            "month": "2018-08",
            "price": "43.04",
            "revenue": 7180291
        },
        "2018-09": {
            "month": "2018-09",
            "price": "39.05",
            "revenue": 7703807
        },
        "2018-10": {
            "month": "2018-10",
            "price": "36.81",
            "revenue": 7657714
        },
        "2018-11": {
            "month": "2018-11",
            "price": "33.21",
            "revenue": 7626297
        },
        "2018-12": {
            "month": "2018-12",
            "price": "33.89",
            "revenue": 7738881
        },
        "2019-01": {
            "month": "2019-01",
            "price": "35.44",
            "revenue": 7905737
        },
        "2019-02": {
            "month": "2019-02",
            "price": "38.02",
            "revenue": 3165899
        },
        "2019-03": {
            "month": "2019-03",
            "price": "38.80",
            "revenue": 8318969
        },
        "2019-04": {
            "month": "2019-04",
            "price": "41.26",
            "revenue": 8434811
        },
        "2019-05": {
            "month": "2019-05",
            "price": "42.90",
            "revenue": 8435765
        },
        "2019-06": {
            "month": "2019-06",
            "price": "46.75",
            "revenue": 7536507
        },
        "2019-07": {
            "month": "2019-07",
            "price": "45.92",
            "revenue": 7813300
        },
        "2019-08": {
            "month": "2019-08",
            "price": "41.71",
            "revenue": 7203378
        },
        "2019-09": {
            "month": "2019-09",
            "price": "43.77",
            "revenue": 7394901
        },
        "2019-10": {
            "month": "2019-10",
            "price": "43.17",
            "revenue": 7016219
        },
        "2019-11": {
            "month": "2019-11",
            "price": "44.53",
            "revenue": 8000839
        },
        "2019-12": {
            "month": "2019-12",
            "price": "47.10",
            "revenue": 8115203
        },
        "2020-01": {
            "month": "2020-01",
            "price": "48.20",
            "revenue": 5210319
        },
        "2020-02": {
            "month": "2020-02",
            "price": "45.91",
            "revenue": 2851105
        },
        "2020-03": {
            "month": "2020-03",
            "price": "40.48",
            "revenue": 5077457
        },
        "2020-04": {
            "month": "2020-04",
            "price": "42.00",
            "revenue": 6751585
        },
        "2020-05": {
            "month": "2020-05",
            "price": "43.82",
            "revenue": 7182969
        },
        "2020-06": {
            "month": "2020-06",
            "price": "44.05",
            "revenue": 6752208
        },
        "2020-07": {
            "month": "2020-07",
            "price": "44.14",
            "revenue": 6798878
        },
        "2020-08": {
            "month": "2020-08",
            "price": "41.93",
            "revenue": 6683133
        },
        "2020-09": {
            "month": "2020-09",
            "price": "41.93",
            "revenue": 7256519
        },
        "2020-10": {
            "month": "2020-10",
            "price": "41.03",
            "revenue": 7433331
        },
        "2020-11": {
            "month": "2020-11",
            "price": "43.30",
            "revenue": 7923604
        },
        "2020-12": {
            "month": "2020-12",
            "price": "43.19",
            "revenue": 8320877
        },
        "2021-01": {
            "month": "2021-01",
            "price": "41.94",
            "revenue": 7436331
        },
        "2021-02": {
            "month": "2021-02",
            "price": "41.75",
            "revenue": 3450204
        },
        "2021-03": {
            "month": "2021-03",
            "price": "44.68",
            "revenue": 7006606
        },
        "2021-04": {
            "month": "2021-04",
            "price": "48.92",
            "revenue": 7830830
        },
        "2021-05": {
            "month": "2021-05",
            "price": "49.85",
            "revenue": 7688883
        },
        "2021-06": {
            "month": "2021-06",
            "price": "50.88",
            "revenue": 6895504
        },
        "2021-07": {
            "month": "2021-07",
            "price": "52.12",
            "revenue": 6477630
        },
        "2021-08": {
            "month": "2021-08",
            "price": "45.64",
            "revenue": 7193266
        },
        "2021-09": {
            "month": "2021-09",
            "price": "45.62",
            "revenue": 7831470
        },
        "2021-10": {
            "month": "2021-10",
            "price": "45.10",
            "revenue": 9454594
        },
        "2021-11": {
            "month": "2021-11",
            "price": "44.28",
            "revenue": 8985672
        },
        "2021-12": {
            "month": "2021-12",
            "price": "43.46",
            "revenue": 9143837
        },
        "2022-01": {
            "month": "2022-01",
            "price": "44.30",
            "revenue": 7420726
        },
        "2022-02": {
            "month": "2022-02",
            "price": "45.40",
            "revenue": 4100676
        },
        "2022-03": {
            "month": "2022-03",
            "price": "47.26",
            "revenue": 8160414
        },
        "2022-04": {
            "month": "2022-04",
            "price": "47.47",
            "revenue": 8710220
        },
        "2022-05": {
            "month": "2022-05",
            "price": "45.31",
            "revenue": 8000427
        },
        "2022-06": {
            "month": "2022-06",
            "price": "43.78",
            "revenue": 7776413
        },
        "2022-07": {
            "month": "2022-07",
            "price": "43.84",
            "revenue": 7864622
        },
        "2022-08": {
            "month": "2022-08",
            "price": "42.07",
            "revenue": 7069221
        },
        "2022-09": {
            "month": "2022-09",
            "price": "42.84",
            "revenue": 6994078
        },
        "2022-10": {
            "month": "2022-10",
            "price": "38.34",
            "revenue": 7601097
        },
        "2022-11": {
            "month": "2022-11",
            "price": "39.71",
            "revenue": 8306062
        },
        "2022-12": {
            "month": "2022-12",
            "price": "41.16",
            "revenue": 8340507
        },
        "2023-01": {
            "month": "2023-01",
            "price": "41.82",
            "revenue": 4814494
        },
        "2023-02": {
            "month": "2023-02",
            "price": "42.84",
            "revenue": 6241236
        },
        "2023-03": {
            "month": "2023-03",
            "price": "43.27",
            "revenue": 8152982
        },
        "2023-04": {
            "month": "2023-04",
            "price": "43.71",
            "revenue": 7168871
        }
    }
}
