{
    "summary": {
        "stock_name": "嘉泥",
        "stock_id": "1103",
        "category": "水泥",
        "main_business": "水泥、生產、銷售",
        "website_url": "http://www.chcgroup.com.tw",
        "ceo": "王立心",
        "pe_ratio": 100,
        "report_year_from": 2001,
        "report_year_to": 2023,
        "age": 23,
        "eps_negative_percentage": 9,
        "eps_growth_avg": {
            "last_all": -4.33,
            "last_2y": -81.64,
            "last_4y": -9.96,
            "last_8y": 6.09,
            "last_12y": -18.68,
            "last_16y": -19.58,
            "last_20y": -9.83,
            "at_2006_last_3y": 26.76,
            "at_2007_last_3y": -13.06,
            "at_2008_last_3y": -21.33,
            "at_2009_last_3y": 6.46,
            "at_2010_last_3y": -22.06,
            "at_2011_last_3y": -19.39,
            "at_2012_last_3y": -25.19,
            "at_2013_last_3y": -56.61,
            "at_2014_last_3y": -84.74,
            "at_2015_last_3y": -32.83,
            "at_2016_last_3y": -29.02,
            "at_2017_last_3y": 3.24,
            "at_2018_last_3y": 22.14,
            "at_2019_last_3y": 19.13,
            "at_2020_last_3y": 50.14,
            "at_2021_last_3y": 9.33,
            "at_2022_last_3y": -9.96,
            "at_2023_last_3y": -42.6,
            "at_2024_last_3y": -42.6,
            "at_2006_last_all": 41.41,
            "at_2007_last_all": 23.44,
            "at_2008_last_all": 9.12,
            "at_2009_last_all": 16.61,
            "at_2010_last_all": 13.2,
            "at_2011_last_all": 6.31,
            "at_2012_last_all": -3.36,
            "at_2013_last_all": -3.36,
            "at_2014_last_all": -11.28,
            "at_2015_last_all": -2.72,
            "at_2016_last_all": -8.86,
            "at_2017_last_all": -1.6,
            "at_2018_last_all": -2.93,
            "at_2019_last_all": 2.42,
            "at_2020_last_all": 4.25,
            "at_2021_last_all": 0.7,
            "at_2022_last_all": -4.33,
            "at_2023_last_all": -4.33,
            "at_2024_last_all": -4.33
        },
        "latest_eps": 0.12,
        "latest_price": 17.3,
        "latest_roe": 0.43,
        "latest_gross_margin": 14.75,
        "latest_equity": 22418558,
        "latest_revenue": 796352,
        "latest_gross_profit": 117423,
        "latest_net_income": -51503,
        "latest_debt_ratio": 38.52,
        "latest_current_ratio": 319.5,
        "latest_account_receivable_turnover_ratio": 2.48,
        "latest_inventory_turnover_ratio": 5.11,
        "latest_reinvestment_rate": -49.42,
        "latest_research_to_sale_ratio": null
    },
    "eps_dividends": {
        "1990": {
            "cash": 2,
            "stock": 1,
            "eps": 0
        },
        "1991": {
            "cash": 2,
            "stock": 0.6,
            "eps": 0
        },
        "1992": {
            "cash": 1,
            "stock": 1.5,
            "eps": 0
        },
        "1993": {
            "cash": 1,
            "stock": 1,
            "eps": 0
        },
        "1994": {
            "cash": 1,
            "stock": 1.5,
            "eps": 0
        },
        "1995": {
            "cash": 0.5,
            "stock": 1,
            "eps": 0
        },
        "1996": {
            "cash": 0,
            "stock": 1,
            "eps": 0
        },
        "1997": {
            "cash": 0.5,
            "stock": 0.5,
            "eps": 0
        },
        "1998": {
            "cash": 0,
            "stock": 1.2,
            "eps": 0
        },
        "1999": {
            "cash": 0.2,
            "stock": 0.2,
            "eps": 0
        },
        "2001": {
            "cash": 0,
            "stock": 0,
            "eps": 0.04
        },
        "2002": {
            "cash": 0,
            "stock": 0,
            "eps": 0.7
        },
        "2003": {
            "cash": 0,
            "stock": 0,
            "eps": 1.35
        },
        "2004": {
            "cash": 0,
            "stock": 0,
            "eps": 0.76
        },
        "2005": {
            "cash": 0,
            "stock": 0,
            "eps": 0.44
        },
        "2006": {
            "cash": 0,
            "stock": 0,
            "eps": 5.39
        },
        "2007": {
            "cash": 0,
            "stock": 0,
            "eps": 1.81
        },
        "2008": {
            "cash": 0,
            "stock": 1,
            "eps": 0.42
        },
        "2009": {
            "cash": 0,
            "stock": 0,
            "eps": 0.71
        },
        "2010": {
            "cash": 0.2,
            "stock": 0.2,
            "eps": 0.61
        },
        "2011": {
            "cash": 0.5,
            "stock": 0.6,
            "eps": 0.27
        },
        "2012": {
            "cash": 0,
            "stock": 0,
            "eps": -1.11
        },
        "2013": {
            "cash": 0,
            "stock": 0,
            "eps": 1.97
        },
        "2014": {
            "cash": 1,
            "stock": 0,
            "eps": 0.03
        },
        "2015": {
            "cash": 0.3,
            "stock": 0,
            "eps": 0.35
        },
        "2016": {
            "cash": 0.1,
            "stock": 0,
            "eps": 0.04
        },
        "2017": {
            "cash": 0.2,
            "stock": 0,
            "eps": 1.4
        },
        "2018": {
            "cash": 0.5,
            "stock": 0,
            "eps": 1.08
        },
        "2019": {
            "cash": 1,
            "stock": 0,
            "eps": 2.03
        },
        "2020": {
            "cash": 1,
            "stock": 0,
            "eps": 2.75
        },
        "2021": {
            "cash": 1.4,
            "stock": 0,
            "eps": 1.01
        },
        "2022": {
            "cash": 0.65,
            "stock": 0,
            "eps": -0.28
        },
        "2023": {
            "cash": 0.3,
            "stock": 0.2,
            "eps": 0.13
        }
    },
    "dividends": {
        "1990-05-17": {
            "cash": 2,
            "stock": 1
        },
        "1991-04-17": {
            "cash": 2,
            "stock": 0.6
        },
        "1992-04-30": {
            "cash": 1,
            "stock": 1.5
        },
        "1993-04-22": {
            "cash": 1,
            "stock": 1
        },
        "1994-04-08": {
            "cash": 1,
            "stock": 1.5
        },
        "1995-04-20": {
            "cash": 0.5,
            "stock": 1
        },
        "1996-05-11": {
            "cash": 0,
            "stock": 1
        },
        "1997-05-08": {
            "cash": 0.5,
            "stock": 0.5
        },
        "1998-05-19": {
            "cash": 0,
            "stock": 1.2
        },
        "1999-06-07": {
            "cash": 0.2,
            "stock": 0.2
        },
        "2008-04-24": {
            "cash": 0,
            "stock": 1
        },
        "2010-04-28": {
            "cash": 0.2,
            "stock": 0.2
        },
        "2011-01-01": {
            "cash": 0.2,
            "stock": 0.3
        },
        "2011-04-27": {
            "cash": 0.3,
            "stock": 0.3
        },
        "2014-06-18": {
            "cash": 1,
            "stock": 0
        },
        "2015-10-16": {
            "cash": 0.3,
            "stock": 0
        },
        "2016-09-30": {
            "cash": 0.1,
            "stock": 0
        },
        "2017-09-15": {
            "cash": 0.2,
            "stock": 0
        },
        "2018-08-31": {
            "cash": 0.5,
            "stock": 0
        },
        "2019-09-26": {
            "cash": 1,
            "stock": 0
        },
        "2020-08-28": {
            "cash": 1,
            "stock": 0
        },
        "2021-10-07": {
            "cash": 1.4,
            "stock": 0
        },
        "2022-09-02": {
            "cash": 0.65,
            "stock": 0
        },
        "2023-07-27": {
            "cash": 0.3,
            "stock": 0.2
        }
    },
    "prices": {
        "200101": "7.25",
        "200102": "7.79",
        "200103": "7.80",
        "200104": "7.32",
        "200105": "6.73",
        "200106": "6.72",
        "200107": "6.41",
        "200108": "6.30",
        "200109": "6.19",
        "200110": "6.12",
        "200111": "6.18",
        "200112": "7.15",
        "200201": "7.49",
        "200202": "7.32",
        "200203": "8.29",
        "200204": "9.24",
        "200205": "9.82",
        "200206": "11.53",
        "200207": "12.91",
        "200208": "11.70",
        "200209": "9.92",
        "200210": "10.30",
        "200211": "12.33",
        "200212": "14.95",
        "200301": "16.23",
        "200302": "14.43",
        "200303": "15.10",
        "200304": "14.38",
        "200305": "12.82",
        "200306": "14.69",
        "200307": "15.11",
        "200308": "17.33",
        "200309": "16.04",
        "200310": "18.28",
        "200311": "20.88",
        "200312": "20.73",
        "200401": "20.59",
        "200402": "21.18",
        "200403": "20.98",
        "200404": "17.63",
        "200405": "14.69",
        "200406": "15.14",
        "200407": "15.92",
        "200408": "15.47",
        "200409": "16.71",
        "200410": "15.73",
        "200411": "14.42",
        "200412": "14.84",
        "200501": "14.53",
        "200502": "14.05",
        "200503": "13.84",
        "200504": "11.99",
        "200505": "11.29",
        "200506": "12.53",
        "200507": "12.68",
        "200508": "13.94",
        "200509": "14.42",
        "200510": "13.95",
        "200511": "14.17",
        "200512": "13.26",
        "200601": "12.91",
        "200602": "12.59",
        "200603": "13.08",
        "200604": "14.91",
        "200605": "19.69",
        "200606": "16.55",
        "200607": "16.54",
        "200608": "16.29",
        "200609": "16.76",
        "200610": "18.62",
        "200611": "20.57",
        "200612": "21.36",
        "200701": "19.98",
        "200702": "19.46",
        "200703": "19.94",
        "200704": "20.72",
        "200705": "18.93",
        "200706": "21.64",
        "200707": "26.67",
        "200708": "25.35",
        "200709": "26.27",
        "200710": "31.68",
        "200711": "28.08",
        "200712": "22.57",
        "200801": "21.73",
        "200802": "22.29",
        "200803": "26.01",
        "200804": "29.84",
        "200805": "29.55",
        "200806": "24.24",
        "200807": "21.52",
        "200808": "19.86",
        "200809": "16.23",
        "200810": "10.75",
        "200811": "12.42",
        "200812": "13.00",
        "200901": "12.45",
        "200902": "11.81",
        "200903": "12.67",
        "200904": "16.04",
        "200905": "17.19",
        "200906": "15.76",
        "200907": "15.91",
        "200908": "15.93",
        "200909": "16.07",
        "200910": "18.26",
        "200911": "17.22",
        "200912": "17.76",
        "201001": "17.36",
        "201002": "14.86",
        "201003": "15.40",
        "201004": "15.65",
        "201005": "13.67",
        "201006": "13.51",
        "201007": "14.56",
        "201008": "15.45",
        "201009": "15.41",
        "201010": "15.92",
        "201011": "15.96",
        "201012": "16.58",
        "201101": "16.96",
        "201102": "16.21",
        "201103": "16.22",
        "201104": "17.71",
        "201105": "17.65",
        "201106": "17.80",
        "201107": "18.98",
        "201108": "17.12",
        "201109": "16.54",
        "201110": "15.10",
        "201111": "13.95",
        "201112": "12.12",
        "201201": "11.90",
        "201202": "13.68",
        "201203": "13.87",
        "201204": "13.37",
        "201205": "13.22",
        "201206": "13.34",
        "201207": "13.41",
        "201208": "13.58",
        "201209": "14.26",
        "201210": "14.24",
        "201211": "13.27",
        "201212": "13.70",
        "201301": "13.91",
        "201302": "13.92",
        "201303": "13.42",
        "201304": "13.04",
        "201305": "13.62",
        "201306": "14.21",
        "201307": "14.10",
        "201308": "13.88",
        "201309": "14.13",
        "201310": "15.15",
        "201311": "14.84",
        "201312": "15.89",
        "201401": "15.53",
        "201402": "15.61",
        "201403": "15.40",
        "201404": "16.18",
        "201405": "15.73",
        "201406": "15.96",
        "201407": "15.41",
        "201408": "15.14",
        "201409": "15.11",
        "201410": "14.43",
        "201411": "14.16",
        "201412": "14.03",
        "201501": "14.06",
        "201502": "13.72",
        "201503": "13.73",
        "201504": "14.02",
        "201505": "13.92",
        "201506": "12.55",
        "201507": "11.59",
        "201508": "10.07",
        "201509": "10.16",
        "201510": "10.60",
        "201511": "10.28",
        "201512": "9.64",
        "201601": "9.07",
        "201602": "9.23",
        "201603": "9.54",
        "201604": "9.36",
        "201605": "8.63",
        "201606": "8.34",
        "201607": "8.78",
        "201608": "8.97",
        "201609": "8.98",
        "201610": "8.95",
        "201611": "8.69",
        "201612": "8.80",
        "201701": "8.91",
        "201702": "10.78",
        "201703": "11.30",
        "201704": "10.61",
        "201705": "10.50",
        "201706": "10.84",
        "201707": "10.83",
        "201708": "10.93",
        "201709": "12.31",
        "201710": "12.29",
        "201711": "12.19",
        "201712": "12.38",
        "201801": "13.68",
        "201802": "12.71",
        "201803": "11.82",
        "201804": "11.84",
        "201805": "13.28",
        "201806": "13.34",
        "201807": "13.57",
        "201808": "14.86",
        "201809": "13.64",
        "201810": "12.45",
        "201811": "12.76",
        "201812": "13.86",
        "201901": "13.76",
        "201902": "13.95",
        "201903": "14.18",
        "201904": "14.96",
        "201905": "15.85",
        "201906": "16.81",
        "201907": "16.83",
        "201908": "16.28",
        "201909": "17.43",
        "201910": "18.65",
        "201911": "19.84",
        "201912": "20.39",
        "202001": "21.55",
        "202002": "20.21",
        "202003": "16.57",
        "202004": "16.18",
        "202005": "16.45",
        "202006": "17.23",
        "202007": "17.53",
        "202008": "16.49",
        "202009": "16.39",
        "202010": "15.84",
        "202011": "17.09",
        "202012": "18.43",
        "202101": "17.60",
        "202102": "17.19",
        "202103": "18.38",
        "202104": "23.94",
        "202105": "22.65",
        "202106": "22.24",
        "202107": "22.66",
        "202108": "21.81",
        "202109": "21.31",
        "202110": "20.31",
        "202111": "20.69",
        "202112": "20.49",
        "202201": "20.26",
        "202202": "20.53",
        "202203": "20.62",
        "202204": "20.27",
        "202205": "18.58",
        "202206": "18.33",
        "202207": "17.92",
        "202208": "17.78",
        "202209": "17.69",
        "202210": "16.34",
        "202211": "16.81",
        "202212": "17.68",
        "202301": "17.79",
        "202302": "19.29",
        "202303": "19.10",
        "202304": "19.57",
        "202305": "20.08",
        "202306": "21.27",
        "202307": "21.26",
        "202308": "19.41",
        "202309": "18.76",
        "202310": "18.17",
        "202311": "18.64",
        "202312": "19.08"
    },
    "quarters": {
        "20011": {
            "year_quarter": 20011,
            "year": 2001,
            "quarter": 1,
            "eps": -0.03,
            "eps_growth_year": -109.38,
            "eps_4q": -1.01,
            "eps_4q_growth_year": -357.26,
            "roe": -0.17,
            "roe_4q": -0.17,
            "gross_profit": 88273,
            "gross_margin": 14.48,
            "gross_margin_4q_avg": 14.48,
            "net_income": -20105,
            "net_income_4q": null,
            "revenue": 609741,
            "revenue_4q": null,
            "common_shares": 6996391,
            "book_valuer_per_share": 14.34,
            "book_valuer_per_share_4q_avg": 14.34,
            "equity": 10034666,
            "current_ratio": 239.91,
            "debt_ratio": 54.69,
            "inventory_turnover_ratio": 0.24,
            "account_receivable_turnover_ratio": null,
            "reinvestment_rate": null,
            "research_to_sale_ratio": null,
            "price_fair": 0,
            "eps_avg_yearly": 0,
            "eps_latest_yearly": 0,
            "eps_growth_yearly": 0
        },
        "20012": {
            "year_quarter": 20012,
            "year": 2001,
            "quarter": 2,
            "eps": -0.37,
            "eps_growth_year": null,
            "eps_4q": -1.03,
            "eps_4q_growth_year": -11984.57,
            "roe": -2.6,
            "roe_4q": -2.77,
            "gross_profit": 57672,
            "gross_margin": 10.85,
            "gross_margin_4q_avg": 12.67,
            "net_income": -257600,
            "net_income_4q": null,
            "revenue": 531454,
            "revenue_4q": null,
            "common_shares": 6996391,
            "book_valuer_per_share": 13.97,
            "book_valuer_per_share_4q_avg": 14.16,
            "equity": 9775968,
            "current_ratio": 100.84,
            "debt_ratio": 56.95,
            "inventory_turnover_ratio": 0.64,
            "account_receivable_turnover_ratio": null,
            "reinvestment_rate": null,
            "research_to_sale_ratio": null,
            "price_fair": 0,
            "eps_avg_yearly": 0,
            "eps_latest_yearly": 0,
            "eps_growth_yearly": 0
        },
        "20013": {
            "year_quarter": 20013,
            "year": 2001,
            "quarter": 3,
            "eps": -0.06,
            "eps_growth_year": null,
            "eps_4q": -0.68,
            "eps_4q_growth_year": null,
            "roe": -0.4,
            "roe_4q": -3.17,
            "gross_profit": 73117,
            "gross_margin": 14.33,
            "gross_margin_4q_avg": 13.22,
            "net_income": -39014,
            "net_income_4q": null,
            "revenue": 510197,
            "revenue_4q": null,
            "common_shares": 6996391,
            "book_valuer_per_share": 13.93,
            "book_valuer_per_share_4q_avg": 14.08,
            "equity": 9747166,
            "current_ratio": 105.66,
            "debt_ratio": 55.57,
            "inventory_turnover_ratio": 0.74,
            "account_receivable_turnover_ratio": null,
            "reinvestment_rate": null,
            "research_to_sale_ratio": null,
            "price_fair": 0,
            "eps_avg_yearly": 0,
            "eps_latest_yearly": 0,
            "eps_growth_yearly": 0
        },
        "20014": {
            "year_quarter": 20014,
            "year": 2001,
            "quarter": 4,
            "eps": 0.5,
            "eps_growth_year": null,
            "eps_4q": 0.05,
            "eps_4q_growth_year": null,
            "roe": 3.06,
            "roe_4q": -0.10999999999999996,
            "gross_profit": 102176,
            "gross_margin": 15.97,
            "gross_margin_4q_avg": 13.91,
            "net_income": 350732,
            "net_income_4q": null,
            "revenue": 639710,
            "revenue_4q": null,
            "common_shares": 6996391,
            "book_valuer_per_share": 12.58,
            "book_valuer_per_share_4q_avg": 13.71,
            "equity": 13146179,
            "current_ratio": 117.97,
            "debt_ratio": 67.55,
            "inventory_turnover_ratio": 0.28,
            "account_receivable_turnover_ratio": null,
            "reinvestment_rate": null,
            "research_to_sale_ratio": null,
            "price_fair": 0,
            "eps_avg_yearly": 0,
            "eps_latest_yearly": 0,
            "eps_growth_yearly": 0
        },
        "20021": {
            "year_quarter": 20021,
            "year": 2002,
            "quarter": 1,
            "eps": 0.2,
            "eps_growth_year": null,
            "eps_4q": 0.31,
            "eps_4q_growth_year": null,
            "roe": 0.91,
            "roe_4q": 0.9700000000000002,
            "gross_profit": 119948,
            "gross_margin": 18.03,
            "gross_margin_4q_avg": 14.8,
            "net_income": 101618,
            "net_income_4q": null,
            "revenue": 665148,
            "revenue_4q": null,
            "common_shares": 6996391,
            "book_valuer_per_share": 13.14,
            "book_valuer_per_share_4q_avg": 13.41,
            "equity": 9194100,
            "current_ratio": 131.14,
            "debt_ratio": 56.81,
            "inventory_turnover_ratio": 0.29,
            "account_receivable_turnover_ratio": null,
            "reinvestment_rate": null,
            "research_to_sale_ratio": null,
            "price_fair": 2.4,
            "eps_avg_yearly": 0.8,
            "eps_latest_yearly": 0.8,
            "eps_growth_yearly": -240
        },
        "20022": {
            "year_quarter": 20022,
            "year": 2002,
            "quarter": 2,
            "eps": 0.39,
            "eps_growth_year": null,
            "eps_4q": 1.18,
            "eps_4q_growth_year": null,
            "roe": 2.19,
            "roe_4q": 5.76,
            "gross_profit": 112599,
            "gross_margin": 17.23,
            "gross_margin_4q_avg": 16.39,
            "net_income": 203030,
            "net_income_4q": null,
            "revenue": 653495,
            "revenue_4q": null,
            "common_shares": 6996391,
            "book_valuer_per_share": 13.32,
            "book_valuer_per_share_4q_avg": 13.24,
            "equity": 9316823,
            "current_ratio": 164.65,
            "debt_ratio": 52.28,
            "inventory_turnover_ratio": 1.13,
            "account_receivable_turnover_ratio": null,
            "reinvestment_rate": null,
            "research_to_sale_ratio": null,
            "price_fair": 41.3,
            "eps_avg_yearly": 1.18,
            "eps_latest_yearly": 1.56,
            "eps_growth_yearly": 70
        },
        "20023": {
            "year_quarter": 20023,
            "year": 2002,
            "quarter": 3,
            "eps": 0.08,
            "eps_growth_year": null,
            "eps_4q": 1.33,
            "eps_4q_growth_year": null,
            "roe": 0.44,
            "roe_4q": 6.6,
            "gross_profit": 84828,
            "gross_margin": 13.14,
            "gross_margin_4q_avg": 16.09,
            "net_income": 41962,
            "net_income_4q": null,
            "revenue": 645409,
            "revenue_4q": null,
            "common_shares": 6996391,
            "book_valuer_per_share": 13.9,
            "book_valuer_per_share_4q_avg": 13.24,
            "equity": 9723507,
            "current_ratio": 175.52,
            "debt_ratio": 50.44,
            "inventory_turnover_ratio": 1.13,
            "account_receivable_turnover_ratio": null,
            "reinvestment_rate": null,
            "research_to_sale_ratio": null,
            "price_fair": 2.68,
            "eps_avg_yearly": 0.89,
            "eps_latest_yearly": 0.32,
            "eps_growth_yearly": -59.32
        },
        "20024": {
            "year_quarter": 20024,
            "year": 2002,
            "quarter": 4,
            "eps": 0.03,
            "eps_growth_year": -94,
            "eps_4q": 0.64,
            "eps_4q_growth_year": 1223.4,
            "roe": 0.14,
            "roe_4q": 3.68,
            "gross_profit": 76102,
            "gross_margin": 11.49,
            "gross_margin_4q_avg": 14.97,
            "net_income": 16999,
            "net_income_4q": null,
            "revenue": 662572,
            "revenue_4q": null,
            "common_shares": 6996391,
            "book_valuer_per_share": 13.26,
            "book_valuer_per_share_4q_avg": 13.41,
            "equity": 13787062,
            "current_ratio": 130.92,
            "debt_ratio": 61.34,
            "inventory_turnover_ratio": 0.38,
            "account_receivable_turnover_ratio": null,
            "reinvestment_rate": null,
            "research_to_sale_ratio": null,
            "price_fair": 2.1,
            "eps_avg_yearly": 0.7,
            "eps_latest_yearly": 0.12,
            "eps_growth_yearly": -106.99
        },
        "20031": {
            "year_quarter": 20031,
            "year": 2003,
            "quarter": 1,
            "eps": 0.4,
            "eps_growth_year": 100,
            "eps_4q": 0.9,
            "eps_4q_growth_year": 192.1,
            "roe": 1.82,
            "roe_4q": 4.59,
            "gross_profit": 83084,
            "gross_margin": 15.85,
            "gross_margin_4q_avg": 14.43,
            "net_income": 211566,
            "net_income_4q": null,
            "revenue": 524292,
            "revenue_4q": null,
            "common_shares": 6996391,
            "book_valuer_per_share": 13.57,
            "book_valuer_per_share_4q_avg": 13.51,
            "equity": 9490702,
            "current_ratio": 107.11,
            "debt_ratio": 50.58,
            "inventory_turnover_ratio": 0.31,
            "account_receivable_turnover_ratio": null,
            "reinvestment_rate": -1069.44,
            "research_to_sale_ratio": null,
            "price_fair": 30.8,
            "eps_avg_yearly": 0.88,
            "eps_latest_yearly": 1.6,
            "eps_growth_yearly": 901.08
        },
        "20032": {
            "year_quarter": 20032,
            "year": 2003,
            "quarter": 2,
            "eps": 0.29,
            "eps_growth_year": -25.64,
            "eps_4q": 0.8,
            "eps_4q_growth_year": -32.02,
            "roe": 1.6,
            "roe_4q": 4,
            "gross_profit": 77328,
            "gross_margin": 13.53,
            "gross_margin_4q_avg": 13.5,
            "net_income": 152388,
            "net_income_4q": null,
            "revenue": 571726,
            "revenue_4q": null,
            "common_shares": 6996391,
            "book_valuer_per_share": 13.74,
            "book_valuer_per_share_4q_avg": 13.62,
            "equity": 9610552,
            "current_ratio": 112.48,
            "debt_ratio": 50.05,
            "inventory_turnover_ratio": 2.9,
            "account_receivable_turnover_ratio": null,
            "reinvestment_rate": -795.48,
            "research_to_sale_ratio": null,
            "price_fair": 32.43,
            "eps_avg_yearly": 0.93,
            "eps_latest_yearly": 1.16,
            "eps_growth_yearly": 732.56
        },
        "20033": {
            "year_quarter": 20033,
            "year": 2003,
            "quarter": 3,
            "eps": 0.29,
            "eps_growth_year": 262.5,
            "eps_4q": 1.01,
            "eps_4q_growth_year": -24.11,
            "roe": 1.6,
            "roe_4q": 5.16,
            "gross_profit": 76825,
            "gross_margin": 14.01,
            "gross_margin_4q_avg": 13.72,
            "net_income": 153676,
            "net_income_4q": null,
            "revenue": 548432,
            "revenue_4q": null,
            "common_shares": 6996391,
            "book_valuer_per_share": 13.68,
            "book_valuer_per_share_4q_avg": 13.56,
            "equity": 9574203,
            "current_ratio": 98.83,
            "debt_ratio": 50.02,
            "inventory_turnover_ratio": 3.97,
            "account_receivable_turnover_ratio": null,
            "reinvestment_rate": -487.16,
            "research_to_sale_ratio": null,
            "price_fair": 33.6,
            "eps_avg_yearly": 0.96,
            "eps_latest_yearly": 1.16,
            "eps_growth_yearly": 627.91
        },
        "20034": {
            "year_quarter": 20034,
            "year": 2003,
            "quarter": 4,
            "eps": 0.37,
            "eps_growth_year": 1133.33,
            "eps_4q": 1.35,
            "eps_4q_growth_year": 110.97,
            "roe": 1.73,
            "roe_4q": 6.75,
            "gross_profit": 84142,
            "gross_margin": 12.1,
            "gross_margin_4q_avg": 13.87,
            "net_income": 194676,
            "net_income_4q": null,
            "revenue": 695412,
            "revenue_4q": null,
            "common_shares": 6996391,
            "book_valuer_per_share": 14.72,
            "book_valuer_per_share_4q_avg": 13.93,
            "equity": 12957775,
            "current_ratio": 129.46,
            "debt_ratio": 61.07,
            "inventory_turnover_ratio": 0.6,
            "account_receivable_turnover_ratio": null,
            "reinvestment_rate": 108.29,
            "research_to_sale_ratio": null,
            "price_fair": 35.88,
            "eps_avg_yearly": 1.03,
            "eps_latest_yearly": 1.48,
            "eps_growth_yearly": 563.22
        },
        "20041": {
            "year_quarter": 20041,
            "year": 2004,
            "quarter": 1,
            "eps": 0.42,
            "eps_growth_year": 5,
            "eps_4q": 1.37,
            "eps_4q_growth_year": 53.05,
            "roe": 1.89,
            "roe_4q": 6.82,
            "gross_profit": 63050,
            "gross_margin": 10.49,
            "gross_margin_4q_avg": 12.53,
            "net_income": 221310,
            "net_income_4q": null,
            "revenue": 600936,
            "revenue_4q": null,
            "common_shares": 6996391,
            "book_valuer_per_share": 14.98,
            "book_valuer_per_share_4q_avg": 14.28,
            "equity": 10482574,
            "current_ratio": 111.74,
            "debt_ratio": 33.88,
            "inventory_turnover_ratio": 0.53,
            "account_receivable_turnover_ratio": null,
            "reinvestment_rate": -1004.94,
            "research_to_sale_ratio": null,
            "price_fair": 38.42,
            "eps_avg_yearly": 1.1,
            "eps_latest_yearly": 1.68,
            "eps_growth_yearly": 506.64
        },
        "20042": {
            "year_quarter": 20042,
            "year": 2004,
            "quarter": 2,
            "eps": 0.36,
            "eps_growth_year": 24.14,
            "eps_4q": 1.44,
            "eps_4q_growth_year": 78.43,
            "roe": 1.78,
            "roe_4q": 7,
            "gross_profit": 81138,
            "gross_margin": 11.41,
            "gross_margin_4q_avg": 12,
            "net_income": 190589,
            "net_income_4q": null,
            "revenue": 711230,
            "revenue_4q": null,
            "common_shares": 6996391,
            "book_valuer_per_share": 15.66,
            "book_valuer_per_share_4q_avg": 14.76,
            "equity": 10956774,
            "current_ratio": 138.73,
            "debt_ratio": 33.27,
            "inventory_turnover_ratio": 6.41,
            "account_receivable_turnover_ratio": null,
            "reinvestment_rate": -626.15,
            "research_to_sale_ratio": null,
            "price_fair": 39.62,
            "eps_avg_yearly": 1.13,
            "eps_latest_yearly": 1.44,
            "eps_growth_yearly": 450.26
        },
        "20043": {
            "year_quarter": 20043,
            "year": 2004,
            "quarter": 3,
            "eps": 0.28,
            "eps_growth_year": -3.45,
            "eps_4q": 1.44,
            "eps_4q_growth_year": 43.21,
            "roe": 1.32,
            "roe_4q": 6.720000000000001,
            "gross_profit": 83926,
            "gross_margin": 12.86,
            "gross_margin_4q_avg": 11.72,
            "net_income": 145803,
            "net_income_4q": null,
            "revenue": 652529,
            "revenue_4q": null,
            "common_shares": 6996391,
            "book_valuer_per_share": 15.92,
            "book_valuer_per_share_4q_avg": 15.32,
            "equity": 11140170,
            "current_ratio": 142.01,
            "debt_ratio": 33.42,
            "inventory_turnover_ratio": 5.49,
            "account_receivable_turnover_ratio": null,
            "reinvestment_rate": -446.13,
            "research_to_sale_ratio": null,
            "price_fair": 39.58,
            "eps_avg_yearly": 1.13,
            "eps_latest_yearly": 1.12,
            "eps_growth_yearly": 401.25
        },
        "20044": {
            "year_quarter": 20044,
            "year": 2004,
            "quarter": 4,
            "eps": -0.3,
            "eps_growth_year": -181.08,
            "eps_4q": 0.5,
            "eps_4q_growth_year": -62.91,
            "roe": -1.28,
            "roe_4q": 3.71,
            "gross_profit": 112779,
            "gross_margin": 14.32,
            "gross_margin_4q_avg": 12.27,
            "net_income": -156364,
            "net_income_4q": null,
            "revenue": 787570,
            "revenue_4q": null,
            "common_shares": 6996391,
            "book_valuer_per_share": 15.09,
            "book_valuer_per_share_4q_avg": 15.41,
            "equity": 13286651,
            "current_ratio": 146.25,
            "debt_ratio": 59.19,
            "inventory_turnover_ratio": 0.91,
            "account_receivable_turnover_ratio": null,
            "reinvestment_rate": 46.55,
            "research_to_sale_ratio": null,
            "price_fair": 39.58,
            "eps_avg_yearly": 1.13,
            "eps_latest_yearly": 1.12,
            "eps_growth_yearly": 401.25
        },
        "20051": {
            "year_quarter": 20051,
            "year": 2005,
            "quarter": 1,
            "eps": -0.56,
            "eps_growth_year": -233.33,
            "eps_4q": -0.22,
            "eps_4q_growth_year": -116.07,
            "roe": -2.52,
            "roe_4q": -0.6999999999999995,
            "gross_profit": 91933,
            "gross_margin": 14,
            "gross_margin_4q_avg": 13.15,
            "net_income": -296745,
            "net_income_4q": null,
            "revenue": 656851,
            "revenue_4q": null,
            "common_shares": 6996391,
            "book_valuer_per_share": 14.63,
            "book_valuer_per_share_4q_avg": 15.33,
            "equity": 10237166,
            "current_ratio": 117.69,
            "debt_ratio": 33.92,
            "inventory_turnover_ratio": 0.77,
            "account_receivable_turnover_ratio": null,
            "reinvestment_rate": -540.82,
            "research_to_sale_ratio": null,
            "price_fair": 39.58,
            "eps_avg_yearly": 1.13,
            "eps_latest_yearly": 1.12,
            "eps_growth_yearly": 401.25
        },
        "20052": {
            "year_quarter": 20052,
            "year": 2005,
            "quarter": 2,
            "eps": 0.09,
            "eps_growth_year": -75,
            "eps_4q": -0.49,
            "eps_4q_growth_year": -134.45,
            "roe": 0.46,
            "roe_4q": -2.0199999999999996,
            "gross_profit": 102223,
            "gross_margin": 14.65,
            "gross_margin_4q_avg": 13.96,
            "net_income": 47303,
            "net_income_4q": null,
            "revenue": 697605,
            "revenue_4q": null,
            "common_shares": 6996391,
            "book_valuer_per_share": 14.67,
            "book_valuer_per_share_4q_avg": 15.08,
            "equity": 10262668,
            "current_ratio": 123.2,
            "debt_ratio": 34.12,
            "inventory_turnover_ratio": 5.33,
            "account_receivable_turnover_ratio": null,
            "reinvestment_rate": -416.02,
            "research_to_sale_ratio": null,
            "price_fair": 39.58,
            "eps_avg_yearly": 1.13,
            "eps_latest_yearly": 1.12,
            "eps_growth_yearly": 401.25
        },
        "20053": {
            "year_quarter": 20053,
            "year": 2005,
            "quarter": 3,
            "eps": 0.51,
            "eps_growth_year": 82.14,
            "eps_4q": -0.26,
            "eps_4q_growth_year": -117.94,
            "roe": 2.61,
            "roe_4q": -0.7300000000000002,
            "gross_profit": 96187,
            "gross_margin": 14.65,
            "gross_margin_4q_avg": 14.41,
            "net_income": 269039,
            "net_income_4q": null,
            "revenue": 656567,
            "revenue_4q": null,
            "common_shares": 6996391,
            "book_valuer_per_share": 14.84,
            "book_valuer_per_share_4q_avg": 14.81,
            "equity": 10380686,
            "current_ratio": 135.2,
            "debt_ratio": 35.65,
            "inventory_turnover_ratio": 5.3,
            "account_receivable_turnover_ratio": null,
            "reinvestment_rate": -347.46,
            "research_to_sale_ratio": null,
            "price_fair": 42.23,
            "eps_avg_yearly": 1.21,
            "eps_latest_yearly": 2.04,
            "eps_growth_yearly": 523.37
        },
        "20054": {
            "year_quarter": 20054,
            "year": 2005,
            "quarter": 4,
            "eps": 0.4,
            "eps_growth_year": null,
            "eps_4q": 0.44,
            "eps_4q_growth_year": -12.81,
            "roe": 1.72,
            "roe_4q": 2.27,
            "gross_profit": 114737,
            "gross_margin": 14.54,
            "gross_margin_4q_avg": 14.46,
            "net_income": 207685,
            "net_income_4q": null,
            "revenue": 789376,
            "revenue_4q": null,
            "common_shares": 6745261,
            "book_valuer_per_share": 15.96,
            "book_valuer_per_share_4q_avg": 15.03,
            "equity": 13732133,
            "current_ratio": 117.41,
            "debt_ratio": 58.36,
            "inventory_turnover_ratio": 0.77,
            "account_receivable_turnover_ratio": null,
            "reinvestment_rate": 176.67,
            "research_to_sale_ratio": null,
            "price_fair": 43.29,
            "eps_avg_yearly": 1.24,
            "eps_latest_yearly": 1.6,
            "eps_growth_yearly": 476.47
        },
        "20061": {
            "year_quarter": 20061,
            "year": 2006,
            "quarter": 1,
            "eps": 4.61,
            "eps_growth_year": null,
            "eps_4q": 5.65,
            "eps_4q_growth_year": null,
            "roe": 17.41,
            "roe_4q": 22.2,
            "gross_profit": 96322,
            "gross_margin": 14.48,
            "gross_margin_4q_avg": 14.58,
            "net_income": 2333473,
            "net_income_4q": null,
            "revenue": 665367,
            "revenue_4q": null,
            "common_shares": 6745261,
            "book_valuer_per_share": 19.37,
            "book_valuer_per_share_4q_avg": 16.21,
            "equity": 13068157,
            "current_ratio": 113.7,
            "debt_ratio": 29.62,
            "inventory_turnover_ratio": 0.67,
            "account_receivable_turnover_ratio": null,
            "reinvestment_rate": -113.17,
            "research_to_sale_ratio": null,
            "price_fair": 90.78,
            "eps_avg_yearly": 2.59,
            "eps_latest_yearly": 18.44,
            "eps_growth_yearly": 818.78
        },
        "20062": {
            "year_quarter": 20062,
            "year": 2006,
            "quarter": 2,
            "eps": 0.27,
            "eps_growth_year": 200,
            "eps_4q": 5.75,
            "eps_4q_growth_year": null,
            "roe": 1.03,
            "roe_4q": 22.77,
            "gross_profit": 90159,
            "gross_margin": 14.58,
            "gross_margin_4q_avg": 14.56,
            "net_income": 138542,
            "net_income_4q": null,
            "revenue": 618212,
            "revenue_4q": null,
            "common_shares": 6745261,
            "book_valuer_per_share": 20.44,
            "book_valuer_per_share_4q_avg": 17.65,
            "equity": 13790054,
            "current_ratio": 166.64,
            "debt_ratio": 28.11,
            "inventory_turnover_ratio": 8.71,
            "account_receivable_turnover_ratio": null,
            "reinvestment_rate": -105.8,
            "research_to_sale_ratio": null,
            "price_fair": 89.49,
            "eps_avg_yearly": 2.56,
            "eps_latest_yearly": 1.08,
            "eps_growth_yearly": 760.58
        },
        "20063": {
            "year_quarter": 20063,
            "year": 2006,
            "quarter": 3,
            "eps": 0.38,
            "eps_growth_year": -25.49,
            "eps_4q": 5.56,
            "eps_4q_growth_year": null,
            "roe": 1.41,
            "roe_4q": 21.57,
            "gross_profit": 87079,
            "gross_margin": 14.51,
            "gross_margin_4q_avg": 14.53,
            "net_income": 196442,
            "net_income_4q": null,
            "revenue": 600232,
            "revenue_4q": null,
            "common_shares": 6745261,
            "book_valuer_per_share": 20.98,
            "book_valuer_per_share_4q_avg": 19.19,
            "equity": 14150572,
            "current_ratio": 267,
            "debt_ratio": 27.49,
            "inventory_turnover_ratio": 7.9,
            "account_receivable_turnover_ratio": null,
            "reinvestment_rate": -101.65,
            "research_to_sale_ratio": null,
            "price_fair": 92.72,
            "eps_avg_yearly": 2.65,
            "eps_latest_yearly": 1.52,
            "eps_growth_yearly": 797.58
        },
        "20064": {
            "year_quarter": 20064,
            "year": 2006,
            "quarter": 4,
            "eps": 0.13,
            "eps_growth_year": -67.5,
            "eps_4q": 5.36,
            "eps_4q_growth_year": 1125.12,
            "roe": 0.4,
            "roe_4q": 20.25,
            "gross_profit": 101073,
            "gross_margin": 12.22,
            "gross_margin_4q_avg": 13.95,
            "net_income": 66292,
            "net_income_4q": null,
            "revenue": 826918,
            "revenue_4q": null,
            "common_shares": 6745261,
            "book_valuer_per_share": 21.93,
            "book_valuer_per_share_4q_avg": 20.68,
            "equity": 18599773,
            "current_ratio": 272.46,
            "debt_ratio": 45.92,
            "inventory_turnover_ratio": 1.33,
            "account_receivable_turnover_ratio": null,
            "reinvestment_rate": 66.23,
            "research_to_sale_ratio": null,
            "price_fair": 93.8,
            "eps_avg_yearly": 2.68,
            "eps_latest_yearly": 0.52,
            "eps_growth_yearly": 796.56
        },
        "20071": {
            "year_quarter": 20071,
            "year": 2007,
            "quarter": 1,
            "eps": 0.08,
            "eps_growth_year": -98.26,
            "eps_4q": 0.85,
            "eps_4q_growth_year": -84.86,
            "roe": 0.25,
            "roe_4q": 3.09,
            "gross_profit": 82216,
            "gross_margin": 10.1,
            "gross_margin_4q_avg": 12.85,
            "net_income": 41427,
            "net_income_4q": null,
            "revenue": 813740,
            "revenue_4q": null,
            "common_shares": 6745261,
            "book_valuer_per_share": 22.29,
            "book_valuer_per_share_4q_avg": 21.41,
            "equity": 15037506,
            "current_ratio": 237.64,
            "debt_ratio": 28.29,
            "inventory_turnover_ratio": 1.35,
            "account_receivable_turnover_ratio": null,
            "reinvestment_rate": -101.83,
            "research_to_sale_ratio": null,
            "price_fair": 90.35,
            "eps_avg_yearly": 2.58,
            "eps_latest_yearly": 0.32,
            "eps_growth_yearly": 405.24
        },
        "20072": {
            "year_quarter": 20072,
            "year": 2007,
            "quarter": 2,
            "eps": 0.29,
            "eps_growth_year": 7.41,
            "eps_4q": 0.86,
            "eps_4q_growth_year": -85.08,
            "roe": 1.01,
            "roe_4q": 3.0700000000000003,
            "gross_profit": 81409,
            "gross_margin": 11.72,
            "gross_margin_4q_avg": 12.14,
            "net_income": 155443,
            "net_income_4q": null,
            "revenue": 694911,
            "revenue_4q": null,
            "common_shares": 6736871,
            "book_valuer_per_share": 23.26,
            "book_valuer_per_share_4q_avg": 22.12,
            "equity": 15669784,
            "current_ratio": 182.68,
            "debt_ratio": 28.39,
            "inventory_turnover_ratio": 15.79,
            "account_receivable_turnover_ratio": null,
            "reinvestment_rate": -101.52,
            "research_to_sale_ratio": null,
            "price_fair": 90.35,
            "eps_avg_yearly": 2.58,
            "eps_latest_yearly": 1.16,
            "eps_growth_yearly": 494.47
        },
        "20073": {
            "year_quarter": 20073,
            "year": 2007,
            "quarter": 3,
            "eps": 0.79,
            "eps_growth_year": 107.89,
            "eps_4q": 1.27,
            "eps_4q_growth_year": -77.13,
            "roe": 2.67,
            "roe_4q": 4.33,
            "gross_profit": 75974,
            "gross_margin": 12.5,
            "gross_margin_4q_avg": 11.64,
            "net_income": 431151,
            "net_income_4q": null,
            "revenue": 607602,
            "revenue_4q": null,
            "common_shares": 6736871,
            "book_valuer_per_share": 24.6,
            "book_valuer_per_share_4q_avg": 23.02,
            "equity": 16570384,
            "current_ratio": 153.54,
            "debt_ratio": 27.31,
            "inventory_turnover_ratio": 9.19,
            "account_receivable_turnover_ratio": null,
            "reinvestment_rate": -94.27,
            "research_to_sale_ratio": null,
            "price_fair": 95.74,
            "eps_avg_yearly": 2.74,
            "eps_latest_yearly": 3.16,
            "eps_growth_yearly": 547.52
        },
        "20074": {
            "year_quarter": 20074,
            "year": 2007,
            "quarter": 4,
            "eps": 0.65,
            "eps_growth_year": 400,
            "eps_4q": 1.81,
            "eps_4q_growth_year": -66.24,
            "roe": 1.98,
            "roe_4q": 5.91,
            "gross_profit": 95275,
            "gross_margin": 12.74,
            "gross_margin_4q_avg": 11.77,
            "net_income": 351800,
            "net_income_4q": null,
            "revenue": 747771,
            "revenue_4q": null,
            "common_shares": 6736871,
            "book_valuer_per_share": 24.88,
            "book_valuer_per_share_4q_avg": 23.76,
            "equity": 18982390,
            "current_ratio": 319.37,
            "debt_ratio": 37.48,
            "inventory_turnover_ratio": 1.36,
            "account_receivable_turnover_ratio": null,
            "reinvestment_rate": -181.73,
            "research_to_sale_ratio": null,
            "price_fair": 98.75,
            "eps_avg_yearly": 2.82,
            "eps_latest_yearly": 2.6,
            "eps_growth_yearly": 533.58
        },
        "20081": {
            "year_quarter": 20081,
            "year": 2008,
            "quarter": 1,
            "eps": 0.41,
            "eps_growth_year": 412.5,
            "eps_4q": 1.75,
            "eps_4q_growth_year": 105.22,
            "roe": 1.41,
            "roe_4q": 7.069999999999999,
            "gross_profit": 437209,
            "gross_margin": 25.63,
            "gross_margin_4q_avg": 15.65,
            "net_income": 271449,
            "net_income_4q": null,
            "revenue": 1705809,
            "revenue_4q": null,
            "common_shares": 6718881,
            "book_valuer_per_share": 25.64,
            "book_valuer_per_share_4q_avg": 24.6,
            "equity": 19517412,
            "current_ratio": 391.46,
            "debt_ratio": 34.42,
            "inventory_turnover_ratio": 1.56,
            "account_receivable_turnover_ratio": null,
            "reinvestment_rate": 207.88,
            "research_to_sale_ratio": null,
            "price_fair": 98.65,
            "eps_avg_yearly": 2.82,
            "eps_latest_yearly": 1.64,
            "eps_growth_yearly": 518.06
        },
        "20082": {
            "year_quarter": 20082,
            "year": 2008,
            "quarter": 2,
            "eps": 0.03,
            "eps_growth_year": -89.66,
            "eps_4q": 0.85,
            "eps_4q_growth_year": -0.35,
            "roe": 0.19,
            "roe_4q": 6.25,
            "gross_profit": 248489,
            "gross_margin": 16.93,
            "gross_margin_4q_avg": 16.95,
            "net_income": 36019,
            "net_income_4q": null,
            "revenue": 1467613,
            "revenue_4q": null,
            "common_shares": 6718881,
            "book_valuer_per_share": 24.54,
            "book_valuer_per_share_4q_avg": 24.92,
            "equity": 18745828,
            "current_ratio": 411.5,
            "debt_ratio": 35.53,
            "inventory_turnover_ratio": 1.58,
            "account_receivable_turnover_ratio": null,
            "reinvestment_rate": 222.69,
            "research_to_sale_ratio": null,
            "price_fair": 95.09,
            "eps_avg_yearly": 2.72,
            "eps_latest_yearly": 0.12,
            "eps_growth_yearly": 493.94
        },
        "20083": {
            "year_quarter": 20083,
            "year": 2008,
            "quarter": 3,
            "eps": 0.14,
            "eps_growth_year": -82.28,
            "eps_4q": 0.94,
            "eps_4q_growth_year": -26.11,
            "roe": 0.56,
            "roe_4q": 4.140000000000001,
            "gross_profit": 213769,
            "gross_margin": 14.73,
            "gross_margin_4q_avg": 17.51,
            "net_income": 100966,
            "net_income_4q": null,
            "revenue": 1450869,
            "revenue_4q": null,
            "common_shares": 7390769,
            "book_valuer_per_share": 20.9,
            "book_valuer_per_share_4q_avg": 23.99,
            "equity": 17632445,
            "current_ratio": 387.71,
            "debt_ratio": 37.85,
            "inventory_turnover_ratio": 1.47,
            "account_receivable_turnover_ratio": null,
            "reinvestment_rate": 238.82,
            "research_to_sale_ratio": null,
            "price_fair": 93.58,
            "eps_avg_yearly": 2.67,
            "eps_latest_yearly": 0.56,
            "eps_growth_yearly": 613.6
        },
        "20084": {
            "year_quarter": 20084,
            "year": 2008,
            "quarter": 4,
            "eps": -0.16,
            "eps_growth_year": -124.62,
            "eps_4q": 0.36,
            "eps_4q_growth_year": -79.99,
            "roe": -0.91,
            "roe_4q": 1.25,
            "gross_profit": 157651,
            "gross_margin": 9.84,
            "gross_margin_4q_avg": 16.78,
            "net_income": -161355,
            "net_income_4q": null,
            "revenue": 1602374,
            "revenue_4q": null,
            "common_shares": 7258309,
            "book_valuer_per_share": 21.72,
            "book_valuer_per_share_4q_avg": 23.2,
            "equity": 17965108,
            "current_ratio": 283.11,
            "debt_ratio": 39.44,
            "inventory_turnover_ratio": 1.61,
            "account_receivable_turnover_ratio": 4.04,
            "reinvestment_rate": -163.8,
            "research_to_sale_ratio": null,
            "price_fair": 93.58,
            "eps_avg_yearly": 2.67,
            "eps_latest_yearly": 0.56,
            "eps_growth_yearly": 613.6
        },
        "20091": {
            "year_quarter": 20091,
            "year": 2009,
            "quarter": 1,
            "eps": -0.06,
            "eps_growth_year": -114.63,
            "eps_4q": -0.04,
            "eps_4q_growth_year": -102.05,
            "roe": -0.23,
            "roe_4q": -0.39000000000000007,
            "gross_profit": 76337,
            "gross_margin": 6.32,
            "gross_margin_4q_avg": 11.96,
            "net_income": -42317,
            "net_income_4q": null,
            "revenue": 1207645,
            "revenue_4q": null,
            "common_shares": 7178779,
            "book_valuer_per_share": 22.3,
            "book_valuer_per_share_4q_avg": 22.37,
            "equity": 18231287,
            "current_ratio": 311.38,
            "debt_ratio": 39.38,
            "inventory_turnover_ratio": 1.25,
            "account_receivable_turnover_ratio": 1.59,
            "reinvestment_rate": 237.79,
            "research_to_sale_ratio": null,
            "price_fair": 93.58,
            "eps_avg_yearly": 2.67,
            "eps_latest_yearly": 0.56,
            "eps_growth_yearly": 613.6
        },
        "20092": {
            "year_quarter": 20092,
            "year": 2009,
            "quarter": 2,
            "eps": 0.41,
            "eps_growth_year": 1266.67,
            "eps_4q": 0.32,
            "eps_4q_growth_year": -62.8,
            "roe": 1.34,
            "roe_4q": 0.7600000000000001,
            "gross_profit": 195565,
            "gross_margin": 14.98,
            "gross_margin_4q_avg": 11.47,
            "net_income": 247432,
            "net_income_4q": null,
            "revenue": 1305499,
            "revenue_4q": null,
            "common_shares": 7178779,
            "book_valuer_per_share": 22.98,
            "book_valuer_per_share_4q_avg": 21.98,
            "equity": 18725293,
            "current_ratio": 388.85,
            "debt_ratio": 37.14,
            "inventory_turnover_ratio": 1.23,
            "account_receivable_turnover_ratio": 1.8,
            "reinvestment_rate": 221.83,
            "research_to_sale_ratio": null,
            "price_fair": 93.58,
            "eps_avg_yearly": 2.67,
            "eps_latest_yearly": 0.56,
            "eps_growth_yearly": 613.6
        },
        "20093": {
            "year_quarter": 20093,
            "year": 2009,
            "quarter": 3,
            "eps": 0.37,
            "eps_growth_year": 164.29,
            "eps_4q": 0.55,
            "eps_4q_growth_year": -41.21,
            "roe": 1.14,
            "roe_4q": 1.3399999999999999,
            "gross_profit": 89827,
            "gross_margin": 9.19,
            "gross_margin_4q_avg": 10.08,
            "net_income": 215908,
            "net_income_4q": null,
            "revenue": 977625,
            "revenue_4q": null,
            "common_shares": 7178779,
            "book_valuer_per_share": 23.39,
            "book_valuer_per_share_4q_avg": 22.6,
            "equity": 19027071,
            "current_ratio": 275.33,
            "debt_ratio": 37.17,
            "inventory_turnover_ratio": 0.95,
            "account_receivable_turnover_ratio": 1.51,
            "reinvestment_rate": 234.78,
            "research_to_sale_ratio": null,
            "price_fair": 92.08,
            "eps_avg_yearly": 2.63,
            "eps_latest_yearly": 1.48,
            "eps_growth_yearly": 467.01
        },
        "20094": {
            "year_quarter": 20094,
            "year": 2009,
            "quarter": 4,
            "eps": -0.01,
            "eps_growth_year": null,
            "eps_4q": 0.71,
            "eps_4q_growth_year": 97.32,
            "roe": -0.14,
            "roe_4q": 2.11,
            "gross_profit": 93580,
            "gross_margin": 13.15,
            "gross_margin_4q_avg": 10.91,
            "net_income": -27462,
            "net_income_4q": null,
            "revenue": 711649,
            "revenue_4q": null,
            "common_shares": 7178779,
            "book_valuer_per_share": 29.05,
            "book_valuer_per_share_4q_avg": 24.43,
            "equity": 19008464,
            "current_ratio": 400.4,
            "debt_ratio": 36.63,
            "inventory_turnover_ratio": 0.67,
            "account_receivable_turnover_ratio": 2.81,
            "reinvestment_rate": 1.39,
            "research_to_sale_ratio": null,
            "price_fair": 95.08,
            "eps_avg_yearly": 2.72,
            "eps_latest_yearly": 1.48,
            "eps_growth_yearly": 513.11
        },
        "20101": {
            "year_quarter": 20101,
            "year": 2010,
            "quarter": 1,
            "eps": -0.16,
            "eps_growth_year": null,
            "eps_4q": 0.61,
            "eps_4q_growth_year": null,
            "roe": -0.45,
            "roe_4q": 1.89,
            "gross_profit": 126138,
            "gross_margin": 13.7,
            "gross_margin_4q_avg": 12.76,
            "net_income": -83649,
            "net_income_4q": null,
            "revenue": 920700,
            "revenue_4q": null,
            "common_shares": 7178779,
            "book_valuer_per_share": 27.42,
            "book_valuer_per_share_4q_avg": 25.71,
            "equity": 18019997,
            "current_ratio": 425.64,
            "debt_ratio": 37.03,
            "inventory_turnover_ratio": 0.88,
            "account_receivable_turnover_ratio": 1.93,
            "reinvestment_rate": 850.69,
            "research_to_sale_ratio": null,
            "price_fair": 45.05,
            "eps_avg_yearly": 1.29,
            "eps_latest_yearly": 1.48,
            "eps_growth_yearly": 177.03
        },
        "20102": {
            "year_quarter": 20102,
            "year": 2010,
            "quarter": 2,
            "eps": -0.12,
            "eps_growth_year": -130.22,
            "eps_4q": 0.07,
            "eps_4q_growth_year": -77.73,
            "roe": -0.47,
            "roe_4q": 0.07999999999999985,
            "gross_profit": 59357,
            "gross_margin": 5.44,
            "gross_margin_4q_avg": 10.37,
            "net_income": -80779,
            "net_income_4q": null,
            "revenue": 1091798,
            "revenue_4q": null,
            "common_shares": 7178779,
            "book_valuer_per_share": 24.11,
            "book_valuer_per_share_4q_avg": 25.99,
            "equity": 16033752,
            "current_ratio": 341.19,
            "debt_ratio": 41.49,
            "inventory_turnover_ratio": 1.15,
            "account_receivable_turnover_ratio": 2.43,
            "reinvestment_rate": 923.4,
            "research_to_sale_ratio": null,
            "price_fair": 45.78,
            "eps_avg_yearly": 1.31,
            "eps_latest_yearly": 1.48,
            "eps_growth_yearly": 232.39
        },
        "20103": {
            "year_quarter": 20103,
            "year": 2010,
            "quarter": 3,
            "eps": 0.59,
            "eps_growth_year": 58.26,
            "eps_4q": 0.3,
            "eps_4q_growth_year": -46.56,
            "roe": 2.24,
            "roe_4q": 1.1800000000000002,
            "gross_profit": 97070,
            "gross_margin": 8.04,
            "gross_margin_4q_avg": 10.08,
            "net_income": 380920,
            "net_income_4q": null,
            "revenue": 1207084,
            "revenue_4q": null,
            "common_shares": 7322354,
            "book_valuer_per_share": 26.68,
            "book_valuer_per_share_4q_avg": 26.82,
            "equity": 17991133,
            "current_ratio": 393.81,
            "debt_ratio": 40.93,
            "inventory_turnover_ratio": 1.23,
            "account_receivable_turnover_ratio": 2.65,
            "reinvestment_rate": 935.15,
            "research_to_sale_ratio": null,
            "price_fair": 44.96,
            "eps_avg_yearly": 1.28,
            "eps_latest_yearly": 1.48,
            "eps_growth_yearly": 240.11
        },
        "20104": {
            "year_quarter": 20104,
            "year": 2010,
            "quarter": 4,
            "eps": 0.3,
            "eps_growth_year": null,
            "eps_4q": 0.59,
            "eps_4q_growth_year": -17.16,
            "roe": 1.28,
            "roe_4q": 2.6000000000000005,
            "gross_profit": 246017,
            "gross_margin": 14.81,
            "gross_margin_4q_avg": 10.5,
            "net_income": 230923,
            "net_income_4q": null,
            "revenue": 1661087,
            "revenue_4q": null,
            "common_shares": 7322354,
            "book_valuer_per_share": 26.12,
            "book_valuer_per_share_4q_avg": 26.08,
            "equity": 18079214,
            "current_ratio": 416.09,
            "debt_ratio": 39.56,
            "inventory_turnover_ratio": 1.22,
            "account_receivable_turnover_ratio": 3.12,
            "reinvestment_rate": 28.13,
            "research_to_sale_ratio": null,
            "price_fair": 47.6,
            "eps_avg_yearly": 1.36,
            "eps_latest_yearly": 1.2,
            "eps_growth_yearly": 247.5
        },
        "20111": {
            "year_quarter": 20111,
            "year": 2011,
            "quarter": 1,
            "eps": 0.55,
            "eps_growth_year": null,
            "eps_4q": 1.3,
            "eps_4q_growth_year": 112.41,
            "roe": 1.91,
            "roe_4q": 4.96,
            "gross_profit": 301054,
            "gross_margin": 22.21,
            "gross_margin_4q_avg": 12.63,
            "net_income": 370405,
            "net_income_4q": null,
            "revenue": 1355689,
            "revenue_4q": null,
            "common_shares": 7322354,
            "book_valuer_per_share": 30.23,
            "book_valuer_per_share_4q_avg": 26.79,
            "equity": 20705669,
            "current_ratio": 328.84,
            "debt_ratio": 36.12,
            "inventory_turnover_ratio": 0.74,
            "account_receivable_turnover_ratio": 2.42,
            "reinvestment_rate": 825.24,
            "research_to_sale_ratio": null,
            "price_fair": 54.91,
            "eps_avg_yearly": 1.57,
            "eps_latest_yearly": 2.2,
            "eps_growth_yearly": 301.63
        },
        "20112": {
            "year_quarter": 20112,
            "year": 2011,
            "quarter": 2,
            "eps": 0.52,
            "eps_growth_year": null,
            "eps_4q": 1.89,
            "eps_4q_growth_year": 2566.48,
            "roe": 1.77,
            "roe_4q": 7.2,
            "gross_profit": 410810,
            "gross_margin": 30.07,
            "gross_margin_4q_avg": 18.78,
            "net_income": 377537,
            "net_income_4q": null,
            "revenue": 1366383,
            "revenue_4q": null,
            "common_shares": 7322354,
            "book_valuer_per_share": 32.08,
            "book_valuer_per_share_4q_avg": 28.78,
            "equity": 21910340,
            "current_ratio": 383.96,
            "debt_ratio": 35.37,
            "inventory_turnover_ratio": 0.64,
            "account_receivable_turnover_ratio": 2.69,
            "reinvestment_rate": 789.26,
            "research_to_sale_ratio": null,
            "price_fair": 58.49,
            "eps_avg_yearly": 1.67,
            "eps_latest_yearly": 2.08,
            "eps_growth_yearly": 182.54
        },
        "20113": {
            "year_quarter": 20113,
            "year": 2011,
            "quarter": 3,
            "eps": -0.85,
            "eps_growth_year": -245.49,
            "eps_4q": 0.49,
            "eps_4q_growth_year": 66.93,
            "roe": -2.62,
            "roe_4q": 2.34,
            "gross_profit": 48287,
            "gross_margin": 5.83,
            "gross_margin_4q_avg": 18.23,
            "net_income": -527563,
            "net_income_4q": null,
            "revenue": 828845,
            "revenue_4q": null,
            "common_shares": 7542024,
            "book_valuer_per_share": 25.51,
            "book_valuer_per_share_4q_avg": 28.49,
            "equity": 18292283,
            "current_ratio": 287.8,
            "debt_ratio": 40.59,
            "inventory_turnover_ratio": 0.5,
            "account_receivable_turnover_ratio": 1.49,
            "reinvestment_rate": 1151.61,
            "research_to_sale_ratio": null,
            "price_fair": 51.98,
            "eps_avg_yearly": 1.49,
            "eps_latest_yearly": 2.08,
            "eps_growth_yearly": 119.15
        },
        "20114": {
            "year_quarter": 20114,
            "year": 2011,
            "quarter": 4,
            "eps": 0.05,
            "eps_growth_year": -83.09,
            "eps_4q": 0.26,
            "eps_4q_growth_year": -56.77,
            "roe": 0.54,
            "roe_4q": 1.5999999999999999,
            "gross_profit": 224439,
            "gross_margin": 13.86,
            "gross_margin_4q_avg": 17.99,
            "net_income": 98293,
            "net_income_4q": null,
            "revenue": 1618995,
            "revenue_4q": null,
            "common_shares": 7542024,
            "book_valuer_per_share": 25.04,
            "book_valuer_per_share_4q_avg": 28.22,
            "equity": 18067230,
            "current_ratio": 294.74,
            "debt_ratio": 40.41,
            "inventory_turnover_ratio": 0.8,
            "account_receivable_turnover_ratio": 2.14,
            "reinvestment_rate": 674.31,
            "research_to_sale_ratio": null,
            "price_fair": 46.4,
            "eps_avg_yearly": 1.33,
            "eps_latest_yearly": 2.08,
            "eps_growth_yearly": 146.3
        },
        "20121": {
            "year_quarter": 20121,
            "year": 2012,
            "quarter": 1,
            "eps": 0.32,
            "eps_growth_year": -41.82,
            "eps_4q": 0.04,
            "eps_4q_growth_year": -96.79,
            "roe": 1.13,
            "roe_4q": 0.8199999999999998,
            "gross_profit": 48922,
            "gross_margin": 4.88,
            "gross_margin_4q_avg": 13.66,
            "net_income": 207198,
            "net_income_4q": null,
            "revenue": 1001971,
            "revenue_4q": null,
            "common_shares": 7542024,
            "book_valuer_per_share": 25.99,
            "book_valuer_per_share_4q_avg": 27.16,
            "equity": 18661364,
            "current_ratio": 317.67,
            "debt_ratio": 39.07,
            "inventory_turnover_ratio": 0.51,
            "account_receivable_turnover_ratio": 1.32,
            "reinvestment_rate": 750.84,
            "research_to_sale_ratio": null,
            "price_fair": 44.6,
            "eps_avg_yearly": 1.27,
            "eps_latest_yearly": 1.28,
            "eps_growth_yearly": 475.97
        },
        "20122": {
            "year_quarter": 20122,
            "year": 2012,
            "quarter": 2,
            "eps": -0.29,
            "eps_growth_year": -155.86,
            "eps_4q": -0.76,
            "eps_4q_growth_year": -140.07,
            "roe": -1.07,
            "roe_4q": -2.0200000000000005,
            "gross_profit": 65679,
            "gross_margin": 4.91,
            "gross_margin_4q_avg": 7.37,
            "net_income": -188635,
            "net_income_4q": null,
            "revenue": 1336620,
            "revenue_4q": null,
            "common_shares": 7542024,
            "book_valuer_per_share": 22.84,
            "book_valuer_per_share_4q_avg": 24.85,
            "equity": 16626371,
            "current_ratio": 305.86,
            "debt_ratio": 43.34,
            "inventory_turnover_ratio": 0.72,
            "account_receivable_turnover_ratio": 1.79,
            "reinvestment_rate": 715.85,
            "research_to_sale_ratio": null,
            "price_fair": 51.33,
            "eps_avg_yearly": 1.47,
            "eps_latest_yearly": 1.28,
            "eps_growth_yearly": 617.09
        },
        "20123": {
            "year_quarter": 20123,
            "year": 2012,
            "quarter": 3,
            "eps": -1.08,
            "eps_growth_year": null,
            "eps_4q": -1.02,
            "eps_4q_growth_year": -306.19,
            "roe": -4.39,
            "roe_4q": -3.79,
            "gross_profit": -107335,
            "gross_margin": -14.45,
            "gross_margin_4q_avg": 2.3,
            "net_income": -710402,
            "net_income_4q": null,
            "revenue": 742660,
            "revenue_4q": null,
            "common_shares": 7768285,
            "book_valuer_per_share": 20.86,
            "book_valuer_per_share_4q_avg": 23.68,
            "equity": 15749982,
            "current_ratio": 457.48,
            "debt_ratio": 44.76,
            "inventory_turnover_ratio": 0.5,
            "account_receivable_turnover_ratio": 1.02,
            "reinvestment_rate": 5592.67,
            "research_to_sale_ratio": null,
            "price_fair": 57.68,
            "eps_avg_yearly": 1.65,
            "eps_latest_yearly": 1.28,
            "eps_growth_yearly": 447.18
        },
        "20124": {
            "year_quarter": 20124,
            "year": 2012,
            "quarter": 4,
            "eps": -0.06,
            "eps_growth_year": -228.65,
            "eps_4q": -1.13,
            "eps_4q_growth_year": -541.05,
            "roe": 0.05,
            "roe_4q": -4.28,
            "gross_profit": 177973,
            "gross_margin": 11.39,
            "gross_margin_4q_avg": 1.68,
            "net_income": 7655,
            "net_income_4q": null,
            "revenue": 1562752,
            "revenue_4q": null,
            "common_shares": 7768285,
            "book_valuer_per_share": 21.85,
            "book_valuer_per_share_4q_avg": 22.89,
            "equity": 16458506,
            "current_ratio": 444.62,
            "debt_ratio": 43.45,
            "inventory_turnover_ratio": 1.03,
            "account_receivable_turnover_ratio": 2.61,
            "reinvestment_rate": 2357.26,
            "research_to_sale_ratio": null,
            "price_fair": 57.68,
            "eps_avg_yearly": 1.65,
            "eps_latest_yearly": 1.28,
            "eps_growth_yearly": 447.18
        },
        "20131": {
            "year_quarter": 20131,
            "year": 2013,
            "quarter": 1,
            "eps": 0.13,
            "eps_growth_year": -59.38,
            "eps_4q": -1.31,
            "eps_4q_growth_year": -3256.4,
            "roe": 0.36,
            "roe_4q": -5.05,
            "gross_profit": -44905,
            "gross_margin": -6.06,
            "gross_margin_4q_avg": -1.05,
            "net_income": 59637,
            "net_income_4q": null,
            "revenue": 741189,
            "revenue_4q": null,
            "common_shares": 7768285,
            "book_valuer_per_share": 21.88,
            "book_valuer_per_share_4q_avg": 21.86,
            "equity": 16395990,
            "current_ratio": 413.13,
            "debt_ratio": 43.42,
            "inventory_turnover_ratio": 0.84,
            "account_receivable_turnover_ratio": 1.29,
            "reinvestment_rate": -484.4,
            "research_to_sale_ratio": null,
            "price_fair": 57.68,
            "eps_avg_yearly": 1.65,
            "eps_latest_yearly": 1.28,
            "eps_growth_yearly": 447.18
        },
        "20132": {
            "year_quarter": 20132,
            "year": 2013,
            "quarter": 2,
            "eps": -0.05,
            "eps_growth_year": null,
            "eps_4q": -1.07,
            "eps_4q_growth_year": null,
            "roe": -0.28,
            "roe_4q": -4.26,
            "gross_profit": 16783,
            "gross_margin": 1.6,
            "gross_margin_4q_avg": -1.88,
            "net_income": -45095,
            "net_income_4q": null,
            "revenue": 1051146,
            "revenue_4q": null,
            "common_shares": 7768285,
            "book_valuer_per_share": 21.05,
            "book_valuer_per_share_4q_avg": 21.41,
            "equity": 15769322,
            "current_ratio": 345.57,
            "debt_ratio": 43.79,
            "inventory_turnover_ratio": 1.12,
            "account_receivable_turnover_ratio": 1.84,
            "reinvestment_rate": -3720.11,
            "research_to_sale_ratio": null,
            "price_fair": 57.68,
            "eps_avg_yearly": 1.65,
            "eps_latest_yearly": 1.28,
            "eps_growth_yearly": 447.18
        },
        "20133": {
            "year_quarter": 20133,
            "year": 2013,
            "quarter": 3,
            "eps": 0.29,
            "eps_growth_year": null,
            "eps_4q": 0.3,
            "eps_4q_growth_year": null,
            "roe": 1.07,
            "roe_4q": 1.2,
            "gross_profit": -10985,
            "gross_margin": -1.16,
            "gross_margin_4q_avg": 1.44,
            "net_income": 178440,
            "net_income_4q": null,
            "revenue": 945725,
            "revenue_4q": null,
            "common_shares": 7768285,
            "book_valuer_per_share": 23.57,
            "book_valuer_per_share_4q_avg": 22.09,
            "equity": 17460727,
            "current_ratio": 304.74,
            "debt_ratio": 41.16,
            "inventory_turnover_ratio": 1.01,
            "account_receivable_turnover_ratio": 1.55,
            "reinvestment_rate": -7312.64,
            "research_to_sale_ratio": null,
            "price_fair": 59.15,
            "eps_avg_yearly": 1.69,
            "eps_latest_yearly": 1.28,
            "eps_growth_yearly": 568.73
        },
        "20134": {
            "year_quarter": 20134,
            "year": 2013,
            "quarter": 4,
            "eps": 1.6,
            "eps_growth_year": null,
            "eps_4q": 1.97,
            "eps_4q_growth_year": null,
            "roe": 5.63,
            "roe_4q": 6.78,
            "gross_profit": 274052,
            "gross_margin": 17.91,
            "gross_margin_4q_avg": 3.07,
            "net_income": 1096945,
            "net_income_4q": null,
            "revenue": 1530245,
            "revenue_4q": null,
            "common_shares": 7768285,
            "book_valuer_per_share": 29.56,
            "book_valuer_per_share_4q_avg": 24.02,
            "equity": 21498297,
            "current_ratio": 412.74,
            "debt_ratio": 35.58,
            "inventory_turnover_ratio": 1.1,
            "account_receivable_turnover_ratio": 2.25,
            "reinvestment_rate": -591.53,
            "research_to_sale_ratio": null,
            "price_fair": 92.12,
            "eps_avg_yearly": 2.63,
            "eps_latest_yearly": 6.4,
            "eps_growth_yearly": 816.36
        },
        "20141": {
            "year_quarter": 20141,
            "year": 2014,
            "quarter": 1,
            "eps": -0.06,
            "eps_growth_year": -146.15,
            "eps_4q": 1.78,
            "eps_4q_growth_year": null,
            "roe": -0.16,
            "roe_4q": 6.26,
            "gross_profit": 58363,
            "gross_margin": 5.73,
            "gross_margin_4q_avg": 6.02,
            "net_income": -34204,
            "net_income_4q": null,
            "revenue": 1019429,
            "revenue_4q": null,
            "common_shares": 7768285,
            "book_valuer_per_share": 30.16,
            "book_valuer_per_share_4q_avg": 26.09,
            "equity": 21493908,
            "current_ratio": 289.41,
            "debt_ratio": 36.91,
            "inventory_turnover_ratio": 0.72,
            "account_receivable_turnover_ratio": 1.46,
            "reinvestment_rate": -396.56,
            "research_to_sale_ratio": null,
            "price_fair": 92.12,
            "eps_avg_yearly": 2.63,
            "eps_latest_yearly": 6.4,
            "eps_growth_yearly": 816.36
        },
        "20142": {
            "year_quarter": 20142,
            "year": 2014,
            "quarter": 2,
            "eps": 0.06,
            "eps_growth_year": null,
            "eps_4q": 1.89,
            "eps_4q_growth_year": null,
            "roe": 0.23,
            "roe_4q": 6.7700000000000005,
            "gross_profit": 73297,
            "gross_margin": 8.23,
            "gross_margin_4q_avg": 7.68,
            "net_income": 45792,
            "net_income_4q": null,
            "revenue": 890073,
            "revenue_4q": null,
            "common_shares": 7768285,
            "book_valuer_per_share": 26.16,
            "book_valuer_per_share_4q_avg": 27.36,
            "equity": 18791647,
            "current_ratio": 197.98,
            "debt_ratio": 43.86,
            "inventory_turnover_ratio": 0.56,
            "account_receivable_turnover_ratio": 1.71,
            "reinvestment_rate": -462.26,
            "research_to_sale_ratio": null,
            "price_fair": 92.12,
            "eps_avg_yearly": 2.63,
            "eps_latest_yearly": 6.4,
            "eps_growth_yearly": 816.36
        },
        "20143": {
            "year_quarter": 20143,
            "year": 2014,
            "quarter": 3,
            "eps": 0.24,
            "eps_growth_year": -17.24,
            "eps_4q": 1.84,
            "eps_4q_growth_year": 505.75,
            "roe": 0.95,
            "roe_4q": 6.65,
            "gross_profit": 21646,
            "gross_margin": 2.38,
            "gross_margin_4q_avg": 8.56,
            "net_income": 179848,
            "net_income_4q": null,
            "revenue": 908502,
            "revenue_4q": null,
            "common_shares": 7768285,
            "book_valuer_per_share": 26.65,
            "book_valuer_per_share_4q_avg": 28.13,
            "equity": 19135418,
            "current_ratio": 208.39,
            "debt_ratio": 43.56,
            "inventory_turnover_ratio": 0.66,
            "account_receivable_turnover_ratio": 2.01,
            "reinvestment_rate": -710.31,
            "research_to_sale_ratio": null,
            "price_fair": 82.37,
            "eps_avg_yearly": 2.35,
            "eps_latest_yearly": 0.96,
            "eps_growth_yearly": 880.3
        },
        "20144": {
            "year_quarter": 20144,
            "year": 2014,
            "quarter": 4,
            "eps": -0.21,
            "eps_growth_year": -112.92,
            "eps_4q": 0.03,
            "eps_4q_growth_year": -98.72,
            "roe": -0.72,
            "roe_4q": 0.29999999999999993,
            "gross_profit": 66080,
            "gross_margin": 5.9,
            "gross_margin_4q_avg": 5.56,
            "net_income": -137648,
            "net_income_4q": null,
            "revenue": 1119682,
            "revenue_4q": null,
            "common_shares": 7768285,
            "book_valuer_per_share": 26.88,
            "book_valuer_per_share_4q_avg": 27.46,
            "equity": 19282058,
            "current_ratio": 382.56,
            "debt_ratio": 42.73,
            "inventory_turnover_ratio": 0.93,
            "account_receivable_turnover_ratio": 2.06,
            "reinvestment_rate": -974.2,
            "research_to_sale_ratio": null,
            "price_fair": 90.44,
            "eps_avg_yearly": 2.58,
            "eps_latest_yearly": 0.96,
            "eps_growth_yearly": 1095.68
        },
        "20151": {
            "year_quarter": 20151,
            "year": 2015,
            "quarter": 1,
            "eps": -0.29,
            "eps_growth_year": null,
            "eps_4q": -0.2,
            "eps_4q_growth_year": -111.48,
            "roe": -0.97,
            "roe_4q": -0.51,
            "gross_profit": -75665,
            "gross_margin": -11.27,
            "gross_margin_4q_avg": 1.31,
            "net_income": -183290,
            "net_income_4q": null,
            "revenue": 671355,
            "revenue_4q": null,
            "common_shares": 7768285,
            "book_valuer_per_share": 25.92,
            "book_valuer_per_share_4q_avg": 26.4,
            "equity": 18648492,
            "current_ratio": 344.68,
            "debt_ratio": 42.76,
            "inventory_turnover_ratio": 0.65,
            "account_receivable_turnover_ratio": 1.42,
            "reinvestment_rate": -4792.9,
            "research_to_sale_ratio": null,
            "price_fair": 93.8,
            "eps_avg_yearly": 2.68,
            "eps_latest_yearly": 0.96,
            "eps_growth_yearly": 1286.27
        },
        "20152": {
            "year_quarter": 20152,
            "year": 2015,
            "quarter": 2,
            "eps": 0.17,
            "eps_growth_year": 183.33,
            "eps_4q": -0.09,
            "eps_4q_growth_year": -104.87,
            "roe": 0.64,
            "roe_4q": -0.09999999999999987,
            "gross_profit": -7684,
            "gross_margin": -1.04,
            "gross_margin_4q_avg": -1.01,
            "net_income": 115684,
            "net_income_4q": null,
            "revenue": 737435,
            "revenue_4q": null,
            "common_shares": 7768285,
            "book_valuer_per_share": 23.85,
            "book_valuer_per_share_4q_avg": 25.83,
            "equity": 17235969,
            "current_ratio": 382.5,
            "debt_ratio": 44.99,
            "inventory_turnover_ratio": 0.65,
            "account_receivable_turnover_ratio": 2.21,
            "reinvestment_rate": null,
            "research_to_sale_ratio": null,
            "price_fair": 100.8,
            "eps_avg_yearly": 2.88,
            "eps_latest_yearly": 0.96,
            "eps_growth_yearly": 1722.3
        },
        "20153": {
            "year_quarter": 20153,
            "year": 2015,
            "quarter": 3,
            "eps": -0.5,
            "eps_growth_year": -308.33,
            "eps_4q": -0.83,
            "eps_4q_growth_year": -145.24,
            "roe": -2.02,
            "roe_4q": -3.0699999999999994,
            "gross_profit": -47827,
            "gross_margin": -8.71,
            "gross_margin_4q_avg": -3.78,
            "net_income": -316976,
            "net_income_4q": null,
            "revenue": 548822,
            "revenue_4q": null,
            "common_shares": 7768285,
            "book_valuer_per_share": 19.21,
            "book_valuer_per_share_4q_avg": 23.97,
            "equity": 14090025,
            "current_ratio": 469.63,
            "debt_ratio": 52.4,
            "inventory_turnover_ratio": 0.51,
            "account_receivable_turnover_ratio": 2.09,
            "reinvestment_rate": -5614.04,
            "research_to_sale_ratio": null,
            "price_fair": 100.8,
            "eps_avg_yearly": 2.88,
            "eps_latest_yearly": 0.96,
            "eps_growth_yearly": 1722.3
        },
        "20154": {
            "year_quarter": 20154,
            "year": 2015,
            "quarter": 4,
            "eps": 0.97,
            "eps_growth_year": null,
            "eps_4q": 0.34,
            "eps_4q_growth_year": 1259.76,
            "roe": 4.25,
            "roe_4q": 1.9000000000000001,
            "gross_profit": 23428,
            "gross_margin": 2.7,
            "gross_margin_4q_avg": -4.58,
            "net_income": 597903,
            "net_income_4q": null,
            "revenue": 868907,
            "revenue_4q": null,
            "common_shares": 7768285,
            "book_valuer_per_share": 19.23,
            "book_valuer_per_share_4q_avg": 22.05,
            "equity": 14046346,
            "current_ratio": 699.93,
            "debt_ratio": 48.7,
            "inventory_turnover_ratio": 0.7,
            "account_receivable_turnover_ratio": 3.23,
            "reinvestment_rate": -1361.83,
            "research_to_sale_ratio": null,
            "price_fair": 100.8,
            "eps_avg_yearly": 2.88,
            "eps_latest_yearly": 0.96,
            "eps_growth_yearly": 1722.3
        },
        "20161": {
            "year_quarter": 20161,
            "year": 2016,
            "quarter": 1,
            "eps": -0.29,
            "eps_growth_year": null,
            "eps_4q": 0.34,
            "eps_4q_growth_year": null,
            "roe": -1.35,
            "roe_4q": 1.52,
            "gross_profit": -3330,
            "gross_margin": -0.62,
            "gross_margin_4q_avg": -1.92,
            "net_income": -188985,
            "net_income_4q": null,
            "revenue": 541218,
            "revenue_4q": null,
            "common_shares": 7747805,
            "book_valuer_per_share": 19.13,
            "book_valuer_per_share_4q_avg": 20.36,
            "equity": 13984333,
            "current_ratio": 677.72,
            "debt_ratio": 47.85,
            "inventory_turnover_ratio": 0.45,
            "account_receivable_turnover_ratio": 2.02,
            "reinvestment_rate": -2903.83,
            "research_to_sale_ratio": null,
            "price_fair": 128.8,
            "eps_avg_yearly": 3.68,
            "eps_latest_yearly": 0.96,
            "eps_growth_yearly": 1503.45
        },
        "20162": {
            "year_quarter": 20162,
            "year": 2016,
            "quarter": 2,
            "eps": -0.1,
            "eps_growth_year": -158.82,
            "eps_4q": 0.07,
            "eps_4q_growth_year": null,
            "roe": -0.46,
            "roe_4q": 0.41999999999999993,
            "gross_profit": 27292,
            "gross_margin": 3.33,
            "gross_margin_4q_avg": -0.83,
            "net_income": -63416,
            "net_income_4q": null,
            "revenue": 820256,
            "revenue_4q": null,
            "common_shares": 7747805,
            "book_valuer_per_share": 18.17,
            "book_valuer_per_share_4q_avg": 18.94,
            "equity": 13342739,
            "current_ratio": 349.02,
            "debt_ratio": 49.27,
            "inventory_turnover_ratio": 0.67,
            "account_receivable_turnover_ratio": 3.34,
            "reinvestment_rate": -1959.65,
            "research_to_sale_ratio": null,
            "price_fair": 128.8,
            "eps_avg_yearly": 3.68,
            "eps_latest_yearly": 0.96,
            "eps_growth_yearly": 1503.45
        },
        "20163": {
            "year_quarter": 20163,
            "year": 2016,
            "quarter": 3,
            "eps": 0.21,
            "eps_growth_year": null,
            "eps_4q": 0.78,
            "eps_4q_growth_year": null,
            "roe": 1.02,
            "roe_4q": 3.46,
            "gross_profit": 37148,
            "gross_margin": 5,
            "gross_margin_4q_avg": 2.6,
            "net_income": 148684,
            "net_income_4q": null,
            "revenue": 743175,
            "revenue_4q": null,
            "common_shares": 7747805,
            "book_valuer_per_share": 21.98,
            "book_valuer_per_share_4q_avg": 19.63,
            "equity": 15891795,
            "current_ratio": 404.79,
            "debt_ratio": 38.76,
            "inventory_turnover_ratio": 0.64,
            "account_receivable_turnover_ratio": 3.05,
            "reinvestment_rate": -594.2,
            "research_to_sale_ratio": null,
            "price_fair": 128.8,
            "eps_avg_yearly": 3.68,
            "eps_latest_yearly": 0.96,
            "eps_growth_yearly": 1503.45
        },
        "20164": {
            "year_quarter": 20164,
            "year": 2016,
            "quarter": 4,
            "eps": 0.22,
            "eps_growth_year": -76.81,
            "eps_4q": 0.04,
            "eps_4q_growth_year": -88.76,
            "roe": 0.72,
            "roe_4q": -0.07000000000000006,
            "gross_profit": 34311,
            "gross_margin": 3.31,
            "gross_margin_4q_avg": 2.76,
            "net_income": 113523,
            "net_income_4q": null,
            "revenue": 1035541,
            "revenue_4q": null,
            "common_shares": 7747805,
            "book_valuer_per_share": 21.92,
            "book_valuer_per_share_4q_avg": 20.3,
            "equity": 15813258,
            "current_ratio": 476.59,
            "debt_ratio": 39.48,
            "inventory_turnover_ratio": 1.07,
            "account_receivable_turnover_ratio": 3.49,
            "reinvestment_rate": -571.37,
            "research_to_sale_ratio": null,
            "price_fair": 96.13,
            "eps_avg_yearly": 2.75,
            "eps_latest_yearly": 0.88,
            "eps_growth_yearly": 1008.65
        },
        "20171": {
            "year_quarter": 20171,
            "year": 2017,
            "quarter": 1,
            "eps": -0.17,
            "eps_growth_year": null,
            "eps_4q": 0.16,
            "eps_4q_growth_year": -53.69,
            "roe": -0.66,
            "roe_4q": 0.6200000000000001,
            "gross_profit": 132555,
            "gross_margin": 22.15,
            "gross_margin_4q_avg": 8.45,
            "net_income": -107868,
            "net_income_4q": null,
            "revenue": 598477,
            "revenue_4q": null,
            "common_shares": 7747805,
            "book_valuer_per_share": 23.29,
            "book_valuer_per_share_4q_avg": 21.34,
            "equity": 16733484,
            "current_ratio": 540.81,
            "debt_ratio": 35.03,
            "inventory_turnover_ratio": 0.59,
            "account_receivable_turnover_ratio": 1.92,
            "reinvestment_rate": -122.13,
            "research_to_sale_ratio": null,
            "price_fair": 96.13,
            "eps_avg_yearly": 2.75,
            "eps_latest_yearly": 0.88,
            "eps_growth_yearly": 1008.65
        },
        "20172": {
            "year_quarter": 20172,
            "year": 2017,
            "quarter": 2,
            "eps": 0.02,
            "eps_growth_year": null,
            "eps_4q": 0.28,
            "eps_4q_growth_year": 289.46,
            "roe": 0.13,
            "roe_4q": 1.21,
            "gross_profit": 45568,
            "gross_margin": 9.9,
            "gross_margin_4q_avg": 10.09,
            "net_income": 22562,
            "net_income_4q": null,
            "revenue": 460407,
            "revenue_4q": null,
            "common_shares": 7747805,
            "book_valuer_per_share": 26.02,
            "book_valuer_per_share_4q_avg": 23.3,
            "equity": 18568328,
            "current_ratio": 454.58,
            "debt_ratio": 32.72,
            "inventory_turnover_ratio": 0.53,
            "account_receivable_turnover_ratio": 2.21,
            "reinvestment_rate": 134.58,
            "research_to_sale_ratio": null,
            "price_fair": 96.13,
            "eps_avg_yearly": 2.75,
            "eps_latest_yearly": 0.88,
            "eps_growth_yearly": 1008.65
        },
        "20173": {
            "year_quarter": 20173,
            "year": 2017,
            "quarter": 3,
            "eps": 0.09,
            "eps_growth_year": -57.14,
            "eps_4q": 0.16,
            "eps_4q_growth_year": -79.85,
            "roe": 0.4,
            "roe_4q": 0.59,
            "gross_profit": 57961,
            "gross_margin": 11.45,
            "gross_margin_4q_avg": 11.7,
            "net_income": 73906,
            "net_income_4q": null,
            "revenue": 506346,
            "revenue_4q": null,
            "common_shares": 7747805,
            "book_valuer_per_share": 26.33,
            "book_valuer_per_share_4q_avg": 24.39,
            "equity": 18789797,
            "current_ratio": 454.67,
            "debt_ratio": 31.94,
            "inventory_turnover_ratio": 0.56,
            "account_receivable_turnover_ratio": 1.4,
            "reinvestment_rate": 112.93,
            "research_to_sale_ratio": null,
            "price_fair": 75.25,
            "eps_avg_yearly": 2.15,
            "eps_latest_yearly": 0.36,
            "eps_growth_yearly": 1106.49
        },
        "20174": {
            "year_quarter": 20174,
            "year": 2017,
            "quarter": 4,
            "eps": 1.46,
            "eps_growth_year": 549.63,
            "eps_4q": 1.39,
            "eps_4q_growth_year": 3496.79,
            "roe": 5.2,
            "roe_4q": 5.07,
            "gross_profit": 46237,
            "gross_margin": 8.72,
            "gross_margin_4q_avg": 13.06,
            "net_income": 988709,
            "net_income_4q": null,
            "revenue": 530377,
            "revenue_4q": null,
            "common_shares": 7747805,
            "book_valuer_per_share": 27.21,
            "book_valuer_per_share_4q_avg": 25.71,
            "equity": 19260840,
            "current_ratio": 393.01,
            "debt_ratio": 31.98,
            "inventory_turnover_ratio": 0.65,
            "account_receivable_turnover_ratio": 1.39,
            "reinvestment_rate": -32.14,
            "research_to_sale_ratio": null,
            "price_fair": 70.35,
            "eps_avg_yearly": 2.01,
            "eps_latest_yearly": 5.84,
            "eps_growth_yearly": 2176.98
        },
        "20181": {
            "year_quarter": 20181,
            "year": 2018,
            "quarter": 1,
            "eps": 0.24,
            "eps_growth_year": null,
            "eps_4q": 1.8,
            "eps_4q_growth_year": 1034,
            "roe": 0.82,
            "roe_4q": 6.550000000000001,
            "gross_profit": 54830,
            "gross_margin": 11.63,
            "gross_margin_4q_avg": 10.43,
            "net_income": 160164,
            "net_income_4q": null,
            "revenue": 471257,
            "revenue_4q": null,
            "common_shares": 7747805,
            "book_valuer_per_share": 28.3,
            "book_valuer_per_share_4q_avg": 26.97,
            "equity": 20028124,
            "current_ratio": 347.76,
            "debt_ratio": 32.1,
            "inventory_turnover_ratio": 0.58,
            "account_receivable_turnover_ratio": 2.41,
            "reinvestment_rate": -639.96,
            "research_to_sale_ratio": null,
            "price_fair": 63,
            "eps_avg_yearly": 1.8,
            "eps_latest_yearly": 0.96,
            "eps_growth_yearly": 1674.74
        },
        "20182": {
            "year_quarter": 20182,
            "year": 2018,
            "quarter": 2,
            "eps": 0.38,
            "eps_growth_year": 1800,
            "eps_4q": 2.17,
            "eps_4q_growth_year": 678.61,
            "roe": 1.36,
            "roe_4q": 7.780000000000001,
            "gross_profit": 90005,
            "gross_margin": 16.99,
            "gross_margin_4q_avg": 12.2,
            "net_income": 281482,
            "net_income_4q": null,
            "revenue": 529670,
            "revenue_4q": null,
            "common_shares": 7747805,
            "book_valuer_per_share": 30.27,
            "book_valuer_per_share_4q_avg": 28.03,
            "equity": 21328478,
            "current_ratio": 317.06,
            "debt_ratio": 32.35,
            "inventory_turnover_ratio": 0.61,
            "account_receivable_turnover_ratio": 2.65,
            "reinvestment_rate": -460.66,
            "research_to_sale_ratio": null,
            "price_fair": 61.37,
            "eps_avg_yearly": 1.75,
            "eps_latest_yearly": 1.52,
            "eps_growth_yearly": 1434.5
        },
        "20183": {
            "year_quarter": 20183,
            "year": 2018,
            "quarter": 3,
            "eps": 0.75,
            "eps_growth_year": 733.33,
            "eps_4q": 2.83,
            "eps_4q_growth_year": 1696.51,
            "roe": 2.43,
            "roe_4q": 9.81,
            "gross_profit": 74615,
            "gross_margin": 15.1,
            "gross_margin_4q_avg": 13.11,
            "net_income": 533950,
            "net_income_4q": null,
            "revenue": 494280,
            "revenue_4q": null,
            "common_shares": 7747805,
            "book_valuer_per_share": 32.2,
            "book_valuer_per_share_4q_avg": 29.5,
            "equity": 22658333,
            "current_ratio": 538.13,
            "debt_ratio": 30.43,
            "inventory_turnover_ratio": 0.57,
            "account_receivable_turnover_ratio": 2.19,
            "reinvestment_rate": -378.75,
            "research_to_sale_ratio": null,
            "price_fair": 73.27,
            "eps_avg_yearly": 2.09,
            "eps_latest_yearly": 3,
            "eps_growth_yearly": 1299.42
        },
        "20184": {
            "year_quarter": 20184,
            "year": 2018,
            "quarter": 4,
            "eps": -0.29,
            "eps_growth_year": -119.61,
            "eps_4q": 1.09,
            "eps_4q_growth_year": -21.5,
            "roe": -0.95,
            "roe_4q": 3.66,
            "gross_profit": 69038,
            "gross_margin": 11.56,
            "gross_margin_4q_avg": 13.82,
            "net_income": -206473,
            "net_income_4q": null,
            "revenue": 597199,
            "revenue_4q": null,
            "common_shares": 7747805,
            "book_valuer_per_share": 29.68,
            "book_valuer_per_share_4q_avg": 30.11,
            "equity": 20919819,
            "current_ratio": 348.97,
            "debt_ratio": 34.6,
            "inventory_turnover_ratio": 0.74,
            "account_receivable_turnover_ratio": 2.21,
            "reinvestment_rate": -341.19,
            "research_to_sale_ratio": null,
            "price_fair": 73.27,
            "eps_avg_yearly": 2.09,
            "eps_latest_yearly": 3,
            "eps_growth_yearly": 1299.42
        },
        "20191": {
            "year_quarter": 20191,
            "year": 2019,
            "quarter": 1,
            "eps": 0.2,
            "eps_growth_year": -16.67,
            "eps_4q": 1.05,
            "eps_4q_growth_year": -41.92,
            "roe": 0.7,
            "roe_4q": 3.54,
            "gross_profit": 65221,
            "gross_margin": 14.42,
            "gross_margin_4q_avg": 14.52,
            "net_income": 148581,
            "net_income_4q": null,
            "revenue": 452376,
            "revenue_4q": null,
            "common_shares": 7747805,
            "book_valuer_per_share": 32.32,
            "book_valuer_per_share_4q_avg": 31.12,
            "equity": 21624042,
            "current_ratio": 325.95,
            "debt_ratio": 37.21,
            "inventory_turnover_ratio": 1.1,
            "account_receivable_turnover_ratio": 1.78,
            "reinvestment_rate": -168.59,
            "research_to_sale_ratio": null,
            "price_fair": 73.27,
            "eps_avg_yearly": 2.09,
            "eps_latest_yearly": 3,
            "eps_growth_yearly": 1299.42
        },
        "20192": {
            "year_quarter": 20192,
            "year": 2019,
            "quarter": 2,
            "eps": 0.94,
            "eps_growth_year": 147.37,
            "eps_4q": 1.6,
            "eps_4q_growth_year": -26.34,
            "roe": 2.88,
            "roe_4q": 5.0600000000000005,
            "gross_profit": 53411,
            "gross_margin": 12.19,
            "gross_margin_4q_avg": 13.32,
            "net_income": 639750,
            "net_income_4q": null,
            "revenue": 438033,
            "revenue_4q": null,
            "common_shares": 7747805,
            "book_valuer_per_share": 34.14,
            "book_valuer_per_share_4q_avg": 32.09,
            "equity": 22812485,
            "current_ratio": 261.84,
            "debt_ratio": 37.58,
            "inventory_turnover_ratio": 11.91,
            "account_receivable_turnover_ratio": 2.26,
            "reinvestment_rate": -77.07,
            "research_to_sale_ratio": null,
            "price_fair": 81.6,
            "eps_avg_yearly": 2.33,
            "eps_latest_yearly": 3.76,
            "eps_growth_yearly": 1325.21
        },
        "20193": {
            "year_quarter": 20193,
            "year": 2019,
            "quarter": 3,
            "eps": 1.18,
            "eps_growth_year": 57.33,
            "eps_4q": 2.02,
            "eps_4q_growth_year": -28.61,
            "roe": 3.55,
            "roe_4q": 6.18,
            "gross_profit": 41554,
            "gross_margin": 8.79,
            "gross_margin_4q_avg": 11.74,
            "net_income": 808188,
            "net_income_4q": null,
            "revenue": 472584,
            "revenue_4q": null,
            "common_shares": 7747805,
            "book_valuer_per_share": 33.95,
            "book_valuer_per_share_4q_avg": 32.52,
            "equity": 22699488,
            "current_ratio": 360.51,
            "debt_ratio": 36.94,
            "inventory_turnover_ratio": 7.97,
            "account_receivable_turnover_ratio": 2.28,
            "reinvestment_rate": 5.86,
            "research_to_sale_ratio": null,
            "price_fair": 92.05,
            "eps_avg_yearly": 2.63,
            "eps_latest_yearly": 4.72,
            "eps_growth_yearly": 1172.33
        },
        "20194": {
            "year_quarter": 20194,
            "year": 2019,
            "quarter": 4,
            "eps": -0.29,
            "eps_growth_year": null,
            "eps_4q": 2.01,
            "eps_4q_growth_year": 84.39,
            "roe": -0.81,
            "roe_4q": 6.319999999999999,
            "gross_profit": 38411,
            "gross_margin": 7.37,
            "gross_margin_4q_avg": 10.69,
            "net_income": -187848,
            "net_income_4q": null,
            "revenue": 521009,
            "revenue_4q": null,
            "common_shares": 7747805,
            "book_valuer_per_share": 35.4,
            "book_valuer_per_share_4q_avg": 33.95,
            "equity": 23676225,
            "current_ratio": 288.01,
            "debt_ratio": 38.85,
            "inventory_turnover_ratio": 9.88,
            "account_receivable_turnover_ratio": 2.27,
            "reinvestment_rate": 86.79,
            "research_to_sale_ratio": null,
            "price_fair": 92.05,
            "eps_avg_yearly": 2.63,
            "eps_latest_yearly": 4.72,
            "eps_growth_yearly": 1172.33
        },
        "20201": {
            "year_quarter": 20201,
            "year": 2020,
            "quarter": 1,
            "eps": -0.33,
            "eps_growth_year": -265,
            "eps_4q": 1.49,
            "eps_4q_growth_year": 42.69,
            "roe": -0.94,
            "roe_4q": 4.68,
            "gross_profit": -19483,
            "gross_margin": -3.93,
            "gross_margin_4q_avg": 6.11,
            "net_income": -214194,
            "net_income_4q": null,
            "revenue": 495334,
            "revenue_4q": null,
            "common_shares": 7747805,
            "book_valuer_per_share": 32.82,
            "book_valuer_per_share_4q_avg": 34.08,
            "equity": 21937212,
            "current_ratio": 270.99,
            "debt_ratio": 40.81,
            "inventory_turnover_ratio": 15.75,
            "account_receivable_turnover_ratio": 2.18,
            "reinvestment_rate": 88.04,
            "research_to_sale_ratio": null,
            "price_fair": 92.05,
            "eps_avg_yearly": 2.63,
            "eps_latest_yearly": 4.72,
            "eps_growth_yearly": 1172.33
        },
        "20202": {
            "year_quarter": 20202,
            "year": 2020,
            "quarter": 2,
            "eps": 0.22,
            "eps_growth_year": -76.6,
            "eps_4q": 0.78,
            "eps_4q_growth_year": -51.41,
            "roe": 0.74,
            "roe_4q": 2.54,
            "gross_profit": -3100,
            "gross_margin": -0.62,
            "gross_margin_4q_avg": 2.9,
            "net_income": 162447,
            "net_income_4q": null,
            "revenue": 496985,
            "revenue_4q": null,
            "common_shares": 7747805,
            "book_valuer_per_share": 33.26,
            "book_valuer_per_share_4q_avg": 33.86,
            "equity": 22149810,
            "current_ratio": 269.51,
            "debt_ratio": 41.41,
            "inventory_turnover_ratio": 18.68,
            "account_receivable_turnover_ratio": 2.31,
            "reinvestment_rate": 87.5,
            "research_to_sale_ratio": null,
            "price_fair": 92.05,
            "eps_avg_yearly": 2.63,
            "eps_latest_yearly": 4.72,
            "eps_growth_yearly": 1172.33
        },
        "20203": {
            "year_quarter": 20203,
            "year": 2020,
            "quarter": 3,
            "eps": 0.93,
            "eps_growth_year": -21.19,
            "eps_4q": 0.53,
            "eps_4q_growth_year": -74.01,
            "roe": 2.85,
            "roe_4q": 1.8399999999999999,
            "gross_profit": -18306,
            "gross_margin": -3.74,
            "gross_margin_4q_avg": -0.23,
            "net_income": 645292,
            "net_income_4q": null,
            "revenue": 489170,
            "revenue_4q": null,
            "common_shares": 7747805,
            "book_valuer_per_share": 34.66,
            "book_valuer_per_share_4q_avg": 34.04,
            "equity": 23087260,
            "current_ratio": 366.51,
            "debt_ratio": 38.76,
            "inventory_turnover_ratio": 10.18,
            "account_receivable_turnover_ratio": 2.24,
            "reinvestment_rate": 42.82,
            "research_to_sale_ratio": null,
            "price_fair": 96.29,
            "eps_avg_yearly": 2.75,
            "eps_latest_yearly": 3.72,
            "eps_growth_yearly": 1185.5
        },
        "20204": {
            "year_quarter": 20204,
            "year": 2020,
            "quarter": 4,
            "eps": 1.93,
            "eps_growth_year": null,
            "eps_4q": 2.74,
            "eps_4q_growth_year": 36.29,
            "roe": 5.17,
            "roe_4q": 7.82,
            "gross_profit": -102852,
            "gross_margin": -17.83,
            "gross_margin_4q_avg": -6.53,
            "net_income": 1244449,
            "net_income_4q": null,
            "revenue": 576928,
            "revenue_4q": null,
            "common_shares": 7747805,
            "book_valuer_per_share": 37.61,
            "book_valuer_per_share_4q_avg": 34.59,
            "equity": 25017349,
            "current_ratio": 385.43,
            "debt_ratio": 38.45,
            "inventory_turnover_ratio": 10.61,
            "account_receivable_turnover_ratio": 2.34,
            "reinvestment_rate": 61.48,
            "research_to_sale_ratio": null,
            "price_fair": 122.89,
            "eps_avg_yearly": 3.51,
            "eps_latest_yearly": 7.72,
            "eps_growth_yearly": 1231.18
        },
        "20211": {
            "year_quarter": 20211,
            "year": 2021,
            "quarter": 1,
            "eps": -0.2,
            "eps_growth_year": null,
            "eps_4q": 2.87,
            "eps_4q_growth_year": 92.3,
            "roe": -0.47,
            "roe_4q": 8.290000000000001,
            "gross_profit": -10221,
            "gross_margin": -1.88,
            "gross_margin_4q_avg": -6.02,
            "net_income": -120305,
            "net_income_4q": null,
            "revenue": 544526,
            "revenue_4q": null,
            "common_shares": 7747805,
            "book_valuer_per_share": 38.96,
            "book_valuer_per_share_4q_avg": 36.12,
            "equity": 25963735,
            "current_ratio": 504.15,
            "debt_ratio": 35.77,
            "inventory_turnover_ratio": 12.33,
            "account_receivable_turnover_ratio": 2.21,
            "reinvestment_rate": 35.06,
            "research_to_sale_ratio": null,
            "price_fair": 122.89,
            "eps_avg_yearly": 3.51,
            "eps_latest_yearly": 7.72,
            "eps_growth_yearly": 1231.18
        },
        "20212": {
            "year_quarter": 20212,
            "year": 2021,
            "quarter": 2,
            "eps": -0.25,
            "eps_growth_year": -213.64,
            "eps_4q": 2.4,
            "eps_4q_growth_year": 208.96,
            "roe": -0.58,
            "roe_4q": 6.970000000000001,
            "gross_profit": 186,
            "gross_margin": 0.03,
            "gross_margin_4q_avg": -5.86,
            "net_income": -154267,
            "net_income_4q": null,
            "revenue": 550388,
            "revenue_4q": null,
            "common_shares": 7747805,
            "book_valuer_per_share": 40.59,
            "book_valuer_per_share_4q_avg": 37.96,
            "equity": 27014388,
            "current_ratio": 433.65,
            "debt_ratio": 34.98,
            "inventory_turnover_ratio": 26.75,
            "account_receivable_turnover_ratio": 2.42,
            "reinvestment_rate": -37.99,
            "research_to_sale_ratio": null,
            "price_fair": 122.89,
            "eps_avg_yearly": 3.51,
            "eps_latest_yearly": 7.72,
            "eps_growth_yearly": 1231.18
        },
        "20213": {
            "year_quarter": 20213,
            "year": 2021,
            "quarter": 3,
            "eps": 1.37,
            "eps_growth_year": 47.31,
            "eps_4q": 2.84,
            "eps_4q_growth_year": 441.35,
            "roe": 3.54,
            "roe_4q": 7.66,
            "gross_profit": 13090,
            "gross_margin": 2.34,
            "gross_margin_4q_avg": -4.34,
            "net_income": 954667,
            "net_income_4q": null,
            "revenue": 560318,
            "revenue_4q": null,
            "common_shares": 7747805,
            "book_valuer_per_share": 40.34,
            "book_valuer_per_share_4q_avg": 39.38,
            "equity": 26980103,
            "current_ratio": 417.16,
            "debt_ratio": 35,
            "inventory_turnover_ratio": 31.56,
            "account_receivable_turnover_ratio": 2.34,
            "reinvestment_rate": -37.49,
            "research_to_sale_ratio": null,
            "price_fair": 136.68,
            "eps_avg_yearly": 3.91,
            "eps_latest_yearly": 7.72,
            "eps_growth_yearly": 1210.07
        },
        "20214": {
            "year_quarter": 20214,
            "year": 2021,
            "quarter": 4,
            "eps": 0.09,
            "eps_growth_year": -95.11,
            "eps_4q": 1.02,
            "eps_4q_growth_year": -62.89,
            "roe": 0.26,
            "roe_4q": 2.75,
            "gross_profit": 27744,
            "gross_margin": 4.91,
            "gross_margin_4q_avg": 1.35,
            "net_income": 67440,
            "net_income_4q": null,
            "revenue": 565022,
            "revenue_4q": null,
            "common_shares": 7747805,
            "book_valuer_per_share": 38.74,
            "book_valuer_per_share_4q_avg": 39.66,
            "equity": 25910233,
            "current_ratio": 399.98,
            "debt_ratio": 35.62,
            "inventory_turnover_ratio": 13.9,
            "account_receivable_turnover_ratio": 2.34,
            "reinvestment_rate": -58.6,
            "research_to_sale_ratio": null,
            "price_fair": 112.7,
            "eps_avg_yearly": 3.22,
            "eps_latest_yearly": 0.36,
            "eps_growth_yearly": 402.25
        },
        "20221": {
            "year_quarter": 20221,
            "year": 2022,
            "quarter": 1,
            "eps": -0.12,
            "eps_growth_year": null,
            "eps_4q": 1.09,
            "eps_4q_growth_year": -62.01,
            "roe": -0.29,
            "roe_4q": 2.93,
            "gross_profit": 15322,
            "gross_margin": 2.99,
            "gross_margin_4q_avg": 2.57,
            "net_income": -77250,
            "net_income_4q": null,
            "revenue": 512577,
            "revenue_4q": null,
            "common_shares": 7747805,
            "book_valuer_per_share": 39.61,
            "book_valuer_per_share_4q_avg": 39.82,
            "equity": 26503290,
            "current_ratio": 398.36,
            "debt_ratio": 35.07,
            "inventory_turnover_ratio": 12.21,
            "account_receivable_turnover_ratio": 2.33,
            "reinvestment_rate": 110.19,
            "research_to_sale_ratio": null,
            "price_fair": 124,
            "eps_avg_yearly": 3.54,
            "eps_latest_yearly": 0.36,
            "eps_growth_yearly": 507.46
        },
        "20222": {
            "year_quarter": 20222,
            "year": 2022,
            "quarter": 2,
            "eps": -0.62,
            "eps_growth_year": null,
            "eps_4q": 0.72,
            "eps_4q_growth_year": -69.87,
            "roe": -1.72,
            "roe_4q": 1.7900000000000003,
            "gross_profit": -4176,
            "gross_margin": -0.81,
            "gross_margin_4q_avg": 2.36,
            "net_income": -419262,
            "net_income_4q": null,
            "revenue": 514786,
            "revenue_4q": null,
            "common_shares": 7747805,
            "book_valuer_per_share": 33.38,
            "book_valuer_per_share_4q_avg": 38.02,
            "equity": 22277884,
            "current_ratio": 279.75,
            "debt_ratio": 39.34,
            "inventory_turnover_ratio": 5.66,
            "account_receivable_turnover_ratio": 2.52,
            "reinvestment_rate": 124.55,
            "research_to_sale_ratio": null,
            "price_fair": 135.8,
            "eps_avg_yearly": 3.88,
            "eps_latest_yearly": 0.36,
            "eps_growth_yearly": 553.15
        },
        "20223": {
            "year_quarter": 20223,
            "year": 2022,
            "quarter": 3,
            "eps": 0.41,
            "eps_growth_year": -70.07,
            "eps_4q": -0.24,
            "eps_4q_growth_year": -108.42,
            "roe": 1.29,
            "roe_4q": -0.45999999999999996,
            "gross_profit": 43658,
            "gross_margin": 7.71,
            "gross_margin_4q_avg": 3.7,
            "net_income": 286173,
            "net_income_4q": null,
            "revenue": 566460,
            "revenue_4q": null,
            "common_shares": 7747805,
            "book_valuer_per_share": 32.98,
            "book_valuer_per_share_4q_avg": 36.18,
            "equity": 22019047,
            "current_ratio": 310.85,
            "debt_ratio": 39.09,
            "inventory_turnover_ratio": 3.13,
            "account_receivable_turnover_ratio": 2.75,
            "reinvestment_rate": 134.87,
            "research_to_sale_ratio": null,
            "price_fair": 141.96,
            "eps_avg_yearly": 4.06,
            "eps_latest_yearly": 0.36,
            "eps_growth_yearly": 585.88
        },
        "20224": {
            "year_quarter": 20224,
            "year": 2022,
            "quarter": 4,
            "eps": 0.05,
            "eps_growth_year": -43.07,
            "eps_4q": -0.28,
            "eps_4q_growth_year": -127.48,
            "roe": 0.17,
            "roe_4q": -0.55,
            "gross_profit": 77782,
            "gross_margin": 11.79,
            "gross_margin_4q_avg": 5.42,
            "net_income": 36453,
            "net_income_4q": null,
            "revenue": 659836,
            "revenue_4q": null,
            "common_shares": 7747805,
            "book_valuer_per_share": 32.95,
            "book_valuer_per_share_4q_avg": 34.73,
            "equity": 21999427,
            "current_ratio": 302.94,
            "debt_ratio": 39.58,
            "inventory_turnover_ratio": 3.42,
            "account_receivable_turnover_ratio": 2.79,
            "reinvestment_rate": 114.57,
            "research_to_sale_ratio": null,
            "price_fair": 119.47,
            "eps_avg_yearly": 3.41,
            "eps_latest_yearly": 0.2,
            "eps_growth_yearly": 429.7
        },
        "20231": {
            "year_quarter": 20231,
            "year": 2023,
            "quarter": 1,
            "eps": 0.03,
            "eps_growth_year": null,
            "eps_4q": -0.12,
            "eps_4q_growth_year": -111.38,
            "roe": 0.12,
            "roe_4q": -0.1399999999999999,
            "gross_profit": 62690,
            "gross_margin": 9.62,
            "gross_margin_4q_avg": 7.08,
            "net_income": 25883,
            "net_income_4q": null,
            "revenue": 651402,
            "revenue_4q": null,
            "common_shares": 7747805,
            "book_valuer_per_share": 34.45,
            "book_valuer_per_share_4q_avg": 33.44,
            "equity": 23006158,
            "current_ratio": 303.7,
            "debt_ratio": 38.4,
            "inventory_turnover_ratio": 4.12,
            "account_receivable_turnover_ratio": 2.64,
            "reinvestment_rate": 57.37,
            "research_to_sale_ratio": null,
            "price_fair": 103,
            "eps_avg_yearly": 2.94,
            "eps_latest_yearly": 0.12,
            "eps_growth_yearly": 345.46
        },
        "20232": {
            "year_quarter": 20232,
            "year": 2023,
            "quarter": 2,
            "eps": 0,
            "eps_growth_year": null,
            "eps_4q": 0.48,
            "eps_4q_growth_year": -33.43,
            "roe": 0,
            "roe_4q": 1.58,
            "gross_profit": 78426,
            "gross_margin": 10.81,
            "gross_margin_4q_avg": 9.98,
            "net_income": 80,
            "net_income_4q": null,
            "revenue": 725302,
            "revenue_4q": null,
            "common_shares": 7747805,
            "book_valuer_per_share": 35.05,
            "book_valuer_per_share_4q_avg": 33.86,
            "equity": 23417199,
            "current_ratio": 260.89,
            "debt_ratio": 37.98,
            "inventory_turnover_ratio": 5.21,
            "account_receivable_turnover_ratio": 2.64,
            "reinvestment_rate": 43.46,
            "research_to_sale_ratio": null,
            "price_fair": 98.23,
            "eps_avg_yearly": 2.81,
            "eps_latest_yearly": 0.12,
            "eps_growth_yearly": 156.37
        },
        "20233": {
            "year_quarter": 20233,
            "year": 2023,
            "quarter": 3,
            "eps": 0.18,
            "eps_growth_year": -56.1,
            "eps_4q": 0.26,
            "eps_4q_growth_year": null,
            "roe": 0.54,
            "roe_4q": 0.8300000000000001,
            "gross_profit": 107892,
            "gross_margin": 14.61,
            "gross_margin_4q_avg": 11.71,
            "net_income": 121578,
            "net_income_4q": null,
            "revenue": 738527,
            "revenue_4q": null,
            "common_shares": 7902474,
            "book_valuer_per_share": 32.29,
            "book_valuer_per_share_4q_avg": 33.69,
            "equity": 21993122,
            "current_ratio": 292.46,
            "debt_ratio": 39.04,
            "inventory_turnover_ratio": 4.28,
            "account_receivable_turnover_ratio": 2.52,
            "reinvestment_rate": 28.57,
            "research_to_sale_ratio": null,
            "price_fair": 84.84,
            "eps_avg_yearly": 2.42,
            "eps_latest_yearly": 0.12,
            "eps_growth_yearly": 167.21
        },
        "20234": {
            "year_quarter": 20234,
            "year": 2023,
            "quarter": 4,
            "eps": -0.08,
            "eps_growth_year": -253.92,
            "eps_4q": 0.12,
            "eps_4q_growth_year": null,
            "roe": -0.23,
            "roe_4q": 0.43000000000000005,
            "gross_profit": 117423,
            "gross_margin": 14.75,
            "gross_margin_4q_avg": 12.45,
            "net_income": -51503,
            "net_income_4q": null,
            "revenue": 796352,
            "revenue_4q": null,
            "common_shares": 7902474,
            "book_valuer_per_share": 32.91,
            "book_valuer_per_share_4q_avg": 33.68,
            "equity": 22418558,
            "current_ratio": 319.5,
            "debt_ratio": 38.52,
            "inventory_turnover_ratio": 5.11,
            "account_receivable_turnover_ratio": 2.48,
            "reinvestment_rate": -49.42,
            "research_to_sale_ratio": null,
            "price_fair": 84.84,
            "eps_avg_yearly": 2.42,
            "eps_latest_yearly": 0.12,
            "eps_growth_yearly": 167.21
        }
    },
    "months": {
        "2001-10": {
            "month": "2001-10",
            "price": "6.12",
            "revenue": 197254
        },
        "2001-11": {
            "month": "2001-11",
            "price": "6.18",
            "revenue": 212559
        },
        "2001-12": {
            "month": "2001-12",
            "price": "7.15",
            "revenue": 229825
        },
        "2002-01": {
            "month": "2002-01",
            "price": "7.49",
            "revenue": 262036
        },
        "2002-02": {
            "month": "2002-02",
            "price": "7.32",
            "revenue": 145620
        },
        "2002-03": {
            "month": "2002-03",
            "price": "8.29",
            "revenue": 256352
        },
        "2002-04": {
            "month": "2002-04",
            "price": "9.24",
            "revenue": 233626
        },
        "2002-05": {
            "month": "2002-05",
            "price": "9.82",
            "revenue": 225288
        },
        "2002-06": {
            "month": "2002-06",
            "price": "11.53",
            "revenue": 217028
        },
        "2002-07": {
            "month": "2002-07",
            "price": "12.91",
            "revenue": 199374
        },
        "2002-08": {
            "month": "2002-08",
            "price": "11.70",
            "revenue": 234980
        },
        "2002-09": {
            "month": "2002-09",
            "price": "9.92",
            "revenue": 211326
        },
        "2002-10": {
            "month": "2002-10",
            "price": "10.30",
            "revenue": 230720
        },
        "2002-11": {
            "month": "2002-11",
            "price": "12.33",
            "revenue": 213542
        },
        "2002-12": {
            "month": "2002-12",
            "price": "14.95",
            "revenue": 218606
        },
        "2003-01": {
            "month": "2003-01",
            "price": "16.23",
            "revenue": 214454
        },
        "2003-02": {
            "month": "2003-02",
            "price": "14.43",
            "revenue": 120471
        },
        "2003-03": {
            "month": "2003-03",
            "price": "15.10",
            "revenue": 188542
        },
        "2003-04": {
            "month": "2003-04",
            "price": "14.38",
            "revenue": 166471
        },
        "2003-05": {
            "month": "2003-05",
            "price": "12.82",
            "revenue": 205004
        },
        "2003-06": {
            "month": "2003-06",
            "price": "14.69",
            "revenue": 200647
        },
        "2003-07": {
            "month": "2003-07",
            "price": "15.11",
            "revenue": 196196
        },
        "2003-08": {
            "month": "2003-08",
            "price": "17.33",
            "revenue": 172752
        },
        "2003-09": {
            "month": "2003-09",
            "price": "16.04",
            "revenue": 179809
        },
        "2003-10": {
            "month": "2003-10",
            "price": "18.28",
            "revenue": 232132
        },
        "2003-11": {
            "month": "2003-11",
            "price": "20.88",
            "revenue": 222194
        },
        "2003-12": {
            "month": "2003-12",
            "price": "20.73",
            "revenue": 241164
        },
        "2004-01": {
            "month": "2004-01",
            "price": "20.59",
            "revenue": 173440
        },
        "2004-02": {
            "month": "2004-02",
            "price": "21.18",
            "revenue": 195479
        },
        "2004-03": {
            "month": "2004-03",
            "price": "20.98",
            "revenue": 232476
        },
        "2004-04": {
            "month": "2004-04",
            "price": "17.63",
            "revenue": 231416
        },
        "2004-05": {
            "month": "2004-05",
            "price": "14.69",
            "revenue": 232189
        },
        "2004-06": {
            "month": "2004-06",
            "price": "15.14",
            "revenue": 248402
        },
        "2004-07": {
            "month": "2004-07",
            "price": "15.92",
            "revenue": 215489
        },
        "2004-08": {
            "month": "2004-08",
            "price": "15.47",
            "revenue": 199755
        },
        "2004-09": {
            "month": "2004-09",
            "price": "16.71",
            "revenue": 238792
        },
        "2004-10": {
            "month": "2004-10",
            "price": "15.73",
            "revenue": 245729
        },
        "2004-11": {
            "month": "2004-11",
            "price": "14.42",
            "revenue": 283443
        },
        "2004-12": {
            "month": "2004-12",
            "price": "14.84",
            "revenue": 258592
        },
        "2005-01": {
            "month": "2005-01",
            "price": "14.53",
            "revenue": 271258
        },
        "2005-02": {
            "month": "2005-02",
            "price": "14.05",
            "revenue": 156962
        },
        "2005-03": {
            "month": "2005-03",
            "price": "13.84",
            "revenue": 234870
        },
        "2005-04": {
            "month": "2005-04",
            "price": "11.99",
            "revenue": 234952
        },
        "2005-05": {
            "month": "2005-05",
            "price": "11.29",
            "revenue": 221134
        },
        "2005-06": {
            "month": "2005-06",
            "price": "12.53",
            "revenue": 242022
        },
        "2005-07": {
            "month": "2005-07",
            "price": "12.68",
            "revenue": 211776
        },
        "2005-08": {
            "month": "2005-08",
            "price": "13.94",
            "revenue": 220881
        },
        "2005-09": {
            "month": "2005-09",
            "price": "14.42",
            "revenue": 224785
        },
        "2005-10": {
            "month": "2005-10",
            "price": "13.95",
            "revenue": 243650
        },
        "2005-11": {
            "month": "2005-11",
            "price": "14.17",
            "revenue": 262925
        },
        "2005-12": {
            "month": "2005-12",
            "price": "13.26",
            "revenue": 283649
        },
        "2006-01": {
            "month": "2006-01",
            "price": "12.91",
            "revenue": 267920
        },
        "2006-02": {
            "month": "2006-02",
            "price": "12.59",
            "revenue": 181348
        },
        "2006-03": {
            "month": "2006-03",
            "price": "13.08",
            "revenue": 216946
        },
        "2006-04": {
            "month": "2006-04",
            "price": "14.91",
            "revenue": 217074
        },
        "2006-05": {
            "month": "2006-05",
            "price": "19.69",
            "revenue": 215012
        },
        "2006-06": {
            "month": "2006-06",
            "price": "16.55",
            "revenue": 186954
        },
        "2006-07": {
            "month": "2006-07",
            "price": "16.54",
            "revenue": 198739
        },
        "2006-08": {
            "month": "2006-08",
            "price": "16.29",
            "revenue": 190191
        },
        "2006-09": {
            "month": "2006-09",
            "price": "16.76",
            "revenue": 212176
        },
        "2006-10": {
            "month": "2006-10",
            "price": "18.62",
            "revenue": 798282
        },
        "2006-11": {
            "month": "2006-11",
            "price": "20.57",
            "revenue": 855133
        },
        "2006-12": {
            "month": "2006-12",
            "price": "21.36",
            "revenue": 801504
        },
        "2007-01": {
            "month": "2007-01",
            "price": "19.98",
            "revenue": 874112
        },
        "2007-02": {
            "month": "2007-02",
            "price": "19.46",
            "revenue": 583468
        },
        "2007-03": {
            "month": "2007-03",
            "price": "19.94",
            "revenue": 786009
        },
        "2007-04": {
            "month": "2007-04",
            "price": "20.72",
            "revenue": 829654
        },
        "2007-05": {
            "month": "2007-05",
            "price": "18.93",
            "revenue": 814895
        },
        "2007-06": {
            "month": "2007-06",
            "price": "21.64",
            "revenue": 808217
        },
        "2007-07": {
            "month": "2007-07",
            "price": "26.67",
            "revenue": 714311
        },
        "2007-08": {
            "month": "2007-08",
            "price": "25.35",
            "revenue": 779419
        },
        "2007-09": {
            "month": "2007-09",
            "price": "26.27",
            "revenue": 732937
        },
        "2007-10": {
            "month": "2007-10",
            "price": "31.68",
            "revenue": 877943
        },
        "2007-11": {
            "month": "2007-11",
            "price": "28.08",
            "revenue": 276048
        },
        "2007-12": {
            "month": "2007-12",
            "price": "22.57",
            "revenue": 256079
        },
        "2008-01": {
            "month": "2008-01",
            "price": "21.73",
            "revenue": 244025
        },
        "2008-02": {
            "month": "2008-02",
            "price": "22.29",
            "revenue": 155128
        },
        "2008-03": {
            "month": "2008-03",
            "price": "26.01",
            "revenue": 235928
        },
        "2008-04": {
            "month": "2008-04",
            "price": "29.84",
            "revenue": 191085
        },
        "2008-05": {
            "month": "2008-05",
            "price": "29.55",
            "revenue": 201396
        },
        "2008-06": {
            "month": "2008-06",
            "price": "24.24",
            "revenue": 188039
        },
        "2008-07": {
            "month": "2008-07",
            "price": "21.52",
            "revenue": 184950
        },
        "2008-08": {
            "month": "2008-08",
            "price": "19.86",
            "revenue": 214696
        },
        "2008-09": {
            "month": "2008-09",
            "price": "16.23",
            "revenue": 205818
        },
        "2008-10": {
            "month": "2008-10",
            "price": "10.75",
            "revenue": 271058
        },
        "2008-11": {
            "month": "2008-11",
            "price": "12.42",
            "revenue": 216069
        },
        "2008-12": {
            "month": "2008-12",
            "price": "13.00",
            "revenue": 282014
        },
        "2009-01": {
            "month": "2009-01",
            "price": "12.45",
            "revenue": 207491
        },
        "2009-02": {
            "month": "2009-02",
            "price": "11.81",
            "revenue": 165386
        },
        "2009-03": {
            "month": "2009-03",
            "price": "12.67",
            "revenue": 236582
        },
        "2009-04": {
            "month": "2009-04",
            "price": "16.04",
            "revenue": 186135
        },
        "2009-05": {
            "month": "2009-05",
            "price": "17.19",
            "revenue": 202270
        },
        "2009-06": {
            "month": "2009-06",
            "price": "15.76",
            "revenue": 178867
        },
        "2009-07": {
            "month": "2009-07",
            "price": "15.91",
            "revenue": 206840
        },
        "2009-08": {
            "month": "2009-08",
            "price": "15.93",
            "revenue": 158986
        },
        "2009-09": {
            "month": "2009-09",
            "price": "16.07",
            "revenue": 221147
        },
        "2009-10": {
            "month": "2009-10",
            "price": "18.26",
            "revenue": 164527
        },
        "2009-11": {
            "month": "2009-11",
            "price": "17.22",
            "revenue": 156693
        },
        "2009-12": {
            "month": "2009-12",
            "price": "17.76",
            "revenue": 188194
        },
        "2010-01": {
            "month": "2010-01",
            "price": "17.36",
            "revenue": 179828
        },
        "2010-02": {
            "month": "2010-02",
            "price": "14.86",
            "revenue": 117208
        },
        "2010-03": {
            "month": "2010-03",
            "price": "15.40",
            "revenue": 169191
        },
        "2010-04": {
            "month": "2010-04",
            "price": "15.65",
            "revenue": 159299
        },
        "2010-05": {
            "month": "2010-05",
            "price": "13.67",
            "revenue": 166298
        },
        "2010-06": {
            "month": "2010-06",
            "price": "13.51",
            "revenue": 153261
        },
        "2010-07": {
            "month": "2010-07",
            "price": "14.56",
            "revenue": 186045
        },
        "2010-08": {
            "month": "2010-08",
            "price": "15.45",
            "revenue": 197136
        },
        "2010-09": {
            "month": "2010-09",
            "price": "15.41",
            "revenue": 131120
        },
        "2010-10": {
            "month": "2010-10",
            "price": "15.92",
            "revenue": 164160
        },
        "2010-11": {
            "month": "2010-11",
            "price": "15.96",
            "revenue": 176504
        },
        "2010-12": {
            "month": "2010-12",
            "price": "16.58",
            "revenue": 203489
        },
        "2011-01": {
            "month": "2011-01",
            "price": "16.96",
            "revenue": 186073
        },
        "2011-02": {
            "month": "2011-02",
            "price": "16.21",
            "revenue": 93848
        },
        "2011-03": {
            "month": "2011-03",
            "price": "16.22",
            "revenue": 150432
        },
        "2011-04": {
            "month": "2011-04",
            "price": "17.71",
            "revenue": 89735
        },
        "2011-05": {
            "month": "2011-05",
            "price": "17.65",
            "revenue": 53645
        },
        "2011-06": {
            "month": "2011-06",
            "price": "17.80",
            "revenue": 26530
        },
        "2011-07": {
            "month": "2011-07",
            "price": "18.98",
            "revenue": 21754
        },
        "2011-08": {
            "month": "2011-08",
            "price": "17.12",
            "revenue": 21831
        },
        "2011-09": {
            "month": "2011-09",
            "price": "16.54",
            "revenue": 23969
        },
        "2011-10": {
            "month": "2011-10",
            "price": "15.10",
            "revenue": 51646
        },
        "2011-11": {
            "month": "2011-11",
            "price": "13.95",
            "revenue": 73876
        },
        "2011-12": {
            "month": "2011-12",
            "price": "12.12",
            "revenue": 84001
        },
        "2012-01": {
            "month": "2012-01",
            "price": "11.90",
            "revenue": 71381
        },
        "2012-02": {
            "month": "2012-02",
            "price": "13.68",
            "revenue": 90503
        },
        "2012-03": {
            "month": "2012-03",
            "price": "13.87",
            "revenue": 111881
        },
        "2012-04": {
            "month": "2012-04",
            "price": "13.37",
            "revenue": 128163
        },
        "2012-05": {
            "month": "2012-05",
            "price": "13.22",
            "revenue": 111138
        },
        "2012-06": {
            "month": "2012-06",
            "price": "13.34",
            "revenue": 107080
        },
        "2012-07": {
            "month": "2012-07",
            "price": "13.41",
            "revenue": 111834
        },
        "2012-08": {
            "month": "2012-08",
            "price": "13.58",
            "revenue": 108350
        },
        "2012-09": {
            "month": "2012-09",
            "price": "14.26",
            "revenue": 115325
        },
        "2012-10": {
            "month": "2012-10",
            "price": "14.24",
            "revenue": 121344
        },
        "2012-11": {
            "month": "2012-11",
            "price": "13.27",
            "revenue": 94668
        },
        "2012-12": {
            "month": "2012-12",
            "price": "13.70",
            "revenue": 112508
        },
        "2013-01": {
            "month": "2013-01",
            "price": "13.91",
            "revenue": 288455
        },
        "2013-02": {
            "month": "2013-02",
            "price": "13.92",
            "revenue": 166638
        },
        "2013-03": {
            "month": "2013-03",
            "price": "13.42",
            "revenue": 286007
        },
        "2013-04": {
            "month": "2013-04",
            "price": "13.04",
            "revenue": 365292
        },
        "2013-05": {
            "month": "2013-05",
            "price": "13.62",
            "revenue": 382601
        },
        "2013-06": {
            "month": "2013-06",
            "price": "14.21",
            "revenue": 302995
        },
        "2013-07": {
            "month": "2013-07",
            "price": "14.10",
            "revenue": 294781
        },
        "2013-08": {
            "month": "2013-08",
            "price": "13.88",
            "revenue": 336088
        },
        "2013-09": {
            "month": "2013-09",
            "price": "14.13",
            "revenue": 314563
        },
        "2013-10": {
            "month": "2013-10",
            "price": "15.15",
            "revenue": 429783
        },
        "2013-11": {
            "month": "2013-11",
            "price": "14.84",
            "revenue": 509527
        },
        "2013-12": {
            "month": "2013-12",
            "price": "15.89",
            "revenue": 591641
        },
        "2014-01": {
            "month": "2014-01",
            "price": "15.53",
            "revenue": 446206
        },
        "2014-02": {
            "month": "2014-02",
            "price": "15.61",
            "revenue": 168548
        },
        "2014-03": {
            "month": "2014-03",
            "price": "15.40",
            "revenue": 404642
        },
        "2014-04": {
            "month": "2014-04",
            "price": "16.18",
            "revenue": 385738
        },
        "2014-05": {
            "month": "2014-05",
            "price": "15.73",
            "revenue": 281325
        },
        "2014-06": {
            "month": "2014-06",
            "price": "15.96",
            "revenue": 222444
        },
        "2014-07": {
            "month": "2014-07",
            "price": "15.41",
            "revenue": 246735
        },
        "2014-08": {
            "month": "2014-08",
            "price": "15.14",
            "revenue": 325227
        },
        "2014-09": {
            "month": "2014-09",
            "price": "15.11",
            "revenue": 337047
        },
        "2014-10": {
            "month": "2014-10",
            "price": "14.43",
            "revenue": 380730
        },
        "2014-11": {
            "month": "2014-11",
            "price": "14.16",
            "revenue": 389030
        },
        "2014-12": {
            "month": "2014-12",
            "price": "14.03",
            "revenue": 350583
        },
        "2015-01": {
            "month": "2015-01",
            "price": "14.06",
            "revenue": 310280
        },
        "2015-02": {
            "month": "2015-02",
            "price": "13.72",
            "revenue": 160324
        },
        "2015-03": {
            "month": "2015-03",
            "price": "13.73",
            "revenue": 200719
        },
        "2015-04": {
            "month": "2015-04",
            "price": "14.02",
            "revenue": 273126
        },
        "2015-05": {
            "month": "2015-05",
            "price": "13.92",
            "revenue": 320563
        },
        "2015-06": {
            "month": "2015-06",
            "price": "12.55",
            "revenue": 143719
        },
        "2015-07": {
            "month": "2015-07",
            "price": "11.59",
            "revenue": 175596
        },
        "2015-08": {
            "month": "2015-08",
            "price": "10.07",
            "revenue": 184087
        },
        "2015-09": {
            "month": "2015-09",
            "price": "10.16",
            "revenue": 189109
        },
        "2015-10": {
            "month": "2015-10",
            "price": "10.60",
            "revenue": 321446
        },
        "2015-11": {
            "month": "2015-11",
            "price": "10.28",
            "revenue": 297423
        },
        "2015-12": {
            "month": "2015-12",
            "price": "9.64",
            "revenue": 250322
        },
        "2016-01": {
            "month": "2016-01",
            "price": "9.07",
            "revenue": 197328
        },
        "2016-02": {
            "month": "2016-02",
            "price": "9.23",
            "revenue": 143549
        },
        "2016-03": {
            "month": "2016-03",
            "price": "9.54",
            "revenue": 200449
        },
        "2016-04": {
            "month": "2016-04",
            "price": "9.36",
            "revenue": 200905
        },
        "2016-05": {
            "month": "2016-05",
            "price": "8.63",
            "revenue": 342029
        },
        "2016-06": {
            "month": "2016-06",
            "price": "8.34",
            "revenue": 277433
        },
        "2016-07": {
            "month": "2016-07",
            "price": "8.78",
            "revenue": 268801
        },
        "2016-08": {
            "month": "2016-08",
            "price": "8.97",
            "revenue": 196746
        },
        "2016-09": {
            "month": "2016-09",
            "price": "8.98",
            "revenue": 277340
        },
        "2016-10": {
            "month": "2016-10",
            "price": "8.95",
            "revenue": 299070
        },
        "2016-11": {
            "month": "2016-11",
            "price": "8.69",
            "revenue": 353438
        },
        "2016-12": {
            "month": "2016-12",
            "price": "8.80",
            "revenue": 382981
        },
        "2017-01": {
            "month": "2017-01",
            "price": "8.91",
            "revenue": 232657
        },
        "2017-02": {
            "month": "2017-02",
            "price": "10.78",
            "revenue": 171513
        },
        "2017-03": {
            "month": "2017-03",
            "price": "11.30",
            "revenue": 194614
        },
        "2017-04": {
            "month": "2017-04",
            "price": "10.61",
            "revenue": 132940
        },
        "2017-05": {
            "month": "2017-05",
            "price": "10.50",
            "revenue": 183810
        },
        "2017-06": {
            "month": "2017-06",
            "price": "10.84",
            "revenue": 143629
        },
        "2017-07": {
            "month": "2017-07",
            "price": "10.83",
            "revenue": 153905
        },
        "2017-08": {
            "month": "2017-08",
            "price": "10.93",
            "revenue": 174704
        },
        "2017-09": {
            "month": "2017-09",
            "price": "12.31",
            "revenue": 177734
        },
        "2017-10": {
            "month": "2017-10",
            "price": "12.29",
            "revenue": 167398
        },
        "2017-11": {
            "month": "2017-11",
            "price": "12.19",
            "revenue": 181868
        },
        "2017-12": {
            "month": "2017-12",
            "price": "12.38",
            "revenue": 181112
        },
        "2018-01": {
            "month": "2018-01",
            "price": "13.68",
            "revenue": 172094
        },
        "2018-02": {
            "month": "2018-02",
            "price": "12.71",
            "revenue": 125590
        },
        "2018-03": {
            "month": "2018-03",
            "price": "11.82",
            "revenue": 173573
        },
        "2018-04": {
            "month": "2018-04",
            "price": "11.84",
            "revenue": 170887
        },
        "2018-05": {
            "month": "2018-05",
            "price": "13.28",
            "revenue": 185856
        },
        "2018-06": {
            "month": "2018-06",
            "price": "13.34",
            "revenue": 172927
        },
        "2018-07": {
            "month": "2018-07",
            "price": "13.57",
            "revenue": 154429
        },
        "2018-08": {
            "month": "2018-08",
            "price": "14.86",
            "revenue": 173642
        },
        "2018-09": {
            "month": "2018-09",
            "price": "13.64",
            "revenue": 166209
        },
        "2018-10": {
            "month": "2018-10",
            "price": "12.45",
            "revenue": 178401
        },
        "2018-11": {
            "month": "2018-11",
            "price": "12.76",
            "revenue": 183786
        },
        "2018-12": {
            "month": "2018-12",
            "price": "13.86",
            "revenue": 234983
        },
        "2019-01": {
            "month": "2019-01",
            "price": "13.76",
            "revenue": 177060
        },
        "2019-02": {
            "month": "2019-02",
            "price": "13.95",
            "revenue": 108448
        },
        "2019-03": {
            "month": "2019-03",
            "price": "14.18",
            "revenue": 166883
        },
        "2019-04": {
            "month": "2019-04",
            "price": "14.96",
            "revenue": 160751
        },
        "2019-05": {
            "month": "2019-05",
            "price": "15.85",
            "revenue": 146479
        },
        "2019-06": {
            "month": "2019-06",
            "price": "16.81",
            "revenue": 130823
        },
        "2019-07": {
            "month": "2019-07",
            "price": "16.83",
            "revenue": 159044
        },
        "2019-08": {
            "month": "2019-08",
            "price": "16.28",
            "revenue": 162363
        },
        "2019-09": {
            "month": "2019-09",
            "price": "17.43",
            "revenue": 184385
        },
        "2019-10": {
            "month": "2019-10",
            "price": "18.65",
            "revenue": 176879
        },
        "2019-11": {
            "month": "2019-11",
            "price": "19.84",
            "revenue": 186042
        },
        "2019-12": {
            "month": "2019-12",
            "price": "20.39",
            "revenue": 157879
        },
        "2020-01": {
            "month": "2020-01",
            "price": "21.55",
            "revenue": 165029
        },
        "2020-02": {
            "month": "2020-02",
            "price": "20.21",
            "revenue": 150813
        },
        "2020-03": {
            "month": "2020-03",
            "price": "16.57",
            "revenue": 179493
        },
        "2020-04": {
            "month": "2020-04",
            "price": "16.18",
            "revenue": 158812
        },
        "2020-05": {
            "month": "2020-05",
            "price": "16.45",
            "revenue": 171405
        },
        "2020-06": {
            "month": "2020-06",
            "price": "17.23",
            "revenue": 166768
        },
        "2020-07": {
            "month": "2020-07",
            "price": "17.53",
            "revenue": 173129
        },
        "2020-08": {
            "month": "2020-08",
            "price": "16.49",
            "revenue": 152585
        },
        "2020-09": {
            "month": "2020-09",
            "price": "16.39",
            "revenue": 163492
        },
        "2020-10": {
            "month": "2020-10",
            "price": "15.84",
            "revenue": 165638
        },
        "2020-11": {
            "month": "2020-11",
            "price": "17.09",
            "revenue": 208929
        },
        "2020-12": {
            "month": "2020-12",
            "price": "18.43",
            "revenue": 200989
        },
        "2021-01": {
            "month": "2021-01",
            "price": "17.60",
            "revenue": 195482
        },
        "2021-02": {
            "month": "2021-02",
            "price": "17.19",
            "revenue": 145091
        },
        "2021-03": {
            "month": "2021-03",
            "price": "18.38",
            "revenue": 203954
        },
        "2021-04": {
            "month": "2021-04",
            "price": "23.94",
            "revenue": 185227
        },
        "2021-05": {
            "month": "2021-05",
            "price": "22.65",
            "revenue": 196403
        },
        "2021-06": {
            "month": "2021-06",
            "price": "22.24",
            "revenue": 168756
        },
        "2021-07": {
            "month": "2021-07",
            "price": "22.66",
            "revenue": 192983
        },
        "2021-08": {
            "month": "2021-08",
            "price": "21.81",
            "revenue": 166022
        },
        "2021-09": {
            "month": "2021-09",
            "price": "21.31",
            "revenue": 201306
        },
        "2021-10": {
            "month": "2021-10",
            "price": "20.31",
            "revenue": 193141
        },
        "2021-11": {
            "month": "2021-11",
            "price": "20.69",
            "revenue": 197773
        },
        "2021-12": {
            "month": "2021-12",
            "price": "20.49",
            "revenue": 171518
        },
        "2022-01": {
            "month": "2022-01",
            "price": "20.26",
            "revenue": 158052
        },
        "2022-02": {
            "month": "2022-02",
            "price": "20.53",
            "revenue": 134062
        },
        "2022-03": {
            "month": "2022-03",
            "price": "20.62",
            "revenue": 220463
        },
        "2022-04": {
            "month": "2022-04",
            "price": "20.27",
            "revenue": 168089
        },
        "2022-05": {
            "month": "2022-05",
            "price": "18.58",
            "revenue": 163521
        },
        "2022-06": {
            "month": "2022-06",
            "price": "18.33",
            "revenue": 183177
        },
        "2022-07": {
            "month": "2022-07",
            "price": "17.92",
            "revenue": 178825
        },
        "2022-08": {
            "month": "2022-08",
            "price": "17.78",
            "revenue": 182371
        },
        "2022-09": {
            "month": "2022-09",
            "price": "17.69",
            "revenue": 205264
        },
        "2022-10": {
            "month": "2022-10",
            "price": "16.34",
            "revenue": 209429
        },
        "2022-11": {
            "month": "2022-11",
            "price": "16.81",
            "revenue": 221763
        },
        "2022-12": {
            "month": "2022-12",
            "price": "17.68",
            "revenue": 228644
        },
        "2023-01": {
            "month": "2023-01",
            "price": "17.79",
            "revenue": 191217
        },
        "2023-02": {
            "month": "2023-02",
            "price": "19.29",
            "revenue": 211050
        },
        "2023-03": {
            "month": "2023-03",
            "price": "19.10",
            "revenue": 249135
        },
        "2023-04": {
            "month": "2023-04",
            "price": "19.57",
            "revenue": 220272
        },
        "2023-05": {
            "month": "2023-05",
            "price": "20.08",
            "revenue": 227797
        },
        "2023-06": {
            "month": "2023-06",
            "price": "21.27",
            "revenue": 277233
        },
        "2023-07": {
            "month": "2023-07",
            "price": "21.26",
            "revenue": 266631
        },
        "2023-08": {
            "month": "2023-08",
            "price": "19.41",
            "revenue": 238917
        },
        "2023-09": {
            "month": "2023-09",
            "price": "18.76",
            "revenue": 232979
        },
        "2023-10": {
            "month": "2023-10",
            "price": "18.17",
            "revenue": 257343
        },
        "2023-11": {
            "month": "2023-11",
            "price": "18.64",
            "revenue": 255428
        },
        "2023-12": {
            "month": "2023-12",
            "price": "19.08",
            "revenue": 283279
        }
    }
}
