{
    "summary": {
        "stock_name": "環泥",
        "stock_id": "1104",
        "category": "水泥",
        "main_business": "水泥原料熟料及水泥製品原料之開採製造生產運銷<br>石膏板及其原料生產加工運銷，裝潢工程設計安裝<br>前各項有關產品之進出口代理銷售業務",
        "website_url": "http://www.ucctw.com",
        "ceo": "侯智升",
        "pe_ratio": 9,
        "report_year_from": 2001,
        "report_year_to": 2023,
        "age": 23,
        "eps_negative_percentage": 4,
        "eps_growth_avg": {
            "last_all": 12.82,
            "last_2y": 18.17,
            "last_4y": 14.09,
            "last_8y": 5.01,
            "last_12y": 10.84,
            "last_16y": 10.96,
            "last_20y": 12.82,
            "at_2006_last_3y": 20.72,
            "at_2007_last_3y": -15.5,
            "at_2008_last_3y": -33.61,
            "at_2009_last_3y": -8.24,
            "at_2010_last_3y": 11.35,
            "at_2011_last_3y": 5.61,
            "at_2012_last_3y": 47.77,
            "at_2013_last_3y": 36.76,
            "at_2014_last_3y": 23.96,
            "at_2015_last_3y": 40.48,
            "at_2016_last_3y": 24.54,
            "at_2017_last_3y": 5.73,
            "at_2018_last_3y": -6.34,
            "at_2019_last_3y": -4.21,
            "at_2020_last_3y": -7.07,
            "at_2021_last_3y": -5.39,
            "at_2022_last_3y": 22.97,
            "at_2023_last_3y": 15.93,
            "at_2024_last_3y": 15.93,
            "at_2006_last_all": 20.72,
            "at_2007_last_all": 7.6,
            "at_2008_last_all": -7.72,
            "at_2009_last_all": 7.67,
            "at_2010_last_all": 16.03,
            "at_2011_last_all": 6.71,
            "at_2012_last_all": 14.48,
            "at_2013_last_all": 18.25,
            "at_2014_last_all": 18.68,
            "at_2015_last_all": 17.1,
            "at_2016_last_all": 17.36,
            "at_2017_last_all": 14.91,
            "at_2018_last_all": 12.42,
            "at_2019_last_all": 12.09,
            "at_2020_last_all": 11.93,
            "at_2021_last_all": 10.64,
            "at_2022_last_all": 14.53,
            "at_2023_last_all": 12.82,
            "at_2024_last_all": 12.82
        },
        "latest_eps": 3.35,
        "latest_price": 31.05,
        "latest_roe": 11.95,
        "latest_gross_margin": 19.28,
        "latest_equity": 22777981,
        "latest_revenue": 1873035,
        "latest_gross_profit": 361057,
        "latest_net_income": 1166615,
        "latest_debt_ratio": 19.59,
        "latest_current_ratio": 167.8,
        "latest_account_receivable_turnover_ratio": 1.01,
        "latest_inventory_turnover_ratio": 3.44,
        "latest_reinvestment_rate": 39.47,
        "latest_research_to_sale_ratio": 1.02
    },
    "eps_dividends": {
        "1990": {
            "cash": 1,
            "stock": 1.8,
            "eps": 0
        },
        "1991": {
            "cash": 1.7,
            "stock": 1,
            "eps": 0
        },
        "1992": {
            "cash": 1.4,
            "stock": 1,
            "eps": 0
        },
        "1993": {
            "cash": 1.5,
            "stock": 1.5,
            "eps": 0
        },
        "1994": {
            "cash": 1,
            "stock": 1.5,
            "eps": 0
        },
        "1995": {
            "cash": 0.8,
            "stock": 0.7,
            "eps": 0
        },
        "1996": {
            "cash": 0.4,
            "stock": 0.8,
            "eps": 0
        },
        "1997": {
            "cash": 0,
            "stock": 0.6,
            "eps": 0
        },
        "1998": {
            "cash": 0.5,
            "stock": 0,
            "eps": 0
        },
        "1999": {
            "cash": 0.4,
            "stock": 0,
            "eps": 0
        },
        "2001": {
            "cash": 0.1,
            "stock": 0,
            "eps": -0.43
        },
        "2002": {
            "cash": 0,
            "stock": 0,
            "eps": 0.18
        },
        "2003": {
            "cash": 0,
            "stock": 0.7,
            "eps": 1.52
        },
        "2004": {
            "cash": 0,
            "stock": 1.2,
            "eps": 1.34
        },
        "2005": {
            "cash": 0,
            "stock": 1.1,
            "eps": 1.32
        },
        "2006": {
            "cash": 0,
            "stock": 1.1,
            "eps": 1.27
        },
        "2007": {
            "cash": 0,
            "stock": 1,
            "eps": 0.7
        },
        "2008": {
            "cash": 0,
            "stock": 0.8,
            "eps": 0.11
        },
        "2009": {
            "cash": 0,
            "stock": 0,
            "eps": 1.14
        },
        "2010": {
            "cash": 0.5,
            "stock": 0,
            "eps": 1.99
        },
        "2011": {
            "cash": 1.6,
            "stock": 0,
            "eps": 0.64
        },
        "2012": {
            "cash": 0,
            "stock": 0,
            "eps": 1.18
        },
        "2013": {
            "cash": 0.75,
            "stock": 0,
            "eps": 1.84
        },
        "2014": {
            "cash": 0.9,
            "stock": 0.2,
            "eps": 2.27
        },
        "2015": {
            "cash": 1,
            "stock": 0.2,
            "eps": 2.23
        },
        "2016": {
            "cash": 1,
            "stock": 0.1,
            "eps": 2.69
        },
        "2017": {
            "cash": 1.2,
            "stock": 0.3,
            "eps": 2.17
        },
        "2018": {
            "cash": 1.1,
            "stock": 0,
            "eps": 1.63
        },
        "2019": {
            "cash": 1,
            "stock": 0,
            "eps": 1.74
        },
        "2020": {
            "cash": 1,
            "stock": 0,
            "eps": 1.9
        },
        "2021": {
            "cash": 1.1,
            "stock": 0,
            "eps": 1.66
        },
        "2022": {
            "cash": 1,
            "stock": 0,
            "eps": 3.13
        },
        "2023": {
            "cash": 1.5,
            "stock": 0.3,
            "eps": 2.46
        }
    },
    "dividends": {
        "1990-04-12": {
            "cash": 1,
            "stock": 1.8
        },
        "1991-04-12": {
            "cash": 1.7,
            "stock": 1
        },
        "1992-04-21": {
            "cash": 1.4,
            "stock": 1
        },
        "1993-04-01": {
            "cash": 1.5,
            "stock": 1.5
        },
        "1994-04-08": {
            "cash": 1,
            "stock": 1.5
        },
        "1995-04-20": {
            "cash": 0.8,
            "stock": 0.7
        },
        "1996-04-18": {
            "cash": 0.4,
            "stock": 0.8
        },
        "1997-05-08": {
            "cash": 0,
            "stock": 0.6
        },
        "1998-05-08": {
            "cash": 0.5,
            "stock": 0
        },
        "1999-05-14": {
            "cash": 0.4,
            "stock": 0
        },
        "2001-05-31": {
            "cash": 0.1,
            "stock": 0
        },
        "2003-03-24": {
            "cash": 0,
            "stock": 0.7
        },
        "2004-03-22": {
            "cash": 0,
            "stock": 1.2
        },
        "2005-03-28": {
            "cash": 0,
            "stock": 1.1
        },
        "2006-04-17": {
            "cash": 0,
            "stock": 1.1
        },
        "2007-04-23": {
            "cash": 0,
            "stock": 1
        },
        "2008-04-21": {
            "cash": 0,
            "stock": 0.8
        },
        "2010-06-14": {
            "cash": 0.5,
            "stock": 0
        },
        "2011-01-01": {
            "cash": 0.6,
            "stock": 0
        },
        "2011-04-22": {
            "cash": 1,
            "stock": 0
        },
        "2013-03-28": {
            "cash": 0.75,
            "stock": 0
        },
        "2014-08-29": {
            "cash": 0.9,
            "stock": 0.2
        },
        "2015-08-28": {
            "cash": 1,
            "stock": 0.2
        },
        "2016-08-26": {
            "cash": 1,
            "stock": 0.1
        },
        "2017-08-18": {
            "cash": 1.2,
            "stock": 0.3
        },
        "2018-08-06": {
            "cash": 1.1,
            "stock": 0
        },
        "2019-08-15": {
            "cash": 1,
            "stock": 0
        },
        "2020-08-12": {
            "cash": 1,
            "stock": 0
        },
        "2021-09-08": {
            "cash": 1.1,
            "stock": 0
        },
        "2022-08-25": {
            "cash": 1,
            "stock": 0
        },
        "2023-07-21": {
            "cash": 1.5,
            "stock": 0.3
        }
    },
    "prices": {
        "200101": "6.29",
        "200102": "6.18",
        "200103": "6.17",
        "200104": "5.90",
        "200105": "4.83",
        "200106": "4.48",
        "200107": "4.25",
        "200108": "4.86",
        "200109": "6.26",
        "200110": "6.26",
        "200111": "5.63",
        "200112": "5.73",
        "200201": "5.81",
        "200202": "6.32",
        "200203": "7.85",
        "200204": "8.06",
        "200205": "6.55",
        "200206": "7.94",
        "200207": "9.48",
        "200208": "8.42",
        "200209": "8.40",
        "200210": "7.15",
        "200211": "7.97",
        "200212": "8.93",
        "200301": "10.62",
        "200302": "9.71",
        "200303": "8.74",
        "200304": "9.22",
        "200305": "8.10",
        "200306": "9.19",
        "200307": "9.74",
        "200308": "9.82",
        "200309": "10.77",
        "200310": "12.65",
        "200311": "13.76",
        "200312": "13.41",
        "200401": "14.38",
        "200402": "15.36",
        "200403": "15.04",
        "200404": "14.21",
        "200405": "12.03",
        "200406": "11.87",
        "200407": "11.58",
        "200408": "10.50",
        "200409": "12.52",
        "200410": "12.50",
        "200411": "11.96",
        "200412": "12.20",
        "200501": "12.69",
        "200502": "12.35",
        "200503": "12.72",
        "200504": "12.04",
        "200505": "11.45",
        "200506": "11.73",
        "200507": "11.57",
        "200508": "11.02",
        "200509": "11.29",
        "200510": "10.42",
        "200511": "10.18",
        "200512": "10.23",
        "200601": "10.46",
        "200602": "10.24",
        "200603": "10.00",
        "200604": "10.61",
        "200605": "11.69",
        "200606": "10.90",
        "200607": "10.74",
        "200608": "10.15",
        "200609": "10.50",
        "200610": "12.50",
        "200611": "12.77",
        "200612": "13.64",
        "200701": "12.68",
        "200702": "12.58",
        "200703": "12.35",
        "200704": "13.10",
        "200705": "12.84",
        "200706": "13.37",
        "200707": "17.93",
        "200708": "15.84",
        "200709": "16.20",
        "200710": "16.57",
        "200711": "14.73",
        "200712": "12.78",
        "200801": "12.67",
        "200802": "14.63",
        "200803": "18.58",
        "200804": "22.90",
        "200805": "20.96",
        "200806": "21.97",
        "200807": "27.12",
        "200808": "20.01",
        "200809": "17.27",
        "200810": "16.03",
        "200811": "14.11",
        "200812": "13.17",
        "200901": "12.49",
        "200902": "12.02",
        "200903": "12.55",
        "200904": "14.04",
        "200905": "15.08",
        "200906": "15.32",
        "200907": "15.12",
        "200908": "15.85",
        "200909": "15.70",
        "200910": "16.77",
        "200911": "17.04",
        "200912": "17.09",
        "201001": "17.70",
        "201002": "15.56",
        "201003": "15.90",
        "201004": "16.18",
        "201005": "14.32",
        "201006": "14.01",
        "201007": "14.50",
        "201008": "15.76",
        "201009": "16.72",
        "201010": "19.97",
        "201011": "18.81",
        "201012": "18.44",
        "201101": "19.08",
        "201102": "18.16",
        "201103": "18.24",
        "201104": "19.38",
        "201105": "18.21",
        "201106": "18.11",
        "201107": "18.40",
        "201108": "16.05",
        "201109": "14.79",
        "201110": "14.84",
        "201111": "14.70",
        "201112": "13.57",
        "201201": "13.22",
        "201202": "14.81",
        "201203": "15.08",
        "201204": "13.74",
        "201205": "13.58",
        "201206": "12.97",
        "201207": "13.17",
        "201208": "13.37",
        "201209": "14.38",
        "201210": "14.39",
        "201211": "14.30",
        "201212": "15.84",
        "201301": "16.86",
        "201302": "17.20",
        "201303": "17.93",
        "201304": "17.54",
        "201305": "18.20",
        "201306": "17.53",
        "201307": "17.15",
        "201308": "18.68",
        "201309": "23.43",
        "201310": "26.97",
        "201311": "25.82",
        "201312": "29.60",
        "201401": "29.09",
        "201402": "29.77",
        "201403": "29.89",
        "201404": "30.26",
        "201405": "28.93",
        "201406": "28.71",
        "201407": "28.60",
        "201408": "29.32",
        "201409": "27.91",
        "201410": "26.59",
        "201411": "26.87",
        "201412": "26.06",
        "201501": "26.72",
        "201502": "26.72",
        "201503": "28.80",
        "201504": "29.97",
        "201505": "29.80",
        "201506": "28.28",
        "201507": "25.54",
        "201508": "22.24",
        "201509": "21.91",
        "201510": "22.00",
        "201511": "22.97",
        "201512": "22.91",
        "201601": "20.75",
        "201602": "20.86",
        "201603": "21.57",
        "201604": "21.56",
        "201605": "20.13",
        "201606": "20.75",
        "201607": "21.69",
        "201608": "23.48",
        "201609": "24.15",
        "201610": "25.12",
        "201611": "24.12",
        "201612": "24.62",
        "201701": "24.55",
        "201702": "25.64",
        "201703": "26.52",
        "201704": "26.25",
        "201705": "25.88",
        "201706": "25.02",
        "201707": "23.74",
        "201708": "22.59",
        "201709": "23.25",
        "201710": "23.47",
        "201711": "23.24",
        "201712": "22.84",
        "201801": "22.99",
        "201802": "22.30",
        "201803": "22.19",
        "201804": "22.09",
        "201805": "21.66",
        "201806": "20.98",
        "201807": "19.66",
        "201808": "20.08",
        "201809": "20.27",
        "201810": "19.40",
        "201811": "19.12",
        "201812": "19.03",
        "201901": "18.95",
        "201902": "19.33",
        "201903": "19.78",
        "201904": "19.86",
        "201905": "19.55",
        "201906": "19.67",
        "201907": "19.46",
        "201908": "18.78",
        "201909": "18.82",
        "201910": "18.79",
        "201911": "18.83",
        "201912": "19.12",
        "202001": "19.05",
        "202002": "18.06",
        "202003": "16.04",
        "202004": "16.88",
        "202005": "17.61",
        "202006": "17.97",
        "202007": "17.69",
        "202008": "18.10",
        "202009": "19.73",
        "202010": "20.11",
        "202011": "21.90",
        "202012": "22.72",
        "202101": "22.00",
        "202102": "21.27",
        "202103": "22.07",
        "202104": "25.34",
        "202105": "23.20",
        "202106": "22.95",
        "202107": "23.16",
        "202108": "21.68",
        "202109": "21.20",
        "202110": "20.66",
        "202111": "21.06",
        "202112": "21.51",
        "202201": "21.58",
        "202202": "21.51",
        "202203": "21.18",
        "202204": "20.78",
        "202205": "20.84",
        "202206": "21.89",
        "202207": "22.13",
        "202208": "21.78",
        "202209": "21.59",
        "202210": "20.13",
        "202211": "21.06",
        "202212": "22.38",
        "202301": "22.83",
        "202302": "23.99",
        "202303": "25.04",
        "202304": "26.96",
        "202305": "28.56",
        "202306": "30.22",
        "202307": "29.92",
        "202308": "28.54",
        "202309": "27.08",
        "202310": "25.61",
        "202311": "27.39",
        "202312": "29.53"
    },
    "quarters": {
        "20011": {
            "year_quarter": 20011,
            "year": 2001,
            "quarter": 1,
            "eps": -0.25,
            "eps_growth_year": -600,
            "eps_4q": -0.16,
            "eps_4q_growth_year": -127.71,
            "roe": -1.78,
            "roe_4q": -1.78,
            "gross_profit": 20216,
            "gross_margin": 3.39,
            "gross_margin_4q_avg": 3.39,
            "net_income": -99406,
            "net_income_4q": null,
            "revenue": 595896,
            "revenue_4q": null,
            "common_shares": 3933004,
            "book_valuer_per_share": 14.02,
            "book_valuer_per_share_4q_avg": 14.02,
            "equity": 5513560,
            "current_ratio": 111.1,
            "debt_ratio": 35.63,
            "inventory_turnover_ratio": 1.07,
            "account_receivable_turnover_ratio": null,
            "reinvestment_rate": null,
            "research_to_sale_ratio": null,
            "price_fair": 0,
            "eps_avg_yearly": 0,
            "eps_latest_yearly": 0,
            "eps_growth_yearly": 0
        },
        "20012": {
            "year_quarter": 20012,
            "year": 2001,
            "quarter": 2,
            "eps": 0.23,
            "eps_growth_year": -14.81,
            "eps_4q": -0.23,
            "eps_4q_growth_year": -152.58,
            "roe": 1.62,
            "roe_4q": -0.15999999999999992,
            "gross_profit": -5347,
            "gross_margin": -1,
            "gross_margin_4q_avg": 1.2,
            "net_income": 90109,
            "net_income_4q": null,
            "revenue": 532868,
            "revenue_4q": null,
            "common_shares": 3933004,
            "book_valuer_per_share": 14.2,
            "book_valuer_per_share_4q_avg": 14.11,
            "equity": 5585209,
            "current_ratio": 100.5,
            "debt_ratio": 35.79,
            "inventory_turnover_ratio": 1,
            "account_receivable_turnover_ratio": null,
            "reinvestment_rate": null,
            "research_to_sale_ratio": null,
            "price_fair": 0,
            "eps_avg_yearly": 0,
            "eps_latest_yearly": 0,
            "eps_growth_yearly": 0
        },
        "20013": {
            "year_quarter": 20013,
            "year": 2001,
            "quarter": 3,
            "eps": -0.28,
            "eps_growth_year": null,
            "eps_4q": -0.42,
            "eps_4q_growth_year": -241.2,
            "roe": -1.73,
            "roe_4q": -1.89,
            "gross_profit": 14780,
            "gross_margin": 2.93,
            "gross_margin_4q_avg": 1.77,
            "net_income": -110361,
            "net_income_4q": null,
            "revenue": 503980,
            "revenue_4q": null,
            "common_shares": 3933004,
            "book_valuer_per_share": 18.21,
            "book_valuer_per_share_4q_avg": 15.48,
            "equity": 7160597,
            "current_ratio": 99.22,
            "debt_ratio": 40.34,
            "inventory_turnover_ratio": 0.92,
            "account_receivable_turnover_ratio": null,
            "reinvestment_rate": null,
            "research_to_sale_ratio": null,
            "price_fair": 0,
            "eps_avg_yearly": 0,
            "eps_latest_yearly": 0,
            "eps_growth_yearly": 0
        },
        "20014": {
            "year_quarter": 20014,
            "year": 2001,
            "quarter": 4,
            "eps": -0.13,
            "eps_growth_year": null,
            "eps_4q": -0.47,
            "eps_4q_growth_year": -500.22,
            "roe": -0.62,
            "roe_4q": -2.51,
            "gross_profit": 87843,
            "gross_margin": 12.98,
            "gross_margin_4q_avg": 4.58,
            "net_income": -43443,
            "net_income_4q": null,
            "revenue": 676826,
            "revenue_4q": null,
            "common_shares": 3933004,
            "book_valuer_per_share": 17.72,
            "book_valuer_per_share_4q_avg": 16.04,
            "equity": 6967964,
            "current_ratio": 96.14,
            "debt_ratio": 46.75,
            "inventory_turnover_ratio": 1.11,
            "account_receivable_turnover_ratio": null,
            "reinvestment_rate": null,
            "research_to_sale_ratio": null,
            "price_fair": 0,
            "eps_avg_yearly": 0,
            "eps_latest_yearly": 0,
            "eps_growth_yearly": 0
        },
        "20021": {
            "year_quarter": 20021,
            "year": 2002,
            "quarter": 1,
            "eps": -0.12,
            "eps_growth_year": null,
            "eps_4q": -0.3,
            "eps_4q_growth_year": null,
            "roe": -0.61,
            "roe_4q": -1.3399999999999999,
            "gross_profit": 79436,
            "gross_margin": 13.91,
            "gross_margin_4q_avg": 7.21,
            "net_income": -42412,
            "net_income_4q": null,
            "revenue": 571104,
            "revenue_4q": null,
            "common_shares": 3580004,
            "book_valuer_per_share": 19.66,
            "book_valuer_per_share_4q_avg": 17.45,
            "equity": 7039283,
            "current_ratio": 78.75,
            "debt_ratio": 42.07,
            "inventory_turnover_ratio": 0.96,
            "account_receivable_turnover_ratio": null,
            "reinvestment_rate": null,
            "research_to_sale_ratio": null,
            "price_fair": 0,
            "eps_avg_yearly": 0,
            "eps_latest_yearly": 0,
            "eps_growth_yearly": 0
        },
        "20022": {
            "year_quarter": 20022,
            "year": 2002,
            "quarter": 2,
            "eps": 0.6,
            "eps_growth_year": 160.87,
            "eps_4q": 0.05,
            "eps_4q_growth_year": null,
            "roe": 3,
            "roe_4q": 0.040000000000000036,
            "gross_profit": 94721,
            "gross_margin": 14.52,
            "gross_margin_4q_avg": 11.09,
            "net_income": 214943,
            "net_income_4q": null,
            "revenue": 652328,
            "revenue_4q": null,
            "common_shares": 3580004,
            "book_valuer_per_share": 20.37,
            "book_valuer_per_share_4q_avg": 18.99,
            "equity": 7292451,
            "current_ratio": 81.42,
            "debt_ratio": 41.21,
            "inventory_turnover_ratio": 1.17,
            "account_receivable_turnover_ratio": null,
            "reinvestment_rate": null,
            "research_to_sale_ratio": null,
            "price_fair": 0,
            "eps_avg_yearly": 0,
            "eps_latest_yearly": 0,
            "eps_growth_yearly": 0
        },
        "20023": {
            "year_quarter": 20023,
            "year": 2002,
            "quarter": 3,
            "eps": -0.13,
            "eps_growth_year": null,
            "eps_4q": 0.23,
            "eps_4q_growth_year": null,
            "roe": -0.64,
            "roe_4q": 1.13,
            "gross_profit": 71090,
            "gross_margin": 10.96,
            "gross_margin_4q_avg": 13.09,
            "net_income": -46089,
            "net_income_4q": null,
            "revenue": 648875,
            "revenue_4q": null,
            "common_shares": 3580004,
            "book_valuer_per_share": 20.02,
            "book_valuer_per_share_4q_avg": 19.44,
            "equity": 7166967,
            "current_ratio": 93.44,
            "debt_ratio": 41.66,
            "inventory_turnover_ratio": 1.28,
            "account_receivable_turnover_ratio": null,
            "reinvestment_rate": null,
            "research_to_sale_ratio": null,
            "price_fair": 0,
            "eps_avg_yearly": 0,
            "eps_latest_yearly": 0,
            "eps_growth_yearly": 0
        },
        "20024": {
            "year_quarter": 20024,
            "year": 2002,
            "quarter": 4,
            "eps": -0.17,
            "eps_growth_year": null,
            "eps_4q": 0.14,
            "eps_4q_growth_year": null,
            "roe": -0.84,
            "roe_4q": 0.91,
            "gross_profit": 67727,
            "gross_margin": 8.9,
            "gross_margin_4q_avg": 12.07,
            "net_income": -61180,
            "net_income_4q": null,
            "revenue": 760972,
            "revenue_4q": null,
            "common_shares": 3469004,
            "book_valuer_per_share": 20.47,
            "book_valuer_per_share_4q_avg": 20.13,
            "equity": 7422972,
            "current_ratio": 147.09,
            "debt_ratio": 42.89,
            "inventory_turnover_ratio": 1.42,
            "account_receivable_turnover_ratio": null,
            "reinvestment_rate": 1286.15,
            "research_to_sale_ratio": null,
            "price_fair": 0,
            "eps_avg_yearly": 0,
            "eps_latest_yearly": 0,
            "eps_growth_yearly": 0
        },
        "20031": {
            "year_quarter": 20031,
            "year": 2003,
            "quarter": 1,
            "eps": -0.03,
            "eps_growth_year": null,
            "eps_4q": 0.33,
            "eps_4q_growth_year": null,
            "roe": -0.12,
            "roe_4q": 1.4,
            "gross_profit": 51364,
            "gross_margin": 8.32,
            "gross_margin_4q_avg": 10.68,
            "net_income": -8857,
            "net_income_4q": null,
            "revenue": 617205,
            "revenue_4q": null,
            "common_shares": 3469004,
            "book_valuer_per_share": 20.42,
            "book_valuer_per_share_4q_avg": 20.32,
            "equity": 7083431,
            "current_ratio": 140.83,
            "debt_ratio": 41.13,
            "inventory_turnover_ratio": 1.18,
            "account_receivable_turnover_ratio": null,
            "reinvestment_rate": 1767.25,
            "research_to_sale_ratio": null,
            "price_fair": 0,
            "eps_avg_yearly": 0,
            "eps_latest_yearly": 0,
            "eps_growth_yearly": 0
        },
        "20032": {
            "year_quarter": 20032,
            "year": 2003,
            "quarter": 2,
            "eps": 0.98,
            "eps_growth_year": 63.33,
            "eps_4q": 0.65,
            "eps_4q_growth_year": 1135.8,
            "roe": 4.7,
            "roe_4q": 3.1,
            "gross_profit": 106337,
            "gross_margin": 17.34,
            "gross_margin_4q_avg": 11.38,
            "net_income": 340742,
            "net_income_4q": null,
            "revenue": 613291,
            "revenue_4q": null,
            "common_shares": 3469004,
            "book_valuer_per_share": 21.4,
            "book_valuer_per_share_4q_avg": 20.58,
            "equity": 7423351,
            "current_ratio": 242.65,
            "debt_ratio": 39.97,
            "inventory_turnover_ratio": 1.14,
            "account_receivable_turnover_ratio": null,
            "reinvestment_rate": 940.18,
            "research_to_sale_ratio": null,
            "price_fair": 0,
            "eps_avg_yearly": 0,
            "eps_latest_yearly": 0,
            "eps_growth_yearly": 0
        },
        "20033": {
            "year_quarter": 20033,
            "year": 2003,
            "quarter": 3,
            "eps": 0.56,
            "eps_growth_year": null,
            "eps_4q": 1.28,
            "eps_4q_growth_year": 454.05,
            "roe": 2.78,
            "roe_4q": 6.5200000000000005,
            "gross_profit": 107166,
            "gross_margin": 13.75,
            "gross_margin_4q_avg": 12.08,
            "net_income": 209238,
            "net_income_4q": null,
            "revenue": 779564,
            "revenue_4q": null,
            "common_shares": 3711834,
            "book_valuer_per_share": 20.54,
            "book_valuer_per_share_4q_avg": 20.71,
            "equity": 7623325,
            "current_ratio": 183.8,
            "debt_ratio": 39.24,
            "inventory_turnover_ratio": 1.49,
            "account_receivable_turnover_ratio": null,
            "reinvestment_rate": 612.25,
            "research_to_sale_ratio": null,
            "price_fair": 6.72,
            "eps_avg_yearly": 2.24,
            "eps_latest_yearly": 2.24,
            "eps_growth_yearly": -171.43
        },
        "20034": {
            "year_quarter": 20034,
            "year": 2003,
            "quarter": 4,
            "eps": 0.01,
            "eps_growth_year": null,
            "eps_4q": 1.42,
            "eps_4q_growth_year": 908.59,
            "roe": 0.03,
            "roe_4q": 7.39,
            "gross_profit": 143314,
            "gross_margin": 16.22,
            "gross_margin_4q_avg": 13.91,
            "net_income": 2342,
            "net_income_4q": null,
            "revenue": 883427,
            "revenue_4q": null,
            "common_shares": 3711834,
            "book_valuer_per_share": 20.49,
            "book_valuer_per_share_4q_avg": 20.71,
            "equity": 7923617,
            "current_ratio": 161.49,
            "debt_ratio": 40.79,
            "inventory_turnover_ratio": 1.58,
            "account_receivable_turnover_ratio": null,
            "reinvestment_rate": 670.71,
            "research_to_sale_ratio": null,
            "price_fair": 3.42,
            "eps_avg_yearly": 1.14,
            "eps_latest_yearly": 0.04,
            "eps_growth_yearly": -282.14
        },
        "20041": {
            "year_quarter": 20041,
            "year": 2004,
            "quarter": 1,
            "eps": 0.17,
            "eps_growth_year": null,
            "eps_4q": 1.65,
            "eps_4q_growth_year": 393.86,
            "roe": 0.81,
            "roe_4q": 8.32,
            "gross_profit": 131696,
            "gross_margin": 17.12,
            "gross_margin_4q_avg": 16.11,
            "net_income": 63315,
            "net_income_4q": null,
            "revenue": 769454,
            "revenue_4q": null,
            "common_shares": 3711834,
            "book_valuer_per_share": 20.64,
            "book_valuer_per_share_4q_avg": 20.77,
            "equity": 7662683,
            "current_ratio": 129.26,
            "debt_ratio": 38.87,
            "inventory_turnover_ratio": 1.48,
            "account_receivable_turnover_ratio": null,
            "reinvestment_rate": 588.47,
            "research_to_sale_ratio": null,
            "price_fair": 34.53,
            "eps_avg_yearly": 0.99,
            "eps_latest_yearly": 0.68,
            "eps_growth_yearly": 1945.24
        },
        "20042": {
            "year_quarter": 20042,
            "year": 2004,
            "quarter": 2,
            "eps": 0.89,
            "eps_growth_year": -9.18,
            "eps_4q": 1.55,
            "eps_4q_growth_year": 139.76,
            "roe": 4.75,
            "roe_4q": 8.370000000000001,
            "gross_profit": 156727,
            "gross_margin": 17.68,
            "gross_margin_4q_avg": 16.19,
            "net_income": 371311,
            "net_income_4q": null,
            "revenue": 886497,
            "revenue_4q": null,
            "common_shares": 3711834,
            "book_valuer_per_share": 21.5,
            "book_valuer_per_share_4q_avg": 20.79,
            "equity": 7981980,
            "current_ratio": 154.09,
            "debt_ratio": 37.66,
            "inventory_turnover_ratio": 1.9,
            "account_receivable_turnover_ratio": null,
            "reinvestment_rate": 403.2,
            "research_to_sale_ratio": null,
            "price_fair": 57.05,
            "eps_avg_yearly": 1.63,
            "eps_latest_yearly": 3.56,
            "eps_growth_yearly": 1882.46
        },
        "20043": {
            "year_quarter": 20043,
            "year": 2004,
            "quarter": 3,
            "eps": 0.22,
            "eps_growth_year": -60.71,
            "eps_4q": 1.28,
            "eps_4q_growth_year": -0.26,
            "roe": 1.13,
            "roe_4q": 6.72,
            "gross_profit": 130268,
            "gross_margin": 15.94,
            "gross_margin_4q_avg": 16.74,
            "net_income": 90588,
            "net_income_4q": null,
            "revenue": 817416,
            "revenue_4q": null,
            "common_shares": 4157255,
            "book_valuer_per_share": 19.44,
            "book_valuer_per_share_4q_avg": 20.52,
            "equity": 8080992,
            "current_ratio": 152.32,
            "debt_ratio": 37.46,
            "inventory_turnover_ratio": 1.51,
            "account_receivable_turnover_ratio": null,
            "reinvestment_rate": 350.44,
            "research_to_sale_ratio": null,
            "price_fair": 51.8,
            "eps_avg_yearly": 1.48,
            "eps_latest_yearly": 0.88,
            "eps_growth_yearly": 1445.74
        },
        "20044": {
            "year_quarter": 20044,
            "year": 2004,
            "quarter": 4,
            "eps": 0.06,
            "eps_growth_year": 500,
            "eps_4q": 1.31,
            "eps_4q_growth_year": -7.98,
            "roe": 0.31,
            "roe_4q": 7,
            "gross_profit": 180681,
            "gross_margin": 18.66,
            "gross_margin_4q_avg": 17.35,
            "net_income": 25285,
            "net_income_4q": null,
            "revenue": 968304,
            "revenue_4q": null,
            "common_shares": 4157255,
            "book_valuer_per_share": 19.42,
            "book_valuer_per_share_4q_avg": 20.25,
            "equity": 8429561,
            "current_ratio": 161.23,
            "debt_ratio": 41.6,
            "inventory_turnover_ratio": 1.48,
            "account_receivable_turnover_ratio": null,
            "reinvestment_rate": 328.56,
            "research_to_sale_ratio": null,
            "price_fair": 44.57,
            "eps_avg_yearly": 1.27,
            "eps_latest_yearly": 0.24,
            "eps_growth_yearly": 1156.3
        },
        "20051": {
            "year_quarter": 20051,
            "year": 2005,
            "quarter": 1,
            "eps": 0.48,
            "eps_growth_year": 182.35,
            "eps_4q": 1.66,
            "eps_4q_growth_year": 0.59,
            "roe": 2.26,
            "roe_4q": 8.45,
            "gross_profit": 116410,
            "gross_margin": 14.85,
            "gross_margin_4q_avg": 16.78,
            "net_income": 197726,
            "net_income_4q": null,
            "revenue": 783839,
            "revenue_4q": null,
            "common_shares": 4157255,
            "book_valuer_per_share": 21.77,
            "book_valuer_per_share_4q_avg": 20.53,
            "equity": 9049063,
            "current_ratio": 161.58,
            "debt_ratio": 33.06,
            "inventory_turnover_ratio": 1.23,
            "account_receivable_turnover_ratio": null,
            "reinvestment_rate": 251.99,
            "research_to_sale_ratio": null,
            "price_fair": 47.8,
            "eps_avg_yearly": 1.37,
            "eps_latest_yearly": 1.92,
            "eps_growth_yearly": 1391.11
        },
        "20052": {
            "year_quarter": 20052,
            "year": 2005,
            "quarter": 2,
            "eps": 0.45,
            "eps_growth_year": -49.44,
            "eps_4q": 1.13,
            "eps_4q_growth_year": -27.05,
            "roe": 2.27,
            "roe_4q": 5.969999999999999,
            "gross_profit": 120753,
            "gross_margin": 15.44,
            "gross_margin_4q_avg": 16.22,
            "net_income": 207565,
            "net_income_4q": null,
            "revenue": 782219,
            "revenue_4q": null,
            "common_shares": 4157255,
            "book_valuer_per_share": 22.23,
            "book_valuer_per_share_4q_avg": 20.72,
            "equity": 9243160,
            "current_ratio": 192.26,
            "debt_ratio": 32.02,
            "inventory_turnover_ratio": 1.2,
            "account_receivable_turnover_ratio": null,
            "reinvestment_rate": 240.31,
            "research_to_sale_ratio": null,
            "price_fair": 49.7,
            "eps_avg_yearly": 1.42,
            "eps_latest_yearly": 1.8,
            "eps_growth_yearly": 1214.1
        },
        "20053": {
            "year_quarter": 20053,
            "year": 2005,
            "quarter": 3,
            "eps": 0.12,
            "eps_growth_year": -45.45,
            "eps_4q": 1.04,
            "eps_4q_growth_year": -19.08,
            "roe": 0.6,
            "roe_4q": 5.4399999999999995,
            "gross_profit": 106654,
            "gross_margin": 13.79,
            "gross_margin_4q_avg": 15.69,
            "net_income": 56359,
            "net_income_4q": null,
            "revenue": 773198,
            "revenue_4q": null,
            "common_shares": 4614553,
            "book_valuer_per_share": 20.42,
            "book_valuer_per_share_4q_avg": 20.96,
            "equity": 9422427,
            "current_ratio": 167.91,
            "debt_ratio": 29.97,
            "inventory_turnover_ratio": 1.24,
            "account_receivable_turnover_ratio": null,
            "reinvestment_rate": -31.03,
            "research_to_sale_ratio": null,
            "price_fair": 46.04,
            "eps_avg_yearly": 1.32,
            "eps_latest_yearly": 0.48,
            "eps_growth_yearly": 1046.61
        },
        "20054": {
            "year_quarter": 20054,
            "year": 2005,
            "quarter": 4,
            "eps": 0.27,
            "eps_growth_year": 350,
            "eps_4q": 1.27,
            "eps_4q_growth_year": -2.82,
            "roe": 1.27,
            "roe_4q": 6.4,
            "gross_profit": 127320,
            "gross_margin": 13.85,
            "gross_margin_4q_avg": 14.48,
            "net_income": 124715,
            "net_income_4q": null,
            "revenue": 919007,
            "revenue_4q": null,
            "common_shares": 4586933,
            "book_valuer_per_share": 21,
            "book_valuer_per_share_4q_avg": 21.36,
            "equity": 10277304,
            "current_ratio": 109.53,
            "debt_ratio": 40.49,
            "inventory_turnover_ratio": 1.33,
            "account_receivable_turnover_ratio": null,
            "reinvestment_rate": -8.87,
            "research_to_sale_ratio": null,
            "price_fair": 45.22,
            "eps_avg_yearly": 1.29,
            "eps_latest_yearly": 1.08,
            "eps_growth_yearly": 991.95
        },
        "20061": {
            "year_quarter": 20061,
            "year": 2006,
            "quarter": 1,
            "eps": 0.27,
            "eps_growth_year": -43.75,
            "eps_4q": 1.12,
            "eps_4q_growth_year": -32.84,
            "roe": 1.22,
            "roe_4q": 5.36,
            "gross_profit": 98422,
            "gross_margin": 12.4,
            "gross_margin_4q_avg": 13.87,
            "net_income": 123931,
            "net_income_4q": null,
            "revenue": 793957,
            "revenue_4q": null,
            "common_shares": 4586933,
            "book_valuer_per_share": 21.8,
            "book_valuer_per_share_4q_avg": 21.36,
            "equity": 9997514,
            "current_ratio": 189.91,
            "debt_ratio": 30.14,
            "inventory_turnover_ratio": 1.07,
            "account_receivable_turnover_ratio": null,
            "reinvestment_rate": -127.76,
            "research_to_sale_ratio": null,
            "price_fair": 44.55,
            "eps_avg_yearly": 1.27,
            "eps_latest_yearly": 1.08,
            "eps_growth_yearly": 901.77
        },
        "20062": {
            "year_quarter": 20062,
            "year": 2006,
            "quarter": 2,
            "eps": 0.57,
            "eps_growth_year": 26.67,
            "eps_4q": 1.17,
            "eps_4q_growth_year": 3.15,
            "roe": 2.88,
            "roe_4q": 5.969999999999999,
            "gross_profit": 94739,
            "gross_margin": 12.81,
            "gross_margin_4q_avg": 13.21,
            "net_income": 291950,
            "net_income_4q": null,
            "revenue": 739476,
            "revenue_4q": null,
            "common_shares": 4586933,
            "book_valuer_per_share": 22.44,
            "book_valuer_per_share_4q_avg": 21.42,
            "equity": 10291732,
            "current_ratio": 322.03,
            "debt_ratio": 29.56,
            "inventory_turnover_ratio": 1.05,
            "account_receivable_turnover_ratio": null,
            "reinvestment_rate": -121.97,
            "research_to_sale_ratio": null,
            "price_fair": 47.48,
            "eps_avg_yearly": 1.36,
            "eps_latest_yearly": 2.28,
            "eps_growth_yearly": 863.66
        },
        "20063": {
            "year_quarter": 20063,
            "year": 2006,
            "quarter": 3,
            "eps": 0,
            "eps_growth_year": -100,
            "eps_4q": 1.06,
            "eps_4q_growth_year": 1.99,
            "roe": -0.02,
            "roe_4q": 5.35,
            "gross_profit": 91465,
            "gross_margin": 12.02,
            "gross_margin_4q_avg": 12.77,
            "net_income": -2236,
            "net_income_4q": null,
            "revenue": 760789,
            "revenue_4q": null,
            "common_shares": 5091495,
            "book_valuer_per_share": 20.25,
            "book_valuer_per_share_4q_avg": 21.37,
            "equity": 10311104,
            "current_ratio": 123.24,
            "debt_ratio": 29.48,
            "inventory_turnover_ratio": 1.08,
            "account_receivable_turnover_ratio": null,
            "reinvestment_rate": -117.63,
            "research_to_sale_ratio": null,
            "price_fair": 47.48,
            "eps_avg_yearly": 1.36,
            "eps_latest_yearly": 2.28,
            "eps_growth_yearly": 863.66
        },
        "20064": {
            "year_quarter": 20064,
            "year": 2006,
            "quarter": 4,
            "eps": 0.43,
            "eps_growth_year": 59.26,
            "eps_4q": 1.23,
            "eps_4q_growth_year": -2.81,
            "roe": 2.04,
            "roe_4q": 6.12,
            "gross_profit": 126359,
            "gross_margin": 14.04,
            "gross_margin_4q_avg": 12.82,
            "net_income": 221282,
            "net_income_4q": null,
            "revenue": 899780,
            "revenue_4q": null,
            "common_shares": 5083265,
            "book_valuer_per_share": 21.03,
            "book_valuer_per_share_4q_avg": 21.38,
            "equity": 11377507,
            "current_ratio": 165.7,
            "debt_ratio": 37.09,
            "inventory_turnover_ratio": 1.16,
            "account_receivable_turnover_ratio": null,
            "reinvestment_rate": -6.68,
            "research_to_sale_ratio": null,
            "price_fair": 47.48,
            "eps_avg_yearly": 1.36,
            "eps_latest_yearly": 2.28,
            "eps_growth_yearly": 863.66
        },
        "20071": {
            "year_quarter": 20071,
            "year": 2007,
            "quarter": 1,
            "eps": -0.13,
            "eps_growth_year": -148.15,
            "eps_4q": 0.9,
            "eps_4q_growth_year": -19.44,
            "roe": -0.58,
            "roe_4q": 4.32,
            "gross_profit": 89008,
            "gross_margin": 12.2,
            "gross_margin_4q_avg": 12.77,
            "net_income": -64517,
            "net_income_4q": null,
            "revenue": 729498,
            "revenue_4q": null,
            "common_shares": 5083265,
            "book_valuer_per_share": 21.04,
            "book_valuer_per_share_4q_avg": 21.19,
            "equity": 10694116,
            "current_ratio": 190.75,
            "debt_ratio": 27.33,
            "inventory_turnover_ratio": 1.04,
            "account_receivable_turnover_ratio": null,
            "reinvestment_rate": -103.91,
            "research_to_sale_ratio": null,
            "price_fair": 47.48,
            "eps_avg_yearly": 1.36,
            "eps_latest_yearly": 2.28,
            "eps_growth_yearly": 863.66
        },
        "20072": {
            "year_quarter": 20072,
            "year": 2007,
            "quarter": 2,
            "eps": 0.25,
            "eps_growth_year": -56.14,
            "eps_4q": 0.52,
            "eps_4q_growth_year": -55.19,
            "roe": 1.31,
            "roe_4q": 2.75,
            "gross_profit": 60867,
            "gross_margin": 8.98,
            "gross_margin_4q_avg": 11.81,
            "net_income": 141881,
            "net_income_4q": null,
            "revenue": 677555,
            "revenue_4q": null,
            "common_shares": 5083265,
            "book_valuer_per_share": 21.61,
            "book_valuer_per_share_4q_avg": 20.98,
            "equity": 10982533,
            "current_ratio": 213.51,
            "debt_ratio": 26.81,
            "inventory_turnover_ratio": 1.1,
            "account_receivable_turnover_ratio": null,
            "reinvestment_rate": -113.1,
            "research_to_sale_ratio": null,
            "price_fair": 47.48,
            "eps_avg_yearly": 1.36,
            "eps_latest_yearly": 2.28,
            "eps_growth_yearly": 863.66
        },
        "20073": {
            "year_quarter": 20073,
            "year": 2007,
            "quarter": 3,
            "eps": 0.03,
            "eps_growth_year": null,
            "eps_4q": 0.5,
            "eps_4q_growth_year": -52.69,
            "roe": 0.17,
            "roe_4q": 2.94,
            "gross_profit": 39641,
            "gross_margin": 6.49,
            "gross_margin_4q_avg": 10.43,
            "net_income": 19054,
            "net_income_4q": null,
            "revenue": 611227,
            "revenue_4q": null,
            "common_shares": 5591592,
            "book_valuer_per_share": 19.64,
            "book_valuer_per_share_4q_avg": 20.83,
            "equity": 10979864,
            "current_ratio": 129.03,
            "debt_ratio": 31.32,
            "inventory_turnover_ratio": 0.93,
            "account_receivable_turnover_ratio": null,
            "reinvestment_rate": -123.26,
            "research_to_sale_ratio": null,
            "price_fair": 41.3,
            "eps_avg_yearly": 1.18,
            "eps_latest_yearly": 0.12,
            "eps_growth_yearly": 848.61
        },
        "20074": {
            "year_quarter": 20074,
            "year": 2007,
            "quarter": 4,
            "eps": 0.55,
            "eps_growth_year": 27.91,
            "eps_4q": 0.72,
            "eps_4q_growth_year": -41.39,
            "roe": 2.65,
            "roe_4q": 3.55,
            "gross_profit": 65136,
            "gross_margin": 8.51,
            "gross_margin_4q_avg": 9.05,
            "net_income": 306245,
            "net_income_4q": null,
            "revenue": 765690,
            "revenue_4q": null,
            "common_shares": 5591592,
            "book_valuer_per_share": 20.31,
            "book_valuer_per_share_4q_avg": 20.65,
            "equity": 12107428,
            "current_ratio": 159.41,
            "debt_ratio": 36.71,
            "inventory_turnover_ratio": 1.01,
            "account_receivable_turnover_ratio": null,
            "reinvestment_rate": -3.14,
            "research_to_sale_ratio": null,
            "price_fair": 47.6,
            "eps_avg_yearly": 1.36,
            "eps_latest_yearly": 2.2,
            "eps_growth_yearly": 1459.13
        },
        "20081": {
            "year_quarter": 20081,
            "year": 2008,
            "quarter": 1,
            "eps": 0.33,
            "eps_growth_year": null,
            "eps_4q": 1.11,
            "eps_4q_growth_year": 23.58,
            "roe": 1.58,
            "roe_4q": 5.710000000000001,
            "gross_profit": 215625,
            "gross_margin": 10.72,
            "gross_margin_4q_avg": 8.68,
            "net_income": 193808,
            "net_income_4q": null,
            "revenue": 2010755,
            "revenue_4q": null,
            "common_shares": 5591592,
            "book_valuer_per_share": 20.77,
            "book_valuer_per_share_4q_avg": 20.58,
            "equity": 12361770,
            "current_ratio": 176.61,
            "debt_ratio": 37.12,
            "inventory_turnover_ratio": 2.32,
            "account_receivable_turnover_ratio": null,
            "reinvestment_rate": 28.34,
            "research_to_sale_ratio": null,
            "price_fair": 49.47,
            "eps_avg_yearly": 1.41,
            "eps_latest_yearly": 1.32,
            "eps_growth_yearly": 912.46
        },
        "20082": {
            "year_quarter": 20082,
            "year": 2008,
            "quarter": 2,
            "eps": 0.09,
            "eps_growth_year": -64,
            "eps_4q": 1,
            "eps_4q_growth_year": 90.75,
            "roe": 0.41,
            "roe_4q": 4.81,
            "gross_profit": 152742,
            "gross_margin": 7.01,
            "gross_margin_4q_avg": 8.18,
            "net_income": 51272,
            "net_income_4q": null,
            "revenue": 2177632,
            "revenue_4q": null,
            "common_shares": 5591592,
            "book_valuer_per_share": 21.07,
            "book_valuer_per_share_4q_avg": 20.45,
            "equity": 12516128,
            "current_ratio": 157.21,
            "debt_ratio": 39.35,
            "inventory_turnover_ratio": 2.22,
            "account_receivable_turnover_ratio": null,
            "reinvestment_rate": 49.59,
            "research_to_sale_ratio": null,
            "price_fair": 40.13,
            "eps_avg_yearly": 1.15,
            "eps_latest_yearly": 0.36,
            "eps_growth_yearly": 747.04
        },
        "20083": {
            "year_quarter": 20083,
            "year": 2008,
            "quarter": 3,
            "eps": -0.18,
            "eps_growth_year": -700,
            "eps_4q": 0.73,
            "eps_4q_growth_year": 45.57,
            "roe": -0.92,
            "roe_4q": 3.7199999999999998,
            "gross_profit": 29387,
            "gross_margin": 1.39,
            "gross_margin_4q_avg": 6.91,
            "net_income": -114124,
            "net_income_4q": null,
            "revenue": 2108859,
            "revenue_4q": null,
            "common_shares": 6038919,
            "book_valuer_per_share": 18.97,
            "book_valuer_per_share_4q_avg": 20.28,
            "equity": 12193275,
            "current_ratio": 131.26,
            "debt_ratio": 39.97,
            "inventory_turnover_ratio": 1.96,
            "account_receivable_turnover_ratio": null,
            "reinvestment_rate": 79.48,
            "research_to_sale_ratio": null,
            "price_fair": 40.98,
            "eps_avg_yearly": 1.17,
            "eps_latest_yearly": 0.36,
            "eps_growth_yearly": 842.33
        },
        "20084": {
            "year_quarter": 20084,
            "year": 2008,
            "quarter": 4,
            "eps": -0.13,
            "eps_growth_year": -123.64,
            "eps_4q": 0.1,
            "eps_4q_growth_year": -86.49,
            "roe": -0.64,
            "roe_4q": 0.42999999999999994,
            "gross_profit": 29595,
            "gross_margin": 1.33,
            "gross_margin_4q_avg": 5.11,
            "net_income": -78066,
            "net_income_4q": null,
            "revenue": 2231890,
            "revenue_4q": null,
            "common_shares": 6038919,
            "book_valuer_per_share": 19.06,
            "book_valuer_per_share_4q_avg": 19.97,
            "equity": 12249088,
            "current_ratio": 106.12,
            "debt_ratio": 40.8,
            "inventory_turnover_ratio": 2.25,
            "account_receivable_turnover_ratio": 2.07,
            "reinvestment_rate": 55.78,
            "research_to_sale_ratio": null,
            "price_fair": 44.24,
            "eps_avg_yearly": 1.26,
            "eps_latest_yearly": 0.36,
            "eps_growth_yearly": 955.65
        },
        "20091": {
            "year_quarter": 20091,
            "year": 2009,
            "quarter": 1,
            "eps": -0.09,
            "eps_growth_year": -127.27,
            "eps_4q": -0.31,
            "eps_4q_growth_year": -127.54,
            "roe": -0.53,
            "roe_4q": -1.68,
            "gross_profit": 24935,
            "gross_margin": 1.67,
            "gross_margin_4q_avg": 2.85,
            "net_income": -63218,
            "net_income_4q": null,
            "revenue": 1491771,
            "revenue_4q": null,
            "common_shares": 6038919,
            "book_valuer_per_share": 19.17,
            "book_valuer_per_share_4q_avg": 19.57,
            "equity": 11803591,
            "current_ratio": 94.13,
            "debt_ratio": 40.9,
            "inventory_turnover_ratio": 1.68,
            "account_receivable_turnover_ratio": 0.86,
            "reinvestment_rate": 105.36,
            "research_to_sale_ratio": null,
            "price_fair": 41.69,
            "eps_avg_yearly": 1.19,
            "eps_latest_yearly": 0.36,
            "eps_growth_yearly": 750.73
        },
        "20092": {
            "year_quarter": 20092,
            "year": 2009,
            "quarter": 2,
            "eps": 0.54,
            "eps_growth_year": 500,
            "eps_4q": 0.14,
            "eps_4q_growth_year": -85.73,
            "roe": 2.72,
            "roe_4q": 0.6300000000000002,
            "gross_profit": 167663,
            "gross_margin": 10.42,
            "gross_margin_4q_avg": 3.7,
            "net_income": 327946,
            "net_income_4q": null,
            "revenue": 1608659,
            "revenue_4q": null,
            "common_shares": 6038919,
            "book_valuer_per_share": 20.08,
            "book_valuer_per_share_4q_avg": 19.32,
            "equity": 12342210,
            "current_ratio": 120.92,
            "debt_ratio": 38.46,
            "inventory_turnover_ratio": 1.81,
            "account_receivable_turnover_ratio": 1.21,
            "reinvestment_rate": 89.18,
            "research_to_sale_ratio": null,
            "price_fair": 39.03,
            "eps_avg_yearly": 1.12,
            "eps_latest_yearly": 0.36,
            "eps_growth_yearly": 847.69
        },
        "20093": {
            "year_quarter": 20093,
            "year": 2009,
            "quarter": 3,
            "eps": -0.08,
            "eps_growth_year": null,
            "eps_4q": 0.25,
            "eps_4q_growth_year": -65.96,
            "roe": -0.38,
            "roe_4q": 1.1700000000000004,
            "gross_profit": 89973,
            "gross_margin": 5.71,
            "gross_margin_4q_avg": 4.78,
            "net_income": -46780,
            "net_income_4q": null,
            "revenue": 1574606,
            "revenue_4q": null,
            "common_shares": 6038919,
            "book_valuer_per_share": 19.96,
            "book_valuer_per_share_4q_avg": 19.57,
            "equity": 12264924,
            "current_ratio": 118.34,
            "debt_ratio": 38.14,
            "inventory_turnover_ratio": 2.07,
            "account_receivable_turnover_ratio": 1.17,
            "reinvestment_rate": 108.36,
            "research_to_sale_ratio": null,
            "price_fair": 42.2,
            "eps_avg_yearly": 1.21,
            "eps_latest_yearly": 0.36,
            "eps_growth_yearly": 1010.7
        },
        "20094": {
            "year_quarter": 20094,
            "year": 2009,
            "quarter": 4,
            "eps": 0.77,
            "eps_growth_year": null,
            "eps_4q": 1.15,
            "eps_4q_growth_year": 1074.95,
            "roe": 3.79,
            "roe_4q": 5.6000000000000005,
            "gross_profit": 189893,
            "gross_margin": 9.62,
            "gross_margin_4q_avg": 6.86,
            "net_income": 471197,
            "net_income_4q": null,
            "revenue": 1973042,
            "revenue_4q": null,
            "common_shares": 6038919,
            "book_valuer_per_share": 20.48,
            "book_valuer_per_share_4q_avg": 19.92,
            "equity": 12583222,
            "current_ratio": 183.27,
            "debt_ratio": 37.57,
            "inventory_turnover_ratio": 2.88,
            "account_receivable_turnover_ratio": 2.68,
            "reinvestment_rate": 413.66,
            "research_to_sale_ratio": null,
            "price_fair": 42.93,
            "eps_avg_yearly": 1.23,
            "eps_latest_yearly": 0.36,
            "eps_growth_yearly": 1095.81
        },
        "20101": {
            "year_quarter": 20101,
            "year": 2010,
            "quarter": 1,
            "eps": -0.18,
            "eps_growth_year": null,
            "eps_4q": 1.06,
            "eps_4q_growth_year": null,
            "roe": -0.88,
            "roe_4q": 5.25,
            "gross_profit": 46004,
            "gross_margin": 3.38,
            "gross_margin_4q_avg": 7.28,
            "net_income": -109503,
            "net_income_4q": null,
            "revenue": 1360971,
            "revenue_4q": null,
            "common_shares": 6038919,
            "book_valuer_per_share": 20.15,
            "book_valuer_per_share_4q_avg": 20.17,
            "equity": 12373734,
            "current_ratio": 199.59,
            "debt_ratio": 35.23,
            "inventory_turnover_ratio": 3.02,
            "account_receivable_turnover_ratio": 1,
            "reinvestment_rate": 633.83,
            "research_to_sale_ratio": 0.28,
            "price_fair": 43.96,
            "eps_avg_yearly": 1.26,
            "eps_latest_yearly": 0.36,
            "eps_growth_yearly": 1314.97
        },
        "20102": {
            "year_quarter": 20102,
            "year": 2010,
            "quarter": 2,
            "eps": 0.86,
            "eps_growth_year": 59.77,
            "eps_4q": 1.38,
            "eps_4q_growth_year": 869.1,
            "roe": 4.21,
            "roe_4q": 6.74,
            "gross_profit": 107985,
            "gross_margin": 16.21,
            "gross_margin_4q_avg": 8.73,
            "net_income": 526937,
            "net_income_4q": null,
            "revenue": 666062,
            "revenue_4q": null,
            "common_shares": 6038919,
            "book_valuer_per_share": 20.6,
            "book_valuer_per_share_4q_avg": 20.3,
            "equity": 12647512,
            "current_ratio": 189.08,
            "debt_ratio": 36.16,
            "inventory_turnover_ratio": 1.97,
            "account_receivable_turnover_ratio": 0.63,
            "reinvestment_rate": 385.85,
            "research_to_sale_ratio": 0.67,
            "price_fair": 35,
            "eps_avg_yearly": 1,
            "eps_latest_yearly": 0.36,
            "eps_growth_yearly": 1532.61
        },
        "20103": {
            "year_quarter": 20103,
            "year": 2010,
            "quarter": 3,
            "eps": 0.96,
            "eps_growth_year": null,
            "eps_4q": 2.42,
            "eps_4q_growth_year": 874.69,
            "roe": 4.63,
            "roe_4q": 11.75,
            "gross_profit": 112611,
            "gross_margin": 10.59,
            "gross_margin_4q_avg": 9.95,
            "net_income": 593222,
            "net_income_4q": null,
            "revenue": 1063780,
            "revenue_4q": null,
            "common_shares": 6038919,
            "book_valuer_per_share": 21.17,
            "book_valuer_per_share_4q_avg": 20.6,
            "equity": 12995864,
            "current_ratio": 322.23,
            "debt_ratio": 27.16,
            "inventory_turnover_ratio": 4.08,
            "account_receivable_turnover_ratio": 1.18,
            "reinvestment_rate": 299.16,
            "research_to_sale_ratio": 0.52,
            "price_fair": 54.88,
            "eps_avg_yearly": 1.57,
            "eps_latest_yearly": 3.84,
            "eps_growth_yearly": 1235.39
        },
        "20104": {
            "year_quarter": 20104,
            "year": 2010,
            "quarter": 4,
            "eps": 0.35,
            "eps_growth_year": -54.23,
            "eps_4q": 1.99,
            "eps_4q_growth_year": 73.72,
            "roe": 1.67,
            "roe_4q": 9.629999999999999,
            "gross_profit": 74955,
            "gross_margin": 6.34,
            "gross_margin_4q_avg": 9.13,
            "net_income": 215184,
            "net_income_4q": null,
            "revenue": 1183090,
            "revenue_4q": null,
            "common_shares": 6038919,
            "book_valuer_per_share": 20.86,
            "book_valuer_per_share_4q_avg": 20.7,
            "equity": 12809792,
            "current_ratio": 283.04,
            "debt_ratio": 26.86,
            "inventory_turnover_ratio": 4.44,
            "account_receivable_turnover_ratio": 1.2,
            "reinvestment_rate": 172.8,
            "research_to_sale_ratio": 0.59,
            "price_fair": 53.9,
            "eps_avg_yearly": 1.54,
            "eps_latest_yearly": 1.4,
            "eps_growth_yearly": 987.13
        },
        "20111": {
            "year_quarter": 20111,
            "year": 2011,
            "quarter": 1,
            "eps": 0.2,
            "eps_growth_year": null,
            "eps_4q": 2.38,
            "eps_4q_growth_year": 125.19,
            "roe": 0.98,
            "roe_4q": 11.489999999999998,
            "gross_profit": 92735,
            "gross_margin": 8.05,
            "gross_margin_4q_avg": 10.3,
            "net_income": 127018,
            "net_income_4q": null,
            "revenue": 1151800,
            "revenue_4q": null,
            "common_shares": 6038919,
            "book_valuer_per_share": 21.37,
            "book_valuer_per_share_4q_avg": 21,
            "equity": 13112411,
            "current_ratio": 239.99,
            "debt_ratio": 25.29,
            "inventory_turnover_ratio": 4.15,
            "account_receivable_turnover_ratio": 1.11,
            "reinvestment_rate": 285.32,
            "research_to_sale_ratio": 0.8,
            "price_fair": 50.2,
            "eps_avg_yearly": 1.43,
            "eps_latest_yearly": 0.8,
            "eps_growth_yearly": 821.62
        },
        "20112": {
            "year_quarter": 20112,
            "year": 2011,
            "quarter": 2,
            "eps": -0.06,
            "eps_growth_year": -106.58,
            "eps_4q": 1.46,
            "eps_4q_growth_year": 6.08,
            "roe": -0.22,
            "roe_4q": 7.06,
            "gross_profit": 105302,
            "gross_margin": 8.94,
            "gross_margin_4q_avg": 8.48,
            "net_income": -28227,
            "net_income_4q": null,
            "revenue": 1178455,
            "revenue_4q": null,
            "common_shares": 6038919,
            "book_valuer_per_share": 20.61,
            "book_valuer_per_share_4q_avg": 21,
            "equity": 12650160,
            "current_ratio": 216.58,
            "debt_ratio": 27.31,
            "inventory_turnover_ratio": 4.35,
            "account_receivable_turnover_ratio": 1.17,
            "reinvestment_rate": 303.01,
            "research_to_sale_ratio": 0.68,
            "price_fair": 50.2,
            "eps_avg_yearly": 1.43,
            "eps_latest_yearly": 0.8,
            "eps_growth_yearly": 821.62
        },
        "20113": {
            "year_quarter": 20113,
            "year": 2011,
            "quarter": 3,
            "eps": 0.28,
            "eps_growth_year": -71.14,
            "eps_4q": 0.78,
            "eps_4q_growth_year": -67.88,
            "roe": 1.36,
            "roe_4q": 3.79,
            "gross_profit": 95922,
            "gross_margin": 8.16,
            "gross_margin_4q_avg": 7.87,
            "net_income": 172067,
            "net_income_4q": null,
            "revenue": 1174998,
            "revenue_4q": null,
            "common_shares": 6038919,
            "book_valuer_per_share": 20.48,
            "book_valuer_per_share_4q_avg": 20.83,
            "equity": 12567123,
            "current_ratio": 256.85,
            "debt_ratio": 21.82,
            "inventory_turnover_ratio": 5.06,
            "account_receivable_turnover_ratio": 1.19,
            "reinvestment_rate": 283.43,
            "research_to_sale_ratio": 0.81,
            "price_fair": 57.87,
            "eps_avg_yearly": 1.65,
            "eps_latest_yearly": 0.8,
            "eps_growth_yearly": 1017.22
        },
        "20114": {
            "year_quarter": 20114,
            "year": 2011,
            "quarter": 4,
            "eps": 0.22,
            "eps_growth_year": -37.01,
            "eps_4q": 0.65,
            "eps_4q_growth_year": -67.64,
            "roe": 0.98,
            "roe_4q": 3.0999999999999996,
            "gross_profit": 54150,
            "gross_margin": 4.54,
            "gross_margin_4q_avg": 7.42,
            "net_income": 125148,
            "net_income_4q": null,
            "revenue": 1191453,
            "revenue_4q": null,
            "common_shares": 6038919,
            "book_valuer_per_share": 21.31,
            "book_valuer_per_share_4q_avg": 20.94,
            "equity": 13060913,
            "current_ratio": 189.58,
            "debt_ratio": 16.84,
            "inventory_turnover_ratio": 5.01,
            "account_receivable_turnover_ratio": 1.21,
            "reinvestment_rate": 214.08,
            "research_to_sale_ratio": 0.71,
            "price_fair": 4.3,
            "eps_avg_yearly": 1.43,
            "eps_latest_yearly": 0.88,
            "eps_growth_yearly": -152.62
        },
        "20121": {
            "year_quarter": 20121,
            "year": 2012,
            "quarter": 1,
            "eps": 0.24,
            "eps_growth_year": 20,
            "eps_4q": 0.68,
            "eps_4q_growth_year": -71.34,
            "roe": 1.11,
            "roe_4q": 3.23,
            "gross_profit": 97232,
            "gross_margin": 8.44,
            "gross_margin_4q_avg": 7.52,
            "net_income": 146032,
            "net_income_4q": null,
            "revenue": 1152461,
            "revenue_4q": null,
            "common_shares": 6038919,
            "book_valuer_per_share": 21.67,
            "book_valuer_per_share_4q_avg": 21.02,
            "equity": 13272545,
            "current_ratio": 204.86,
            "debt_ratio": 16.07,
            "inventory_turnover_ratio": 3.88,
            "account_receivable_turnover_ratio": 1.13,
            "reinvestment_rate": 225.52,
            "research_to_sale_ratio": 0.8,
            "price_fair": 4.12,
            "eps_avg_yearly": 1.37,
            "eps_latest_yearly": 0.96,
            "eps_growth_yearly": -119.89
        },
        "20122": {
            "year_quarter": 20122,
            "year": 2012,
            "quarter": 2,
            "eps": 0.44,
            "eps_growth_year": null,
            "eps_4q": 1.18,
            "eps_4q_growth_year": -19.27,
            "roe": 2.03,
            "roe_4q": 5.4799999999999995,
            "gross_profit": 84893,
            "gross_margin": 7.48,
            "gross_margin_4q_avg": 7.16,
            "net_income": 267386,
            "net_income_4q": null,
            "revenue": 1134356,
            "revenue_4q": null,
            "common_shares": 6038919,
            "book_valuer_per_share": 21.42,
            "book_valuer_per_share_4q_avg": 21.22,
            "equity": 13112141,
            "current_ratio": 168.54,
            "debt_ratio": 18.37,
            "inventory_turnover_ratio": 3.43,
            "account_receivable_turnover_ratio": 1.09,
            "reinvestment_rate": 193.24,
            "research_to_sale_ratio": 0.95,
            "price_fair": 4.82,
            "eps_avg_yearly": 1.61,
            "eps_latest_yearly": 1.76,
            "eps_growth_yearly": -15.85
        },
        "20123": {
            "year_quarter": 20123,
            "year": 2012,
            "quarter": 3,
            "eps": 0.3,
            "eps_growth_year": 6.87,
            "eps_4q": 1.2,
            "eps_4q_growth_year": 54.5,
            "roe": 1.37,
            "roe_4q": 5.49,
            "gross_profit": 101000,
            "gross_margin": 8.47,
            "gross_margin_4q_avg": 7.23,
            "net_income": 180548,
            "net_income_4q": null,
            "revenue": 1192114,
            "revenue_4q": null,
            "common_shares": 6038919,
            "book_valuer_per_share": 21.74,
            "book_valuer_per_share_4q_avg": 21.54,
            "equity": 13305216,
            "current_ratio": 193.17,
            "debt_ratio": 16.15,
            "inventory_turnover_ratio": 3.33,
            "account_receivable_turnover_ratio": 1.13,
            "reinvestment_rate": 165.01,
            "research_to_sale_ratio": 0.87,
            "price_fair": 4.65,
            "eps_avg_yearly": 1.55,
            "eps_latest_yearly": 1.2,
            "eps_growth_yearly": -31.77
        },
        "20124": {
            "year_quarter": 20124,
            "year": 2012,
            "quarter": 4,
            "eps": 0.2,
            "eps_growth_year": -8.82,
            "eps_4q": 1.18,
            "eps_4q_growth_year": 82.7,
            "roe": 0.91,
            "roe_4q": 5.420000000000001,
            "gross_profit": 76418,
            "gross_margin": 5.67,
            "gross_margin_4q_avg": 7.52,
            "net_income": 120968,
            "net_income_4q": null,
            "revenue": 1347403,
            "revenue_4q": null,
            "common_shares": 6038919,
            "book_valuer_per_share": 21.87,
            "book_valuer_per_share_4q_avg": 21.68,
            "equity": 13383232,
            "current_ratio": 188.64,
            "debt_ratio": 16.02,
            "inventory_turnover_ratio": 3.87,
            "account_receivable_turnover_ratio": 1.17,
            "reinvestment_rate": 155.87,
            "research_to_sale_ratio": 0.94,
            "price_fair": 4.37,
            "eps_avg_yearly": 1.46,
            "eps_latest_yearly": 0.8,
            "eps_growth_yearly": -44.46
        },
        "20131": {
            "year_quarter": 20131,
            "year": 2013,
            "quarter": 1,
            "eps": 0.3,
            "eps_growth_year": 25,
            "eps_4q": 1.24,
            "eps_4q_growth_year": 81.7,
            "roe": 1.35,
            "roe_4q": 5.66,
            "gross_profit": 122060,
            "gross_margin": 9.78,
            "gross_margin_4q_avg": 7.85,
            "net_income": 183441,
            "net_income_4q": null,
            "revenue": 1248072,
            "revenue_4q": null,
            "common_shares": 6038919,
            "book_valuer_per_share": 22.44,
            "book_valuer_per_share_4q_avg": 21.87,
            "equity": 13731718,
            "current_ratio": 197.95,
            "debt_ratio": 16.21,
            "inventory_turnover_ratio": 3.81,
            "account_receivable_turnover_ratio": 1.08,
            "reinvestment_rate": 210.4,
            "research_to_sale_ratio": 0.91,
            "price_fair": 4.28,
            "eps_avg_yearly": 1.43,
            "eps_latest_yearly": 1.2,
            "eps_growth_yearly": -17.3
        },
        "20132": {
            "year_quarter": 20132,
            "year": 2013,
            "quarter": 2,
            "eps": 0.56,
            "eps_growth_year": 27.17,
            "eps_4q": 1.35,
            "eps_4q_growth_year": 14.87,
            "roe": 2.47,
            "roe_4q": 6.1000000000000005,
            "gross_profit": 116394,
            "gross_margin": 9.56,
            "gross_margin_4q_avg": 8.37,
            "net_income": 337024,
            "net_income_4q": null,
            "revenue": 1217277,
            "revenue_4q": null,
            "common_shares": 6038919,
            "book_valuer_per_share": 22.21,
            "book_valuer_per_share_4q_avg": 22.07,
            "equity": 13566005,
            "current_ratio": 149.5,
            "debt_ratio": 19.62,
            "inventory_turnover_ratio": 3.91,
            "account_receivable_turnover_ratio": 1.11,
            "reinvestment_rate": 217.09,
            "research_to_sale_ratio": 0.56,
            "price_fair": 43.88,
            "eps_avg_yearly": 1.51,
            "eps_latest_yearly": 2.24,
            "eps_growth_yearly": 19.1
        },
        "20133": {
            "year_quarter": 20133,
            "year": 2013,
            "quarter": 3,
            "eps": 0.39,
            "eps_growth_year": 31.31,
            "eps_4q": 1.45,
            "eps_4q_growth_year": 21.18,
            "roe": 1.75,
            "roe_4q": 6.48,
            "gross_profit": 115748,
            "gross_margin": 8.94,
            "gross_margin_4q_avg": 8.49,
            "net_income": 238532,
            "net_income_4q": null,
            "revenue": 1295292,
            "revenue_4q": null,
            "common_shares": 6038919,
            "book_valuer_per_share": 22.51,
            "book_valuer_per_share_4q_avg": 22.26,
            "equity": 13746849,
            "current_ratio": 152.82,
            "debt_ratio": 18.16,
            "inventory_turnover_ratio": 3.6,
            "account_receivable_turnover_ratio": 1.2,
            "reinvestment_rate": 201.54,
            "research_to_sale_ratio": 0.49,
            "price_fair": 24.69,
            "eps_avg_yearly": 1.51,
            "eps_latest_yearly": 1.56,
            "eps_growth_yearly": 6.32
        },
        "20134": {
            "year_quarter": 20134,
            "year": 2013,
            "quarter": 4,
            "eps": 0.59,
            "eps_growth_year": 193.08,
            "eps_4q": 1.84,
            "eps_4q_growth_year": 56.34,
            "roe": 2.55,
            "roe_4q": 8.12,
            "gross_profit": 107568,
            "gross_margin": 7.1,
            "gross_margin_4q_avg": 8.85,
            "net_income": 359982,
            "net_income_4q": null,
            "revenue": 1515516,
            "revenue_4q": null,
            "common_shares": 6038919,
            "book_valuer_per_share": 23.79,
            "book_valuer_per_share_4q_avg": 22.74,
            "equity": 14539149,
            "current_ratio": 154.73,
            "debt_ratio": 18.08,
            "inventory_turnover_ratio": 4.09,
            "account_receivable_turnover_ratio": 1.29,
            "reinvestment_rate": 25.18,
            "research_to_sale_ratio": 0.69,
            "price_fair": 52.07,
            "eps_avg_yearly": 1.58,
            "eps_latest_yearly": 2.36,
            "eps_growth_yearly": 22.89
        },
        "20141": {
            "year_quarter": 20141,
            "year": 2014,
            "quarter": 1,
            "eps": 0.4,
            "eps_growth_year": 33.33,
            "eps_4q": 1.94,
            "eps_4q_growth_year": 56.49,
            "roe": 1.64,
            "roe_4q": 8.41,
            "gross_profit": 135602,
            "gross_margin": 9.83,
            "gross_margin_4q_avg": 8.86,
            "net_income": 240829,
            "net_income_4q": null,
            "revenue": 1379161,
            "revenue_4q": null,
            "common_shares": 6038919,
            "book_valuer_per_share": 24.4,
            "book_valuer_per_share_4q_avg": 23.23,
            "equity": 14910655,
            "current_ratio": 153.84,
            "debt_ratio": 17.45,
            "inventory_turnover_ratio": 3.85,
            "account_receivable_turnover_ratio": 1.14,
            "reinvestment_rate": 49.58,
            "research_to_sale_ratio": 0.5,
            "price_fair": 33.62,
            "eps_avg_yearly": 1.58,
            "eps_latest_yearly": 1.6,
            "eps_growth_yearly": 11.22
        },
        "20142": {
            "year_quarter": 20142,
            "year": 2014,
            "quarter": 2,
            "eps": 0.73,
            "eps_growth_year": 30.36,
            "eps_4q": 2.08,
            "eps_4q_growth_year": 53.87,
            "roe": 3,
            "roe_4q": 8.94,
            "gross_profit": 115303,
            "gross_margin": 7.92,
            "gross_margin_4q_avg": 8.45,
            "net_income": 445035,
            "net_income_4q": null,
            "revenue": 1456386,
            "revenue_4q": null,
            "common_shares": 6038919,
            "book_valuer_per_share": 24.16,
            "book_valuer_per_share_4q_avg": 23.72,
            "equity": 14753150,
            "current_ratio": 127.74,
            "debt_ratio": 20.36,
            "inventory_turnover_ratio": 4.04,
            "account_receivable_turnover_ratio": 1.21,
            "reinvestment_rate": 133.11,
            "research_to_sale_ratio": 0.54,
            "price_fair": 58.8,
            "eps_avg_yearly": 1.68,
            "eps_latest_yearly": 2.92,
            "eps_growth_yearly": 33.99
        },
        "20143": {
            "year_quarter": 20143,
            "year": 2014,
            "quarter": 3,
            "eps": 0.58,
            "eps_growth_year": 48.72,
            "eps_4q": 2.28,
            "eps_4q_growth_year": 56.94,
            "roe": 2.39,
            "roe_4q": 9.58,
            "gross_profit": 136537,
            "gross_margin": 9.71,
            "gross_margin_4q_avg": 8.64,
            "net_income": 357824,
            "net_income_4q": null,
            "revenue": 1406779,
            "revenue_4q": null,
            "common_shares": 6159697,
            "book_valuer_per_share": 24.37,
            "book_valuer_per_share_4q_avg": 24.18,
            "equity": 15172677,
            "current_ratio": 132.69,
            "debt_ratio": 18.28,
            "inventory_turnover_ratio": 3.79,
            "account_receivable_turnover_ratio": 1.15,
            "reinvestment_rate": 146.62,
            "research_to_sale_ratio": 0.61,
            "price_fair": 54.68,
            "eps_avg_yearly": 1.57,
            "eps_latest_yearly": 2.32,
            "eps_growth_yearly": 24.8
        },
        "20144": {
            "year_quarter": 20144,
            "year": 2014,
            "quarter": 4,
            "eps": 0.56,
            "eps_growth_year": -5.09,
            "eps_4q": 2.26,
            "eps_4q_growth_year": 22.65,
            "roe": 2.2,
            "roe_4q": 9.23,
            "gross_profit": 156904,
            "gross_margin": 9.95,
            "gross_margin_4q_avg": 9.35,
            "net_income": 340767,
            "net_income_4q": null,
            "revenue": 1577578,
            "revenue_4q": null,
            "common_shares": 6159697,
            "book_valuer_per_share": 25.39,
            "book_valuer_per_share_4q_avg": 24.58,
            "equity": 15797970,
            "current_ratio": 128.23,
            "debt_ratio": 18.49,
            "inventory_turnover_ratio": 4.44,
            "account_receivable_turnover_ratio": 1.27,
            "reinvestment_rate": 160.1,
            "research_to_sale_ratio": 0.88,
            "price_fair": 57.1,
            "eps_avg_yearly": 1.63,
            "eps_latest_yearly": 2.24,
            "eps_growth_yearly": 41.97
        },
        "20151": {
            "year_quarter": 20151,
            "year": 2015,
            "quarter": 1,
            "eps": 0.43,
            "eps_growth_year": 7.5,
            "eps_4q": 2.3,
            "eps_4q_growth_year": 18.51,
            "roe": 1.64,
            "roe_4q": 9.23,
            "gross_profit": 110163,
            "gross_margin": 8.3,
            "gross_margin_4q_avg": 8.97,
            "net_income": 261837,
            "net_income_4q": null,
            "revenue": 1327430,
            "revenue_4q": null,
            "common_shares": 6159697,
            "book_valuer_per_share": 25.9,
            "book_valuer_per_share_4q_avg": 24.96,
            "equity": 16105747,
            "current_ratio": 114.8,
            "debt_ratio": 18.29,
            "inventory_turnover_ratio": 3.71,
            "account_receivable_turnover_ratio": 1.12,
            "reinvestment_rate": 152.52,
            "research_to_sale_ratio": 1.01,
            "price_fair": 59.4,
            "eps_avg_yearly": 1.7,
            "eps_latest_yearly": 1.72,
            "eps_growth_yearly": 47.58
        },
        "20152": {
            "year_quarter": 20152,
            "year": 2015,
            "quarter": 2,
            "eps": 0.56,
            "eps_growth_year": -23.29,
            "eps_4q": 2.1,
            "eps_4q_growth_year": 0.85,
            "roe": 2.2,
            "roe_4q": 8.43,
            "gross_profit": 105608,
            "gross_margin": 8.58,
            "gross_margin_4q_avg": 9.14,
            "net_income": 349832,
            "net_income_4q": null,
            "revenue": 1230846,
            "revenue_4q": null,
            "common_shares": 6159697,
            "book_valuer_per_share": 25.36,
            "book_valuer_per_share_4q_avg": 25.26,
            "equity": 15760747,
            "current_ratio": 129.33,
            "debt_ratio": 21.11,
            "inventory_turnover_ratio": 3.48,
            "account_receivable_turnover_ratio": 1.15,
            "reinvestment_rate": 118.17,
            "research_to_sale_ratio": 1.27,
            "price_fair": 60.67,
            "eps_avg_yearly": 1.73,
            "eps_latest_yearly": 2.24,
            "eps_growth_yearly": 52.47
        },
        "20153": {
            "year_quarter": 20153,
            "year": 2015,
            "quarter": 3,
            "eps": 0.48,
            "eps_growth_year": -17.24,
            "eps_4q": 2.01,
            "eps_4q_growth_year": -11.77,
            "roe": 1.88,
            "roe_4q": 7.92,
            "gross_profit": 143072,
            "gross_margin": 11.8,
            "gross_margin_4q_avg": 9.66,
            "net_income": 298063,
            "net_income_4q": null,
            "revenue": 1212503,
            "revenue_4q": null,
            "common_shares": 6282891,
            "book_valuer_per_share": 25.19,
            "book_valuer_per_share_4q_avg": 25.46,
            "equity": 15981328,
            "current_ratio": 126.24,
            "debt_ratio": 19,
            "inventory_turnover_ratio": 3.54,
            "account_receivable_turnover_ratio": 1.19,
            "reinvestment_rate": 124.09,
            "research_to_sale_ratio": 1.73,
            "price_fair": 61.08,
            "eps_avg_yearly": 1.75,
            "eps_latest_yearly": 1.92,
            "eps_growth_yearly": 45.62
        },
        "20154": {
            "year_quarter": 20154,
            "year": 2015,
            "quarter": 4,
            "eps": 0.76,
            "eps_growth_year": 34.58,
            "eps_4q": 2.22,
            "eps_4q_growth_year": -1.95,
            "roe": 2.96,
            "roe_4q": 8.68,
            "gross_profit": 178717,
            "gross_margin": 12.83,
            "gross_margin_4q_avg": 10.38,
            "net_income": 473376,
            "net_income_4q": null,
            "revenue": 1392972,
            "revenue_4q": null,
            "common_shares": 6282891,
            "book_valuer_per_share": 25.23,
            "book_valuer_per_share_4q_avg": 25.42,
            "equity": 16000386,
            "current_ratio": 123.51,
            "debt_ratio": 19.88,
            "inventory_turnover_ratio": 3.89,
            "account_receivable_turnover_ratio": 1.32,
            "reinvestment_rate": 96.63,
            "research_to_sale_ratio": 1.22,
            "price_fair": 65.8,
            "eps_avg_yearly": 1.88,
            "eps_latest_yearly": 3.04,
            "eps_growth_yearly": 65.56
        },
        "20161": {
            "year_quarter": 20161,
            "year": 2016,
            "quarter": 1,
            "eps": 0.55,
            "eps_growth_year": 27.91,
            "eps_4q": 2.35,
            "eps_4q_growth_year": 2.09,
            "roe": 2.12,
            "roe_4q": 9.16,
            "gross_profit": 115471,
            "gross_margin": 10.44,
            "gross_margin_4q_avg": 10.91,
            "net_income": 342983,
            "net_income_4q": null,
            "revenue": 1105803,
            "revenue_4q": null,
            "common_shares": 6282891,
            "book_valuer_per_share": 25.81,
            "book_valuer_per_share_4q_avg": 25.4,
            "equity": 16363447,
            "current_ratio": 120.46,
            "debt_ratio": 19.06,
            "inventory_turnover_ratio": 3.12,
            "account_receivable_turnover_ratio": 1.07,
            "reinvestment_rate": 94.54,
            "research_to_sale_ratio": 1.31,
            "price_fair": 68.51,
            "eps_avg_yearly": 1.96,
            "eps_latest_yearly": 2.2,
            "eps_growth_yearly": 56.38
        },
        "20162": {
            "year_quarter": 20162,
            "year": 2016,
            "quarter": 2,
            "eps": 0.81,
            "eps_growth_year": 44.64,
            "eps_4q": 2.58,
            "eps_4q_growth_year": 22.5,
            "roe": 3.13,
            "roe_4q": 10.09,
            "gross_profit": 178298,
            "gross_margin": 14.62,
            "gross_margin_4q_avg": 12.42,
            "net_income": 509044,
            "net_income_4q": null,
            "revenue": 1219662,
            "revenue_4q": null,
            "common_shares": 6282891,
            "book_valuer_per_share": 25.52,
            "book_valuer_per_share_4q_avg": 25.44,
            "equity": 16172720,
            "current_ratio": 106.72,
            "debt_ratio": 21.9,
            "inventory_turnover_ratio": 3.48,
            "account_receivable_turnover_ratio": 1.28,
            "reinvestment_rate": 92.05,
            "research_to_sale_ratio": 1.25,
            "price_fair": 71.75,
            "eps_avg_yearly": 2.05,
            "eps_latest_yearly": 3.24,
            "eps_growth_yearly": 47.36
        },
        "20163": {
            "year_quarter": 20163,
            "year": 2016,
            "quarter": 3,
            "eps": 0.56,
            "eps_growth_year": 16.67,
            "eps_4q": 2.66,
            "eps_4q_growth_year": 32.42,
            "roe": 2.16,
            "roe_4q": 10.370000000000001,
            "gross_profit": 160641,
            "gross_margin": 15.49,
            "gross_margin_4q_avg": 13.35,
            "net_income": 350053,
            "net_income_4q": null,
            "revenue": 1037243,
            "revenue_4q": null,
            "common_shares": 6345720,
            "book_valuer_per_share": 25.34,
            "book_valuer_per_share_4q_avg": 25.48,
            "equity": 16205886,
            "current_ratio": 105.43,
            "debt_ratio": 19.39,
            "inventory_turnover_ratio": 2.85,
            "account_receivable_turnover_ratio": 1.16,
            "reinvestment_rate": 86.1,
            "research_to_sale_ratio": 2.02,
            "price_fair": 74.03,
            "eps_avg_yearly": 2.12,
            "eps_latest_yearly": 2.24,
            "eps_growth_yearly": 47.6
        },
        "20164": {
            "year_quarter": 20164,
            "year": 2016,
            "quarter": 4,
            "eps": 0.77,
            "eps_growth_year": 1.51,
            "eps_4q": 2.68,
            "eps_4q_growth_year": 20.98,
            "roe": 2.95,
            "roe_4q": 10.36,
            "gross_profit": 187895,
            "gross_margin": 14.92,
            "gross_margin_4q_avg": 13.87,
            "net_income": 481458,
            "net_income_4q": null,
            "revenue": 1259491,
            "revenue_4q": null,
            "common_shares": 6345720,
            "book_valuer_per_share": 25.63,
            "book_valuer_per_share_4q_avg": 25.58,
            "equity": 16396123,
            "current_ratio": 141.86,
            "debt_ratio": 19.42,
            "inventory_turnover_ratio": 3.44,
            "account_receivable_turnover_ratio": 1.34,
            "reinvestment_rate": 63.32,
            "research_to_sale_ratio": 1.6,
            "price_fair": 79.01,
            "eps_avg_yearly": 2.26,
            "eps_latest_yearly": 3.08,
            "eps_growth_yearly": 65.31
        },
        "20171": {
            "year_quarter": 20171,
            "year": 2017,
            "quarter": 1,
            "eps": 0.45,
            "eps_growth_year": -18.18,
            "eps_4q": 2.59,
            "eps_4q_growth_year": 10.13,
            "roe": 1.7,
            "roe_4q": 9.940000000000001,
            "gross_profit": 139041,
            "gross_margin": 12.63,
            "gross_margin_4q_avg": 14.42,
            "net_income": 279247,
            "net_income_4q": null,
            "revenue": 1100655,
            "revenue_4q": null,
            "common_shares": 6345720,
            "book_valuer_per_share": 25.64,
            "book_valuer_per_share_4q_avg": 25.53,
            "equity": 16397203,
            "current_ratio": 144.18,
            "debt_ratio": 19.31,
            "inventory_turnover_ratio": 3.45,
            "account_receivable_turnover_ratio": 1.11,
            "reinvestment_rate": 25.43,
            "research_to_sale_ratio": 1.73,
            "price_fair": 80.33,
            "eps_avg_yearly": 2.3,
            "eps_latest_yearly": 1.8,
            "eps_growth_yearly": 42.42
        },
        "20172": {
            "year_quarter": 20172,
            "year": 2017,
            "quarter": 2,
            "eps": 0.6,
            "eps_growth_year": -25.93,
            "eps_4q": 2.33,
            "eps_4q_growth_year": -9.6,
            "roe": 2.38,
            "roe_4q": 9.190000000000001,
            "gross_profit": 131959,
            "gross_margin": 12.46,
            "gross_margin_4q_avg": 13.88,
            "net_income": 386622,
            "net_income_4q": null,
            "revenue": 1059108,
            "revenue_4q": null,
            "common_shares": 6345720,
            "book_valuer_per_share": 25.13,
            "book_valuer_per_share_4q_avg": 25.44,
            "equity": 16059355,
            "current_ratio": 127.08,
            "debt_ratio": 22.5,
            "inventory_turnover_ratio": 3.36,
            "account_receivable_turnover_ratio": 1.17,
            "reinvestment_rate": 22.5,
            "research_to_sale_ratio": 2.03,
            "price_fair": 80.68,
            "eps_avg_yearly": 2.31,
            "eps_latest_yearly": 2.4,
            "eps_growth_yearly": 29.09
        },
        "20173": {
            "year_quarter": 20173,
            "year": 2017,
            "quarter": 3,
            "eps": 0.53,
            "eps_growth_year": -5.36,
            "eps_4q": 2.31,
            "eps_4q_growth_year": -13.12,
            "roe": 2.1,
            "roe_4q": 9.13,
            "gross_profit": 152796,
            "gross_margin": 13.54,
            "gross_margin_4q_avg": 13.39,
            "net_income": 340085,
            "net_income_4q": null,
            "revenue": 1128092,
            "revenue_4q": null,
            "common_shares": 6536092,
            "book_valuer_per_share": 24.69,
            "book_valuer_per_share_4q_avg": 25.27,
            "equity": 16262050,
            "current_ratio": 131.6,
            "debt_ratio": 20.45,
            "inventory_turnover_ratio": 3.32,
            "account_receivable_turnover_ratio": 1.25,
            "reinvestment_rate": 21.95,
            "research_to_sale_ratio": 2.17,
            "price_fair": 81.9,
            "eps_avg_yearly": 2.34,
            "eps_latest_yearly": 2.12,
            "eps_growth_yearly": 33.76
        },
        "20174": {
            "year_quarter": 20174,
            "year": 2017,
            "quarter": 4,
            "eps": 0.59,
            "eps_growth_year": -22.9,
            "eps_4q": 2.16,
            "eps_4q_growth_year": -19.46,
            "roe": 2.3,
            "roe_4q": 8.48,
            "gross_profit": 114112,
            "gross_margin": 10.21,
            "gross_margin_4q_avg": 12.21,
            "net_income": 383581,
            "net_income_4q": null,
            "revenue": 1117521,
            "revenue_4q": null,
            "common_shares": 6536092,
            "book_valuer_per_share": 26.07,
            "book_valuer_per_share_4q_avg": 25.38,
            "equity": 17154761,
            "current_ratio": 141.47,
            "debt_ratio": 19.19,
            "inventory_turnover_ratio": 3.42,
            "account_receivable_turnover_ratio": 1.15,
            "reinvestment_rate": 21.8,
            "research_to_sale_ratio": 1.83,
            "price_fair": 79.02,
            "eps_avg_yearly": 2.34,
            "eps_latest_yearly": 2.36,
            "eps_growth_yearly": 23.77
        },
        "20181": {
            "year_quarter": 20181,
            "year": 2018,
            "quarter": 1,
            "eps": 0.01,
            "eps_growth_year": -97.78,
            "eps_4q": 1.73,
            "eps_4q_growth_year": -33.05,
            "roe": 0.01,
            "roe_4q": 6.79,
            "gross_profit": 138524,
            "gross_margin": 11.88,
            "gross_margin_4q_avg": 12.02,
            "net_income": 2364,
            "net_income_4q": null,
            "revenue": 1166097,
            "revenue_4q": null,
            "common_shares": 6536092,
            "book_valuer_per_share": 26.89,
            "book_valuer_per_share_4q_avg": 25.7,
            "equity": 17689673,
            "current_ratio": 139.06,
            "debt_ratio": 18.86,
            "inventory_turnover_ratio": 3.53,
            "account_receivable_turnover_ratio": 1.18,
            "reinvestment_rate": -0.03,
            "research_to_sale_ratio": 1.41,
            "price_fair": 38.67,
            "eps_avg_yearly": 2.24,
            "eps_latest_yearly": 0.04,
            "eps_growth_yearly": 7.24
        },
        "20182": {
            "year_quarter": 20182,
            "year": 2018,
            "quarter": 2,
            "eps": 0.63,
            "eps_growth_year": 5,
            "eps_4q": 1.75,
            "eps_4q_growth_year": -24.63,
            "roe": 2.3,
            "roe_4q": 6.709999999999999,
            "gross_profit": 126726,
            "gross_margin": 11.03,
            "gross_margin_4q_avg": 11.67,
            "net_income": 406034,
            "net_income_4q": null,
            "revenue": 1148758,
            "revenue_4q": null,
            "common_shares": 6536092,
            "book_valuer_per_share": 26.8,
            "book_valuer_per_share_4q_avg": 26.11,
            "equity": 17624632,
            "current_ratio": 121.2,
            "debt_ratio": 21.72,
            "inventory_turnover_ratio": 3.8,
            "account_receivable_turnover_ratio": 1.15,
            "reinvestment_rate": 3.06,
            "research_to_sale_ratio": 1.65,
            "price_fair": 77.61,
            "eps_avg_yearly": 2.22,
            "eps_latest_yearly": 2.52,
            "eps_growth_yearly": 1536.62
        },
        "20183": {
            "year_quarter": 20183,
            "year": 2018,
            "quarter": 3,
            "eps": 0.53,
            "eps_growth_year": 0,
            "eps_4q": 1.76,
            "eps_4q_growth_year": -24.14,
            "roe": 1.94,
            "roe_4q": 6.55,
            "gross_profit": 140033,
            "gross_margin": 12.49,
            "gross_margin_4q_avg": 11.4,
            "net_income": 344593,
            "net_income_4q": null,
            "revenue": 1121587,
            "revenue_4q": null,
            "common_shares": 6536092,
            "book_valuer_per_share": 27.09,
            "book_valuer_per_share_4q_avg": 26.71,
            "equity": 17824847,
            "current_ratio": 126.86,
            "debt_ratio": 20.15,
            "inventory_turnover_ratio": 3.65,
            "account_receivable_turnover_ratio": 1.09,
            "reinvestment_rate": -1.63,
            "research_to_sale_ratio": 1.72,
            "price_fair": 77.18,
            "eps_avg_yearly": 2.21,
            "eps_latest_yearly": 2.12,
            "eps_growth_yearly": 1537.79
        },
        "20184": {
            "year_quarter": 20184,
            "year": 2018,
            "quarter": 4,
            "eps": 0.46,
            "eps_growth_year": -23.19,
            "eps_4q": 1.62,
            "eps_4q_growth_year": -25.1,
            "roe": 1.67,
            "roe_4q": 5.92,
            "gross_profit": 165799,
            "gross_margin": 12.33,
            "gross_margin_4q_avg": 11.93,
            "net_income": 298577,
            "net_income_4q": null,
            "revenue": 1344552,
            "revenue_4q": null,
            "common_shares": 6536092,
            "book_valuer_per_share": 27.1,
            "book_valuer_per_share_4q_avg": 26.97,
            "equity": 17829273,
            "current_ratio": 118.14,
            "debt_ratio": 21.03,
            "inventory_turnover_ratio": 4.12,
            "account_receivable_turnover_ratio": 1.19,
            "reinvestment_rate": -7.5,
            "research_to_sale_ratio": 1.35,
            "price_fair": 76.3,
            "eps_avg_yearly": 2.18,
            "eps_latest_yearly": 1.84,
            "eps_growth_yearly": 1535.35
        },
        "20191": {
            "year_quarter": 20191,
            "year": 2019,
            "quarter": 1,
            "eps": 0.24,
            "eps_growth_year": 2300,
            "eps_4q": 1.85,
            "eps_4q_growth_year": 6.9,
            "roe": 0.87,
            "roe_4q": 6.78,
            "gross_profit": 106420,
            "gross_margin": 8.96,
            "gross_margin_4q_avg": 11.2,
            "net_income": 156601,
            "net_income_4q": null,
            "revenue": 1187296,
            "revenue_4q": null,
            "common_shares": 6536092,
            "book_valuer_per_share": 27.73,
            "book_valuer_per_share_4q_avg": 27.18,
            "equity": 18236986,
            "current_ratio": 119.17,
            "debt_ratio": 21.11,
            "inventory_turnover_ratio": 3.59,
            "account_receivable_turnover_ratio": 1.04,
            "reinvestment_rate": -6.06,
            "research_to_sale_ratio": 1.37,
            "price_fair": 74.64,
            "eps_avg_yearly": 2.13,
            "eps_latest_yearly": 0.96,
            "eps_growth_yearly": 1529.19
        },
        "20192": {
            "year_quarter": 20192,
            "year": 2019,
            "quarter": 2,
            "eps": 0.46,
            "eps_growth_year": -26.98,
            "eps_4q": 1.69,
            "eps_4q_growth_year": -3.96,
            "roe": 1.68,
            "roe_4q": 6.16,
            "gross_profit": 124558,
            "gross_margin": 10.43,
            "gross_margin_4q_avg": 11.05,
            "net_income": 302711,
            "net_income_4q": null,
            "revenue": 1194171,
            "revenue_4q": null,
            "common_shares": 6536092,
            "book_valuer_per_share": 27.19,
            "book_valuer_per_share_4q_avg": 27.28,
            "equity": 17886038,
            "current_ratio": 112.37,
            "debt_ratio": 24.04,
            "inventory_turnover_ratio": 3.43,
            "account_receivable_turnover_ratio": 1.06,
            "reinvestment_rate": 6.83,
            "research_to_sale_ratio": 1.64,
            "price_fair": 73.76,
            "eps_avg_yearly": 2.11,
            "eps_latest_yearly": 1.84,
            "eps_growth_yearly": 1544.55
        },
        "20193": {
            "year_quarter": 20193,
            "year": 2019,
            "quarter": 3,
            "eps": 0.37,
            "eps_growth_year": -30.19,
            "eps_4q": 1.53,
            "eps_4q_growth_year": -13.09,
            "roe": 1.37,
            "roe_4q": 5.59,
            "gross_profit": 134723,
            "gross_margin": 11.52,
            "gross_margin_4q_avg": 10.81,
            "net_income": 244051,
            "net_income_4q": null,
            "revenue": 1169889,
            "revenue_4q": null,
            "common_shares": 6536092,
            "book_valuer_per_share": 27.13,
            "book_valuer_per_share_4q_avg": 27.29,
            "equity": 17850951,
            "current_ratio": 110.88,
            "debt_ratio": 22.33,
            "inventory_turnover_ratio": 3.47,
            "account_receivable_turnover_ratio": 1.06,
            "reinvestment_rate": 2.12,
            "research_to_sale_ratio": 1.26,
            "price_fair": 72.8,
            "eps_avg_yearly": 2.08,
            "eps_latest_yearly": 1.48,
            "eps_growth_yearly": 1543.23
        },
        "20194": {
            "year_quarter": 20194,
            "year": 2019,
            "quarter": 4,
            "eps": 0.67,
            "eps_growth_year": 46.48,
            "eps_4q": 1.74,
            "eps_4q_growth_year": 7.39,
            "roe": 2.44,
            "roe_4q": 6.36,
            "gross_profit": 221064,
            "gross_margin": 15.2,
            "gross_margin_4q_avg": 11.53,
            "net_income": 438319,
            "net_income_4q": null,
            "revenue": 1454375,
            "revenue_4q": null,
            "common_shares": 6536092,
            "book_valuer_per_share": 27.51,
            "book_valuer_per_share_4q_avg": 27.39,
            "equity": 18103046,
            "current_ratio": 111.36,
            "debt_ratio": 22.64,
            "inventory_turnover_ratio": 4.52,
            "account_receivable_turnover_ratio": 1.26,
            "reinvestment_rate": 4.58,
            "research_to_sale_ratio": 1.24,
            "price_fair": 72.01,
            "eps_avg_yearly": 2.06,
            "eps_latest_yearly": 2.68,
            "eps_growth_yearly": 1548.92
        },
        "20201": {
            "year_quarter": 20201,
            "year": 2020,
            "quarter": 1,
            "eps": 0.07,
            "eps_growth_year": -70.83,
            "eps_4q": 1.57,
            "eps_4q_growth_year": -15.11,
            "roe": 0.27,
            "roe_4q": 5.76,
            "gross_profit": 168452,
            "gross_margin": 13.44,
            "gross_margin_4q_avg": 12.65,
            "net_income": 48161,
            "net_income_4q": null,
            "revenue": 1253758,
            "revenue_4q": null,
            "common_shares": 6536092,
            "book_valuer_per_share": 26.85,
            "book_valuer_per_share_4q_avg": 27.17,
            "equity": 17672915,
            "current_ratio": 99.69,
            "debt_ratio": 22.46,
            "inventory_turnover_ratio": 4.03,
            "account_receivable_turnover_ratio": 1.01,
            "reinvestment_rate": -0.71,
            "research_to_sale_ratio": 1.3,
            "price_fair": 67.81,
            "eps_avg_yearly": 1.94,
            "eps_latest_yearly": 0.28,
            "eps_growth_yearly": 1533.44
        },
        "20202": {
            "year_quarter": 20202,
            "year": 2020,
            "quarter": 2,
            "eps": 0.66,
            "eps_growth_year": 43.48,
            "eps_4q": 1.77,
            "eps_4q_growth_year": 5.16,
            "roe": 2.49,
            "roe_4q": 6.57,
            "gross_profit": 225234,
            "gross_margin": 16.84,
            "gross_margin_4q_avg": 14.25,
            "net_income": 437814,
            "net_income_4q": null,
            "revenue": 1337873,
            "revenue_4q": null,
            "common_shares": 6536092,
            "book_valuer_per_share": 26.57,
            "book_valuer_per_share_4q_avg": 27.02,
            "equity": 17494152,
            "current_ratio": 104.68,
            "debt_ratio": 24.8,
            "inventory_turnover_ratio": 3.62,
            "account_receivable_turnover_ratio": 1.1,
            "reinvestment_rate": -9.64,
            "research_to_sale_ratio": 1.49,
            "price_fair": 66.5,
            "eps_avg_yearly": 1.9,
            "eps_latest_yearly": 2.64,
            "eps_growth_yearly": 1732.34
        },
        "20203": {
            "year_quarter": 20203,
            "year": 2020,
            "quarter": 3,
            "eps": 0.6,
            "eps_growth_year": 62.16,
            "eps_4q": 2,
            "eps_4q_growth_year": 31.18,
            "roe": 2.23,
            "roe_4q": 7.43,
            "gross_profit": 220038,
            "gross_margin": 16.99,
            "gross_margin_4q_avg": 15.62,
            "net_income": 394814,
            "net_income_4q": null,
            "revenue": 1294920,
            "revenue_4q": null,
            "common_shares": 6536092,
            "book_valuer_per_share": 27.23,
            "book_valuer_per_share_4q_avg": 27.04,
            "equity": 17922599,
            "current_ratio": 108.22,
            "debt_ratio": 22.52,
            "inventory_turnover_ratio": 3.18,
            "account_receivable_turnover_ratio": 1.08,
            "reinvestment_rate": -3.9,
            "research_to_sale_ratio": 1.31,
            "price_fair": 66.85,
            "eps_avg_yearly": 1.91,
            "eps_latest_yearly": 2.4,
            "eps_growth_yearly": 1737.78
        },
        "20204": {
            "year_quarter": 20204,
            "year": 2020,
            "quarter": 4,
            "eps": 0.57,
            "eps_growth_year": -13.92,
            "eps_4q": 1.91,
            "eps_4q_growth_year": 9.84,
            "roe": 2.06,
            "roe_4q": 7.050000000000001,
            "gross_profit": 293307,
            "gross_margin": 19.05,
            "gross_margin_4q_avg": 16.58,
            "net_income": 379006,
            "net_income_4q": null,
            "revenue": 1539666,
            "revenue_4q": null,
            "common_shares": 6536092,
            "book_valuer_per_share": 28.54,
            "book_valuer_per_share_4q_avg": 27.3,
            "equity": 18785353,
            "current_ratio": 115.71,
            "debt_ratio": 22.06,
            "inventory_turnover_ratio": 4.03,
            "account_receivable_turnover_ratio": 1.19,
            "reinvestment_rate": 32.71,
            "research_to_sale_ratio": 1.04,
            "price_fair": 65.1,
            "eps_avg_yearly": 1.86,
            "eps_latest_yearly": 2.28,
            "eps_growth_yearly": 1727.15
        },
        "20211": {
            "year_quarter": 20211,
            "year": 2021,
            "quarter": 1,
            "eps": 0.35,
            "eps_growth_year": 400,
            "eps_4q": 2.19,
            "eps_4q_growth_year": 39.36,
            "roe": 1.25,
            "roe_4q": 8.030000000000001,
            "gross_profit": 250764,
            "gross_margin": 17.41,
            "gross_margin_4q_avg": 17.57,
            "net_income": 237151,
            "net_income_4q": null,
            "revenue": 1440498,
            "revenue_4q": null,
            "common_shares": 6536092,
            "book_valuer_per_share": 28.89,
            "book_valuer_per_share_4q_avg": 27.81,
            "equity": 19019500,
            "current_ratio": 118.97,
            "debt_ratio": 21.46,
            "inventory_turnover_ratio": 4.32,
            "account_receivable_turnover_ratio": 1.02,
            "reinvestment_rate": 40.21,
            "research_to_sale_ratio": 1.29,
            "price_fair": 64.23,
            "eps_avg_yearly": 1.84,
            "eps_latest_yearly": 1.4,
            "eps_growth_yearly": 1727.89
        },
        "20212": {
            "year_quarter": 20212,
            "year": 2021,
            "quarter": 2,
            "eps": 0.46,
            "eps_growth_year": -30.3,
            "eps_4q": 1.99,
            "eps_4q_growth_year": 12.19,
            "roe": 1.62,
            "roe_4q": 7.16,
            "gross_profit": 271589,
            "gross_margin": 18.54,
            "gross_margin_4q_avg": 18,
            "net_income": 310858,
            "net_income_4q": null,
            "revenue": 1464513,
            "revenue_4q": null,
            "common_shares": 6536092,
            "book_valuer_per_share": 29.32,
            "book_valuer_per_share_4q_avg": 28.5,
            "equity": 19304140,
            "current_ratio": 139.38,
            "debt_ratio": 21.14,
            "inventory_turnover_ratio": 4.19,
            "account_receivable_turnover_ratio": 1.04,
            "reinvestment_rate": 31.99,
            "research_to_sale_ratio": 1.46,
            "price_fair": 63,
            "eps_avg_yearly": 1.8,
            "eps_latest_yearly": 1.84,
            "eps_growth_yearly": 1727.42
        },
        "20213": {
            "year_quarter": 20213,
            "year": 2021,
            "quarter": 3,
            "eps": 0.3,
            "eps_growth_year": -50,
            "eps_4q": 1.69,
            "eps_4q_growth_year": -15.79,
            "roe": 1.05,
            "roe_4q": 5.98,
            "gross_profit": 256866,
            "gross_margin": 17.68,
            "gross_margin_4q_avg": 18.17,
            "net_income": 200873,
            "net_income_4q": null,
            "revenue": 1453213,
            "revenue_4q": null,
            "common_shares": 6536092,
            "book_valuer_per_share": 28.84,
            "book_valuer_per_share_4q_avg": 28.9,
            "equity": 18995405,
            "current_ratio": 127.37,
            "debt_ratio": 21.75,
            "inventory_turnover_ratio": 3.74,
            "account_receivable_turnover_ratio": 1.06,
            "reinvestment_rate": 28,
            "research_to_sale_ratio": 1.09,
            "price_fair": 60.99,
            "eps_avg_yearly": 1.74,
            "eps_latest_yearly": 1.2,
            "eps_growth_yearly": 1721.64
        },
        "20214": {
            "year_quarter": 20214,
            "year": 2021,
            "quarter": 4,
            "eps": 0.55,
            "eps_growth_year": -3.57,
            "eps_4q": 1.66,
            "eps_4q_growth_year": -12.76,
            "roe": 1.9,
            "roe_4q": 5.82,
            "gross_profit": 352598,
            "gross_margin": 20.49,
            "gross_margin_4q_avg": 18.53,
            "net_income": 365344,
            "net_income_4q": null,
            "revenue": 1720883,
            "revenue_4q": null,
            "common_shares": 6536092,
            "book_valuer_per_share": 29.43,
            "book_valuer_per_share_4q_avg": 29.12,
            "equity": 19384476,
            "current_ratio": 117.89,
            "debt_ratio": 22.76,
            "inventory_turnover_ratio": 4.3,
            "account_receivable_turnover_ratio": 1.15,
            "reinvestment_rate": 20.76,
            "research_to_sale_ratio": 1.33,
            "price_fair": 60.64,
            "eps_avg_yearly": 1.73,
            "eps_latest_yearly": 2.2,
            "eps_growth_yearly": 1739.64
        },
        "20221": {
            "year_quarter": 20221,
            "year": 2022,
            "quarter": 1,
            "eps": 0.82,
            "eps_growth_year": 134.29,
            "eps_4q": 2.13,
            "eps_4q_growth_year": -2.59,
            "roe": 2.68,
            "roe_4q": 7.25,
            "gross_profit": 292217,
            "gross_margin": 19.07,
            "gross_margin_4q_avg": 18.95,
            "net_income": 538395,
            "net_income_4q": null,
            "revenue": 1532253,
            "revenue_4q": null,
            "common_shares": 6536092,
            "book_valuer_per_share": 31,
            "book_valuer_per_share_4q_avg": 29.65,
            "equity": 20752652,
            "current_ratio": 122.96,
            "debt_ratio": 22.05,
            "inventory_turnover_ratio": 3.54,
            "account_receivable_turnover_ratio": 0.92,
            "reinvestment_rate": 59.76,
            "research_to_sale_ratio": 1.39,
            "price_fair": 67.73,
            "eps_avg_yearly": 1.94,
            "eps_latest_yearly": 3.28,
            "eps_growth_yearly": 1776.49
        },
        "20222": {
            "year_quarter": 20222,
            "year": 2022,
            "quarter": 2,
            "eps": 0.51,
            "eps_growth_year": 10.87,
            "eps_4q": 2.18,
            "eps_4q_growth_year": 9.43,
            "roe": 1.67,
            "roe_4q": 7.3,
            "gross_profit": 312686,
            "gross_margin": 17.88,
            "gross_margin_4q_avg": 18.78,
            "net_income": 339585,
            "net_income_4q": null,
            "revenue": 1748604,
            "revenue_4q": null,
            "common_shares": 6536092,
            "book_valuer_per_share": 29.96,
            "book_valuer_per_share_4q_avg": 29.81,
            "equity": 19965487,
            "current_ratio": 107.88,
            "debt_ratio": 24.95,
            "inventory_turnover_ratio": 3.38,
            "account_receivable_turnover_ratio": 1.02,
            "reinvestment_rate": 55.26,
            "research_to_sale_ratio": 1.58,
            "price_fair": 66.68,
            "eps_avg_yearly": 1.91,
            "eps_latest_yearly": 2.04,
            "eps_growth_yearly": 217.04
        },
        "20223": {
            "year_quarter": 20223,
            "year": 2022,
            "quarter": 3,
            "eps": 0.87,
            "eps_growth_year": 190,
            "eps_4q": 2.75,
            "eps_4q_growth_year": 63.24,
            "roe": 2.86,
            "roe_4q": 9.11,
            "gross_profit": 331365,
            "gross_margin": 18.58,
            "gross_margin_4q_avg": 19.01,
            "net_income": 581090,
            "net_income_4q": null,
            "revenue": 1783091,
            "revenue_4q": null,
            "common_shares": 6536092,
            "book_valuer_per_share": 30.82,
            "book_valuer_per_share_4q_avg": 30.3,
            "equity": 20634943,
            "current_ratio": 112.87,
            "debt_ratio": 23.66,
            "inventory_turnover_ratio": 3.15,
            "account_receivable_turnover_ratio": 0.98,
            "reinvestment_rate": 56.23,
            "research_to_sale_ratio": 1.39,
            "price_fair": 69.65,
            "eps_avg_yearly": 1.99,
            "eps_latest_yearly": 3.48,
            "eps_growth_yearly": 238.65
        },
        "20224": {
            "year_quarter": 20224,
            "year": 2022,
            "quarter": 4,
            "eps": 0.93,
            "eps_growth_year": 67.22,
            "eps_4q": 3.12,
            "eps_4q_growth_year": 87.61,
            "roe": 3.44,
            "roe_4q": 10.65,
            "gross_profit": 430032,
            "gross_margin": 21.59,
            "gross_margin_4q_avg": 19.28,
            "net_income": 724422,
            "net_income_4q": null,
            "revenue": 1991841,
            "revenue_4q": null,
            "common_shares": 6536092,
            "book_valuer_per_share": 32,
            "book_valuer_per_share_4q_avg": 30.95,
            "equity": 21526478,
            "current_ratio": 118.88,
            "debt_ratio": 22.6,
            "inventory_turnover_ratio": 3.58,
            "account_receivable_turnover_ratio": 1.03,
            "reinvestment_rate": 54.63,
            "research_to_sale_ratio": 0.94,
            "price_fair": 73.76,
            "eps_avg_yearly": 2.11,
            "eps_latest_yearly": 3.72,
            "eps_growth_yearly": 243.68
        },
        "20231": {
            "year_quarter": 20231,
            "year": 2023,
            "quarter": 1,
            "eps": 0.42,
            "eps_growth_year": -48.78,
            "eps_4q": 2.72,
            "eps_4q_growth_year": 27.71,
            "roe": 1.29,
            "roe_4q": 9.26,
            "gross_profit": 344555,
            "gross_margin": 18.77,
            "gross_margin_4q_avg": 19.21,
            "net_income": 280354,
            "net_income_4q": null,
            "revenue": 1835530,
            "revenue_4q": null,
            "common_shares": 6536092,
            "book_valuer_per_share": 32.83,
            "book_valuer_per_share_4q_avg": 31.4,
            "equity": 22075540,
            "current_ratio": 126.82,
            "debt_ratio": 21.54,
            "inventory_turnover_ratio": 3.63,
            "account_receivable_turnover_ratio": 0.95,
            "reinvestment_rate": 49.67,
            "research_to_sale_ratio": 1.23,
            "price_fair": 75.34,
            "eps_avg_yearly": 2.15,
            "eps_latest_yearly": 1.68,
            "eps_growth_yearly": 241.93
        },
        "20232": {
            "year_quarter": 20232,
            "year": 2023,
            "quarter": 2,
            "eps": 0.62,
            "eps_growth_year": 21.57,
            "eps_4q": 2.77,
            "eps_4q_growth_year": 27.43,
            "roe": 1.9,
            "roe_4q": 9.49,
            "gross_profit": 383593,
            "gross_margin": 19.99,
            "gross_margin_4q_avg": 19.73,
            "net_income": 421949,
            "net_income_4q": null,
            "revenue": 1919189,
            "revenue_4q": null,
            "common_shares": 6536092,
            "book_valuer_per_share": 33.24,
            "book_valuer_per_share_4q_avg": 32.22,
            "equity": 22306599,
            "current_ratio": 120.87,
            "debt_ratio": 23.4,
            "inventory_turnover_ratio": 3.61,
            "account_receivable_turnover_ratio": 1.02,
            "reinvestment_rate": 59.69,
            "research_to_sale_ratio": 0.95,
            "price_fair": 76.74,
            "eps_avg_yearly": 2.19,
            "eps_latest_yearly": 2.48,
            "eps_growth_yearly": 230.92
        },
        "20233": {
            "year_quarter": 20233,
            "year": 2023,
            "quarter": 3,
            "eps": 1.42,
            "eps_growth_year": 63.22,
            "eps_4q": 3.35,
            "eps_4q_growth_year": 21.63,
            "roe": 5.18,
            "roe_4q": 11.81,
            "gross_profit": 361057,
            "gross_margin": 19.28,
            "gross_margin_4q_avg": 19.91,
            "net_income": 1166615,
            "net_income_4q": null,
            "revenue": 1873035,
            "revenue_4q": null,
            "common_shares": 6732175,
            "book_valuer_per_share": 32.66,
            "book_valuer_per_share_4q_avg": 32.68,
            "equity": 22777981,
            "current_ratio": 167.8,
            "debt_ratio": 19.59,
            "inventory_turnover_ratio": 3.44,
            "account_receivable_turnover_ratio": 1.01,
            "reinvestment_rate": 39.47,
            "research_to_sale_ratio": 1.02,
            "price_fair": 85.93,
            "eps_avg_yearly": 2.46,
            "eps_latest_yearly": 5.68,
            "eps_growth_yearly": 268.07
        }
    },
    "months": {
        "2001-10": {
            "month": "2001-10",
            "price": "6.26",
            "revenue": 211408
        },
        "2001-11": {
            "month": "2001-11",
            "price": "5.63",
            "revenue": 251652
        },
        "2001-12": {
            "month": "2001-12",
            "price": "5.73",
            "revenue": 247566
        },
        "2002-01": {
            "month": "2002-01",
            "price": "5.81",
            "revenue": 238605
        },
        "2002-02": {
            "month": "2002-02",
            "price": "6.32",
            "revenue": 150036
        },
        "2002-03": {
            "month": "2002-03",
            "price": "7.85",
            "revenue": 220349
        },
        "2002-04": {
            "month": "2002-04",
            "price": "8.06",
            "revenue": 234152
        },
        "2002-05": {
            "month": "2002-05",
            "price": "6.55",
            "revenue": 229500
        },
        "2002-06": {
            "month": "2002-06",
            "price": "7.94",
            "revenue": 217035
        },
        "2002-07": {
            "month": "2002-07",
            "price": "9.48",
            "revenue": 209398
        },
        "2002-08": {
            "month": "2002-08",
            "price": "8.42",
            "revenue": 208512
        },
        "2002-09": {
            "month": "2002-09",
            "price": "8.40",
            "revenue": 265673
        },
        "2002-10": {
            "month": "2002-10",
            "price": "7.15",
            "revenue": 287661
        },
        "2002-11": {
            "month": "2002-11",
            "price": "7.97",
            "revenue": 277923
        },
        "2002-12": {
            "month": "2002-12",
            "price": "8.93",
            "revenue": 244314
        },
        "2003-01": {
            "month": "2003-01",
            "price": "10.62",
            "revenue": 248370
        },
        "2003-02": {
            "month": "2003-02",
            "price": "9.71",
            "revenue": 161168
        },
        "2003-03": {
            "month": "2003-03",
            "price": "8.74",
            "revenue": 244728
        },
        "2003-04": {
            "month": "2003-04",
            "price": "9.22",
            "revenue": 230215
        },
        "2003-05": {
            "month": "2003-05",
            "price": "8.10",
            "revenue": 219535
        },
        "2003-06": {
            "month": "2003-06",
            "price": "9.19",
            "revenue": 196507
        },
        "2003-07": {
            "month": "2003-07",
            "price": "9.74",
            "revenue": 279239
        },
        "2003-08": {
            "month": "2003-08",
            "price": "9.82",
            "revenue": 259552
        },
        "2003-09": {
            "month": "2003-09",
            "price": "10.77",
            "revenue": 285604
        },
        "2003-10": {
            "month": "2003-10",
            "price": "12.65",
            "revenue": 291154
        },
        "2003-11": {
            "month": "2003-11",
            "price": "13.76",
            "revenue": 319253
        },
        "2003-12": {
            "month": "2003-12",
            "price": "13.41",
            "revenue": 331011
        },
        "2004-01": {
            "month": "2004-01",
            "price": "14.38",
            "revenue": 232112
        },
        "2004-02": {
            "month": "2004-02",
            "price": "15.36",
            "revenue": 280504
        },
        "2004-03": {
            "month": "2004-03",
            "price": "15.04",
            "revenue": 309798
        },
        "2004-04": {
            "month": "2004-04",
            "price": "14.21",
            "revenue": 316094
        },
        "2004-05": {
            "month": "2004-05",
            "price": "12.03",
            "revenue": 302648
        },
        "2004-06": {
            "month": "2004-06",
            "price": "11.87",
            "revenue": 319766
        },
        "2004-07": {
            "month": "2004-07",
            "price": "11.58",
            "revenue": 293643
        },
        "2004-08": {
            "month": "2004-08",
            "price": "10.50",
            "revenue": 297572
        },
        "2004-09": {
            "month": "2004-09",
            "price": "12.52",
            "revenue": 280926
        },
        "2004-10": {
            "month": "2004-10",
            "price": "12.50",
            "revenue": 325582
        },
        "2004-11": {
            "month": "2004-11",
            "price": "11.96",
            "revenue": 348363
        },
        "2004-12": {
            "month": "2004-12",
            "price": "12.20",
            "revenue": 356695
        },
        "2005-01": {
            "month": "2005-01",
            "price": "12.69",
            "revenue": 346111
        },
        "2005-02": {
            "month": "2005-02",
            "price": "12.35",
            "revenue": 203172
        },
        "2005-03": {
            "month": "2005-03",
            "price": "12.72",
            "revenue": 295127
        },
        "2005-04": {
            "month": "2005-04",
            "price": "12.04",
            "revenue": 301353
        },
        "2005-05": {
            "month": "2005-05",
            "price": "11.45",
            "revenue": 309846
        },
        "2005-06": {
            "month": "2005-06",
            "price": "11.73",
            "revenue": 218786
        },
        "2005-07": {
            "month": "2005-07",
            "price": "11.57",
            "revenue": 288601
        },
        "2005-08": {
            "month": "2005-08",
            "price": "11.02",
            "revenue": 259319
        },
        "2005-09": {
            "month": "2005-09",
            "price": "11.29",
            "revenue": 276050
        },
        "2005-10": {
            "month": "2005-10",
            "price": "10.42",
            "revenue": 297787
        },
        "2005-11": {
            "month": "2005-11",
            "price": "10.18",
            "revenue": 338470
        },
        "2005-12": {
            "month": "2005-12",
            "price": "10.23",
            "revenue": 345562
        },
        "2006-01": {
            "month": "2006-01",
            "price": "10.46",
            "revenue": 298757
        },
        "2006-02": {
            "month": "2006-02",
            "price": "10.24",
            "revenue": 233775
        },
        "2006-03": {
            "month": "2006-03",
            "price": "10.00",
            "revenue": 305273
        },
        "2006-04": {
            "month": "2006-04",
            "price": "10.61",
            "revenue": 266557
        },
        "2006-05": {
            "month": "2006-05",
            "price": "11.69",
            "revenue": 251340
        },
        "2006-06": {
            "month": "2006-06",
            "price": "10.90",
            "revenue": 221899
        },
        "2006-07": {
            "month": "2006-07",
            "price": "10.74",
            "revenue": 211085
        },
        "2006-08": {
            "month": "2006-08",
            "price": "10.15",
            "revenue": 264277
        },
        "2006-09": {
            "month": "2006-09",
            "price": "10.50",
            "revenue": 285428
        },
        "2006-10": {
            "month": "2006-10",
            "price": "12.50",
            "revenue": 298610
        },
        "2006-11": {
            "month": "2006-11",
            "price": "12.77",
            "revenue": 271391
        },
        "2006-12": {
            "month": "2006-12",
            "price": "13.64",
            "revenue": 307933
        },
        "2007-01": {
            "month": "2007-01",
            "price": "12.68",
            "revenue": 282611
        },
        "2007-02": {
            "month": "2007-02",
            "price": "12.58",
            "revenue": 198905
        },
        "2007-03": {
            "month": "2007-03",
            "price": "12.35",
            "revenue": 269827
        },
        "2007-04": {
            "month": "2007-04",
            "price": "13.10",
            "revenue": 239486
        },
        "2007-05": {
            "month": "2007-05",
            "price": "12.84",
            "revenue": 233648
        },
        "2007-06": {
            "month": "2007-06",
            "price": "13.37",
            "revenue": 204420
        },
        "2007-07": {
            "month": "2007-07",
            "price": "17.93",
            "revenue": 227701
        },
        "2007-08": {
            "month": "2007-08",
            "price": "15.84",
            "revenue": 181526
        },
        "2007-09": {
            "month": "2007-09",
            "price": "16.20",
            "revenue": 201999
        },
        "2007-10": {
            "month": "2007-10",
            "price": "16.57",
            "revenue": 242976
        },
        "2007-11": {
            "month": "2007-11",
            "price": "14.73",
            "revenue": 254404
        },
        "2007-12": {
            "month": "2007-12",
            "price": "12.78",
            "revenue": 264305
        },
        "2008-01": {
            "month": "2008-01",
            "price": "12.67",
            "revenue": 258296
        },
        "2008-02": {
            "month": "2008-02",
            "price": "14.63",
            "revenue": 173086
        },
        "2008-03": {
            "month": "2008-03",
            "price": "18.58",
            "revenue": 271632
        },
        "2008-04": {
            "month": "2008-04",
            "price": "22.90",
            "revenue": 261960
        },
        "2008-05": {
            "month": "2008-05",
            "price": "20.96",
            "revenue": 273540
        },
        "2008-06": {
            "month": "2008-06",
            "price": "21.97",
            "revenue": 219035
        },
        "2008-07": {
            "month": "2008-07",
            "price": "27.12",
            "revenue": 213342
        },
        "2008-08": {
            "month": "2008-08",
            "price": "20.01",
            "revenue": 225335
        },
        "2008-09": {
            "month": "2008-09",
            "price": "17.27",
            "revenue": 228975
        },
        "2008-10": {
            "month": "2008-10",
            "price": "16.03",
            "revenue": 219135
        },
        "2008-11": {
            "month": "2008-11",
            "price": "14.11",
            "revenue": 212601
        },
        "2008-12": {
            "month": "2008-12",
            "price": "13.17",
            "revenue": 247993
        },
        "2009-01": {
            "month": "2009-01",
            "price": "12.49",
            "revenue": 169126
        },
        "2009-02": {
            "month": "2009-02",
            "price": "12.02",
            "revenue": 185982
        },
        "2009-03": {
            "month": "2009-03",
            "price": "12.55",
            "revenue": 241064
        },
        "2009-04": {
            "month": "2009-04",
            "price": "14.04",
            "revenue": 221689
        },
        "2009-05": {
            "month": "2009-05",
            "price": "15.08",
            "revenue": 238353
        },
        "2009-06": {
            "month": "2009-06",
            "price": "15.32",
            "revenue": 204849
        },
        "2009-07": {
            "month": "2009-07",
            "price": "15.12",
            "revenue": 229278
        },
        "2009-08": {
            "month": "2009-08",
            "price": "15.85",
            "revenue": 192880
        },
        "2009-09": {
            "month": "2009-09",
            "price": "15.70",
            "revenue": 276004
        },
        "2009-10": {
            "month": "2009-10",
            "price": "16.77",
            "revenue": 261495
        },
        "2009-11": {
            "month": "2009-11",
            "price": "17.04",
            "revenue": 288365
        },
        "2009-12": {
            "month": "2009-12",
            "price": "17.09",
            "revenue": 296829
        },
        "2010-01": {
            "month": "2010-01",
            "price": "17.70",
            "revenue": 283637
        },
        "2010-02": {
            "month": "2010-02",
            "price": "15.56",
            "revenue": 161276
        },
        "2010-03": {
            "month": "2010-03",
            "price": "15.90",
            "revenue": 284688
        },
        "2010-04": {
            "month": "2010-04",
            "price": "16.18",
            "revenue": 284660
        },
        "2010-05": {
            "month": "2010-05",
            "price": "14.32",
            "revenue": 272962
        },
        "2010-06": {
            "month": "2010-06",
            "price": "14.01",
            "revenue": 248162
        },
        "2010-07": {
            "month": "2010-07",
            "price": "14.50",
            "revenue": 260629
        },
        "2010-08": {
            "month": "2010-08",
            "price": "15.76",
            "revenue": 253093
        },
        "2010-09": {
            "month": "2010-09",
            "price": "16.72",
            "revenue": 227725
        },
        "2010-10": {
            "month": "2010-10",
            "price": "19.97",
            "revenue": 271021
        },
        "2010-11": {
            "month": "2010-11",
            "price": "18.81",
            "revenue": 274073
        },
        "2010-12": {
            "month": "2010-12",
            "price": "18.44",
            "revenue": 321858
        },
        "2011-01": {
            "month": "2011-01",
            "price": "19.08",
            "revenue": 326488
        },
        "2011-02": {
            "month": "2011-02",
            "price": "18.16",
            "revenue": 194335
        },
        "2011-03": {
            "month": "2011-03",
            "price": "18.24",
            "revenue": 318716
        },
        "2011-04": {
            "month": "2011-04",
            "price": "19.38",
            "revenue": 286879
        },
        "2011-05": {
            "month": "2011-05",
            "price": "18.21",
            "revenue": 260462
        },
        "2011-06": {
            "month": "2011-06",
            "price": "18.11",
            "revenue": 272765
        },
        "2011-07": {
            "month": "2011-07",
            "price": "18.40",
            "revenue": 259270
        },
        "2011-08": {
            "month": "2011-08",
            "price": "16.05",
            "revenue": 270906
        },
        "2011-09": {
            "month": "2011-09",
            "price": "14.79",
            "revenue": 284425
        },
        "2011-10": {
            "month": "2011-10",
            "price": "14.84",
            "revenue": 284510
        },
        "2011-11": {
            "month": "2011-11",
            "price": "14.70",
            "revenue": 260888
        },
        "2011-12": {
            "month": "2011-12",
            "price": "13.57",
            "revenue": 305778
        },
        "2012-01": {
            "month": "2012-01",
            "price": "13.22",
            "revenue": 227507
        },
        "2012-02": {
            "month": "2012-02",
            "price": "14.81",
            "revenue": 273966
        },
        "2012-03": {
            "month": "2012-03",
            "price": "15.08",
            "revenue": 342114
        },
        "2012-04": {
            "month": "2012-04",
            "price": "13.74",
            "revenue": 296213
        },
        "2012-05": {
            "month": "2012-05",
            "price": "13.58",
            "revenue": 286857
        },
        "2012-06": {
            "month": "2012-06",
            "price": "12.97",
            "revenue": 223963
        },
        "2012-07": {
            "month": "2012-07",
            "price": "13.17",
            "revenue": 284074
        },
        "2012-08": {
            "month": "2012-08",
            "price": "13.37",
            "revenue": 236831
        },
        "2012-09": {
            "month": "2012-09",
            "price": "14.38",
            "revenue": 313994
        },
        "2012-10": {
            "month": "2012-10",
            "price": "14.39",
            "revenue": 339838
        },
        "2012-11": {
            "month": "2012-11",
            "price": "14.30",
            "revenue": 318461
        },
        "2012-12": {
            "month": "2012-12",
            "price": "15.84",
            "revenue": 307905
        },
        "2013-01": {
            "month": "2013-01",
            "price": "16.86",
            "revenue": 486481
        },
        "2013-02": {
            "month": "2013-02",
            "price": "17.20",
            "revenue": 299860
        },
        "2013-03": {
            "month": "2013-03",
            "price": "17.93",
            "revenue": 461732
        },
        "2013-04": {
            "month": "2013-04",
            "price": "17.54",
            "revenue": 394631
        },
        "2013-05": {
            "month": "2013-05",
            "price": "18.20",
            "revenue": 406677
        },
        "2013-06": {
            "month": "2013-06",
            "price": "17.53",
            "revenue": 415968
        },
        "2013-07": {
            "month": "2013-07",
            "price": "17.15",
            "revenue": 453397
        },
        "2013-08": {
            "month": "2013-08",
            "price": "18.68",
            "revenue": 393203
        },
        "2013-09": {
            "month": "2013-09",
            "price": "23.43",
            "revenue": 448691
        },
        "2013-10": {
            "month": "2013-10",
            "price": "26.97",
            "revenue": 521445
        },
        "2013-11": {
            "month": "2013-11",
            "price": "25.82",
            "revenue": 477826
        },
        "2013-12": {
            "month": "2013-12",
            "price": "29.60",
            "revenue": 516301
        },
        "2014-01": {
            "month": "2014-01",
            "price": "29.09",
            "revenue": 512332
        },
        "2014-02": {
            "month": "2014-02",
            "price": "29.77",
            "revenue": 334711
        },
        "2014-03": {
            "month": "2014-03",
            "price": "29.89",
            "revenue": 532118
        },
        "2014-04": {
            "month": "2014-04",
            "price": "30.26",
            "revenue": 499672
        },
        "2014-05": {
            "month": "2014-05",
            "price": "28.93",
            "revenue": 477012
        },
        "2014-06": {
            "month": "2014-06",
            "price": "28.71",
            "revenue": 479702
        },
        "2014-07": {
            "month": "2014-07",
            "price": "28.60",
            "revenue": 491532
        },
        "2014-08": {
            "month": "2014-08",
            "price": "29.32",
            "revenue": 452066
        },
        "2014-09": {
            "month": "2014-09",
            "price": "27.91",
            "revenue": 463181
        },
        "2014-10": {
            "month": "2014-10",
            "price": "26.59",
            "revenue": 540324
        },
        "2014-11": {
            "month": "2014-11",
            "price": "26.87",
            "revenue": 484997
        },
        "2014-12": {
            "month": "2014-12",
            "price": "26.06",
            "revenue": 552257
        },
        "2015-01": {
            "month": "2015-01",
            "price": "26.72",
            "revenue": 520536
        },
        "2015-02": {
            "month": "2015-02",
            "price": "26.72",
            "revenue": 335531
        },
        "2015-03": {
            "month": "2015-03",
            "price": "28.80",
            "revenue": 471332
        },
        "2015-04": {
            "month": "2015-04",
            "price": "29.97",
            "revenue": 447811
        },
        "2015-05": {
            "month": "2015-05",
            "price": "29.80",
            "revenue": 371720
        },
        "2015-06": {
            "month": "2015-06",
            "price": "28.28",
            "revenue": 411286
        },
        "2015-07": {
            "month": "2015-07",
            "price": "25.54",
            "revenue": 412816
        },
        "2015-08": {
            "month": "2015-08",
            "price": "22.24",
            "revenue": 376087
        },
        "2015-09": {
            "month": "2015-09",
            "price": "21.91",
            "revenue": 423675
        },
        "2015-10": {
            "month": "2015-10",
            "price": "22.00",
            "revenue": 461991
        },
        "2015-11": {
            "month": "2015-11",
            "price": "22.97",
            "revenue": 453342
        },
        "2015-12": {
            "month": "2015-12",
            "price": "22.91",
            "revenue": 477626
        },
        "2016-01": {
            "month": "2016-01",
            "price": "20.75",
            "revenue": 373311
        },
        "2016-02": {
            "month": "2016-02",
            "price": "20.86",
            "revenue": 298112
        },
        "2016-03": {
            "month": "2016-03",
            "price": "21.57",
            "revenue": 434381
        },
        "2016-04": {
            "month": "2016-04",
            "price": "21.56",
            "revenue": 427717
        },
        "2016-05": {
            "month": "2016-05",
            "price": "20.13",
            "revenue": 421157
        },
        "2016-06": {
            "month": "2016-06",
            "price": "20.75",
            "revenue": 370788
        },
        "2016-07": {
            "month": "2016-07",
            "price": "21.69",
            "revenue": 354764
        },
        "2016-08": {
            "month": "2016-08",
            "price": "23.48",
            "revenue": 388895
        },
        "2016-09": {
            "month": "2016-09",
            "price": "24.15",
            "revenue": 293590
        },
        "2016-10": {
            "month": "2016-10",
            "price": "25.12",
            "revenue": 385127
        },
        "2016-11": {
            "month": "2016-11",
            "price": "24.12",
            "revenue": 410515
        },
        "2016-12": {
            "month": "2016-12",
            "price": "24.62",
            "revenue": 463842
        },
        "2017-01": {
            "month": "2017-01",
            "price": "24.55",
            "revenue": 363865
        },
        "2017-02": {
            "month": "2017-02",
            "price": "25.64",
            "revenue": 308357
        },
        "2017-03": {
            "month": "2017-03",
            "price": "26.52",
            "revenue": 428434
        },
        "2017-04": {
            "month": "2017-04",
            "price": "26.25",
            "revenue": 358213
        },
        "2017-05": {
            "month": "2017-05",
            "price": "25.88",
            "revenue": 381948
        },
        "2017-06": {
            "month": "2017-06",
            "price": "25.02",
            "revenue": 318948
        },
        "2017-07": {
            "month": "2017-07",
            "price": "23.74",
            "revenue": 357742
        },
        "2017-08": {
            "month": "2017-08",
            "price": "22.59",
            "revenue": 367333
        },
        "2017-09": {
            "month": "2017-09",
            "price": "23.25",
            "revenue": 403016
        },
        "2017-10": {
            "month": "2017-10",
            "price": "23.47",
            "revenue": 336159
        },
        "2017-11": {
            "month": "2017-11",
            "price": "23.24",
            "revenue": 381565
        },
        "2017-12": {
            "month": "2017-12",
            "price": "22.84",
            "revenue": 399796
        },
        "2018-01": {
            "month": "2018-01",
            "price": "22.99",
            "revenue": 460482
        },
        "2018-02": {
            "month": "2018-02",
            "price": "22.30",
            "revenue": 268120
        },
        "2018-03": {
            "month": "2018-03",
            "price": "22.19",
            "revenue": 437497
        },
        "2018-04": {
            "month": "2018-04",
            "price": "22.09",
            "revenue": 385013
        },
        "2018-05": {
            "month": "2018-05",
            "price": "21.66",
            "revenue": 426170
        },
        "2018-06": {
            "month": "2018-06",
            "price": "20.98",
            "revenue": 337575
        },
        "2018-07": {
            "month": "2018-07",
            "price": "19.66",
            "revenue": 350896
        },
        "2018-08": {
            "month": "2018-08",
            "price": "20.08",
            "revenue": 354949
        },
        "2018-09": {
            "month": "2018-09",
            "price": "20.27",
            "revenue": 415742
        },
        "2018-10": {
            "month": "2018-10",
            "price": "19.40",
            "revenue": 457241
        },
        "2018-11": {
            "month": "2018-11",
            "price": "19.12",
            "revenue": 421815
        },
        "2018-12": {
            "month": "2018-12",
            "price": "19.03",
            "revenue": 465496
        },
        "2019-01": {
            "month": "2019-01",
            "price": "18.95",
            "revenue": 479518
        },
        "2019-02": {
            "month": "2019-02",
            "price": "19.33",
            "revenue": 270638
        },
        "2019-03": {
            "month": "2019-03",
            "price": "19.78",
            "revenue": 437140
        },
        "2019-04": {
            "month": "2019-04",
            "price": "19.86",
            "revenue": 418992
        },
        "2019-05": {
            "month": "2019-05",
            "price": "19.55",
            "revenue": 421251
        },
        "2019-06": {
            "month": "2019-06",
            "price": "19.67",
            "revenue": 353927
        },
        "2019-07": {
            "month": "2019-07",
            "price": "19.46",
            "revenue": 398238
        },
        "2019-08": {
            "month": "2019-08",
            "price": "18.78",
            "revenue": 380445
        },
        "2019-09": {
            "month": "2019-09",
            "price": "18.82",
            "revenue": 391206
        },
        "2019-10": {
            "month": "2019-10",
            "price": "18.79",
            "revenue": 503315
        },
        "2019-11": {
            "month": "2019-11",
            "price": "18.83",
            "revenue": 493403
        },
        "2019-12": {
            "month": "2019-12",
            "price": "19.12",
            "revenue": 457657
        },
        "2020-01": {
            "month": "2020-01",
            "price": "19.05",
            "revenue": 359966
        },
        "2020-02": {
            "month": "2020-02",
            "price": "18.06",
            "revenue": 414075
        },
        "2020-03": {
            "month": "2020-03",
            "price": "16.04",
            "revenue": 479717
        },
        "2020-04": {
            "month": "2020-04",
            "price": "16.88",
            "revenue": 481205
        },
        "2020-05": {
            "month": "2020-05",
            "price": "17.61",
            "revenue": 403105
        },
        "2020-06": {
            "month": "2020-06",
            "price": "17.97",
            "revenue": 453562
        },
        "2020-07": {
            "month": "2020-07",
            "price": "17.69",
            "revenue": 477040
        },
        "2020-08": {
            "month": "2020-08",
            "price": "18.10",
            "revenue": 366990
        },
        "2020-09": {
            "month": "2020-09",
            "price": "19.73",
            "revenue": 450890
        },
        "2020-10": {
            "month": "2020-10",
            "price": "20.11",
            "revenue": 495885
        },
        "2020-11": {
            "month": "2020-11",
            "price": "21.90",
            "revenue": 488513
        },
        "2020-12": {
            "month": "2020-12",
            "price": "22.72",
            "revenue": 555150
        },
        "2021-01": {
            "month": "2021-01",
            "price": "22.00",
            "revenue": 511466
        },
        "2021-02": {
            "month": "2021-02",
            "price": "21.27",
            "revenue": 354013
        },
        "2021-03": {
            "month": "2021-03",
            "price": "22.07",
            "revenue": 575019
        },
        "2021-04": {
            "month": "2021-04",
            "price": "25.34",
            "revenue": 523569
        },
        "2021-05": {
            "month": "2021-05",
            "price": "23.20",
            "revenue": 533814
        },
        "2021-06": {
            "month": "2021-06",
            "price": "22.95",
            "revenue": 407130
        },
        "2021-07": {
            "month": "2021-07",
            "price": "23.16",
            "revenue": 493738
        },
        "2021-08": {
            "month": "2021-08",
            "price": "21.68",
            "revenue": 431224
        },
        "2021-09": {
            "month": "2021-09",
            "price": "21.20",
            "revenue": 528251
        },
        "2021-10": {
            "month": "2021-10",
            "price": "20.66",
            "revenue": 558944
        },
        "2021-11": {
            "month": "2021-11",
            "price": "21.06",
            "revenue": 592281
        },
        "2021-12": {
            "month": "2021-12",
            "price": "21.51",
            "revenue": 569625
        },
        "2022-01": {
            "month": "2022-01",
            "price": "21.58",
            "revenue": 592322
        },
        "2022-02": {
            "month": "2022-02",
            "price": "21.51",
            "revenue": 348338
        },
        "2022-03": {
            "month": "2022-03",
            "price": "21.18",
            "revenue": 591593
        },
        "2022-04": {
            "month": "2022-04",
            "price": "20.78",
            "revenue": 638493
        },
        "2022-05": {
            "month": "2022-05",
            "price": "20.84",
            "revenue": 537082
        },
        "2022-06": {
            "month": "2022-06",
            "price": "21.89",
            "revenue": 573028
        },
        "2022-07": {
            "month": "2022-07",
            "price": "22.13",
            "revenue": 580420
        },
        "2022-08": {
            "month": "2022-08",
            "price": "21.78",
            "revenue": 605512
        },
        "2022-09": {
            "month": "2022-09",
            "price": "21.59",
            "revenue": 597159
        },
        "2022-10": {
            "month": "2022-10",
            "price": "20.13",
            "revenue": 634981
        },
        "2022-11": {
            "month": "2022-11",
            "price": "21.06",
            "revenue": 631827
        },
        "2022-12": {
            "month": "2022-12",
            "price": "22.38",
            "revenue": 725055
        },
        "2023-01": {
            "month": "2023-01",
            "price": "22.83",
            "revenue": 504378
        },
        "2023-02": {
            "month": "2023-02",
            "price": "23.99",
            "revenue": 591525
        },
        "2023-03": {
            "month": "2023-03",
            "price": "25.04",
            "revenue": 739446
        },
        "2023-04": {
            "month": "2023-04",
            "price": "26.96",
            "revenue": 644087
        },
        "2023-05": {
            "month": "2023-05",
            "price": "28.56",
            "revenue": 671021
        },
        "2023-06": {
            "month": "2023-06",
            "price": "30.22",
            "revenue": 604263
        },
        "2023-07": {
            "month": "2023-07",
            "price": "29.92",
            "revenue": 637246
        },
        "2023-08": {
            "month": "2023-08",
            "price": "28.54",
            "revenue": 617197
        },
        "2023-09": {
            "month": "2023-09",
            "price": "27.08",
            "revenue": 618592
        },
        "2023-10": {
            "month": "2023-10",
            "price": "25.61",
            "revenue": 654514
        },
        "2023-11": {
            "month": "2023-11",
            "price": "27.39",
            "revenue": 777614
        },
        "2023-12": {
            "month": "2023-12",
            "price": "29.53",
            "revenue": 742480
        }
    }
}
