{
    "summary": {
        "stock_name": "幸福",
        "stock_id": "1108",
        "category": "水泥",
        "main_business": "有關水泥及水泥製品之工業及相關事業",
        "website_url": "http://www.luckygrp.com.tw",
        "ceo": "陳兩傳",
        "pe_ratio": 9,
        "report_year_from": 2001,
        "report_year_to": 2023,
        "age": 22,
        "eps_negative_percentage": 26,
        "eps_growth_avg": {
            "last_all": 5.16,
            "last_2y": 55.9,
            "last_4y": 55.9,
            "last_8y": 23.01,
            "last_12y": 7.04,
            "last_16y": -5.68,
            "last_20y": 5.16,
            "at_2006_last_3y": 41.39,
            "at_2007_last_3y": 24.1,
            "at_2008_last_3y": -25.9,
            "at_2009_last_3y": -43.84,
            "at_2010_last_3y": -83.84,
            "at_2011_last_3y": -100,
            "at_2012_last_3y": -100,
            "at_2013_last_3y": -48.84,
            "at_2014_last_3y": 51.16,
            "at_2015_last_3y": 42.71,
            "at_2016_last_3y": 23.91,
            "at_2017_last_3y": -1.67,
            "at_2018_last_3y": -35.56,
            "at_2019_last_3y": -66.24,
            "at_2020_last_3y": 0,
            "at_2021_last_3y": 33.85,
            "at_2022_last_3y": 55.9,
            "at_2023_last_3y": 55.9,
            "at_2006_last_all": 41.39,
            "at_2007_last_all": 22.81,
            "at_2008_last_all": 2.34,
            "at_2009_last_all": 2.34,
            "at_2010_last_all": -12.28,
            "at_2011_last_all": -12.28,
            "at_2012_last_all": -12.28,
            "at_2013_last_all": -10.45,
            "at_2014_last_all": 1.82,
            "at_2015_last_all": 4.22,
            "at_2016_last_all": 0.88,
            "at_2017_last_all": -7.53,
            "at_2018_last_all": -7.53,
            "at_2019_last_all": -7.53,
            "at_2020_last_all": 0.75,
            "at_2021_last_all": -1.61,
            "at_2022_last_all": 5.16,
            "at_2023_last_all": 5.16
        },
        "latest_eps": 1.7,
        "latest_price": 14.9,
        "latest_roe": 14.77,
        "latest_gross_margin": 20.64,
        "latest_equity": 4812635,
        "latest_revenue": 1322108,
        "latest_gross_profit": 272852,
        "latest_net_income": 151640,
        "latest_debt_ratio": 50.52,
        "latest_current_ratio": 189.26,
        "latest_account_receivable_turnover_ratio": 1.22,
        "latest_inventory_turnover_ratio": 0.26,
        "latest_reinvestment_rate": 85.3,
        "latest_research_to_sale_ratio": null
    },
    "eps_dividends": {
        "1991": {
            "cash": 1.5,
            "stock": 0.5,
            "eps": 0
        },
        "1992": {
            "cash": 1.2,
            "stock": 1,
            "eps": 0
        },
        "1993": {
            "cash": 1.2,
            "stock": 1,
            "eps": 0
        },
        "1994": {
            "cash": 0.5,
            "stock": 1.5,
            "eps": 0
        },
        "1995": {
            "cash": 0.7,
            "stock": 0.5,
            "eps": 0
        },
        "1996": {
            "cash": 0.5,
            "stock": 0.5,
            "eps": 0
        },
        "1997": {
            "cash": 0.5,
            "stock": 0.5,
            "eps": 0
        },
        "1998": {
            "cash": 0.5,
            "stock": 0,
            "eps": 0
        },
        "1999": {
            "cash": 0,
            "stock": 0.6,
            "eps": 0
        },
        "2001": {
            "cash": 0,
            "stock": 0,
            "eps": -0.66
        },
        "2002": {
            "cash": 0,
            "stock": 0,
            "eps": 0.17
        },
        "2003": {
            "cash": 0.11,
            "stock": 0,
            "eps": 0.2
        },
        "2004": {
            "cash": 0.15,
            "stock": 0,
            "eps": 0.43
        },
        "2005": {
            "cash": 0.3,
            "stock": 0,
            "eps": 0.55
        },
        "2006": {
            "cash": 0.45,
            "stock": 0,
            "eps": 0.66
        },
        "2007": {
            "cash": 0.45,
            "stock": 0,
            "eps": 0.32
        },
        "2008": {
            "cash": 0.25,
            "stock": 0,
            "eps": -0.09
        },
        "2009": {
            "cash": 0,
            "stock": 0,
            "eps": 0.25
        },
        "2010": {
            "cash": 0.17,
            "stock": 0,
            "eps": -0.47
        },
        "2011": {
            "cash": 0,
            "stock": 0,
            "eps": -0.35
        },
        "2012": {
            "cash": 0,
            "stock": 0,
            "eps": 0.43
        },
        "2013": {
            "cash": 0,
            "stock": 0,
            "eps": 0.44
        },
        "2014": {
            "cash": 0.45,
            "stock": 0,
            "eps": 0.93
        },
        "2015": {
            "cash": 0.6,
            "stock": 0,
            "eps": 1.17
        },
        "2016": {
            "cash": 0.85,
            "stock": 0,
            "eps": 0.79
        },
        "2017": {
            "cash": 0.6,
            "stock": 0,
            "eps": -0.25
        },
        "2018": {
            "cash": 0,
            "stock": 0,
            "eps": -0.52
        },
        "2019": {
            "cash": 0,
            "stock": 0,
            "eps": 0.13
        },
        "2020": {
            "cash": 0.15,
            "stock": 0,
            "eps": 0.96
        },
        "2021": {
            "cash": 0.7,
            "stock": 0,
            "eps": 0.65
        },
        "2022": {
            "cash": 0.6,
            "stock": 0,
            "eps": 1.44
        },
        "2023": {
            "cash": 0.8,
            "stock": 0,
            "eps": 0.68
        }
    },
    "dividends": {
        "1991-05-27": {
            "cash": 1.5,
            "stock": 0.5
        },
        "1992-05-18": {
            "cash": 1.2,
            "stock": 1
        },
        "1993-05-12": {
            "cash": 1.2,
            "stock": 1
        },
        "1994-05-31": {
            "cash": 0.5,
            "stock": 1.5
        },
        "1995-05-30": {
            "cash": 0.7,
            "stock": 0.5
        },
        "1996-06-05": {
            "cash": 0.5,
            "stock": 0.5
        },
        "1997-04-28": {
            "cash": 0.5,
            "stock": 0.5
        },
        "1998-04-16": {
            "cash": 0.5,
            "stock": 0
        },
        "1999-06-24": {
            "cash": 0,
            "stock": 0.6
        },
        "2003-03-27": {
            "cash": 0.11,
            "stock": 0
        },
        "2004-03-23": {
            "cash": 0.15,
            "stock": 0
        },
        "2005-04-01": {
            "cash": 0.3,
            "stock": 0
        },
        "2006-03-22": {
            "cash": 0.45,
            "stock": 0
        },
        "2007-03-21": {
            "cash": 0.45,
            "stock": 0
        },
        "2008-03-26": {
            "cash": 0.25,
            "stock": 0
        },
        "2010-03-26": {
            "cash": 0.17,
            "stock": 0
        },
        "2014-07-31": {
            "cash": 0.45,
            "stock": 0
        },
        "2015-08-07": {
            "cash": 0.6,
            "stock": 0
        },
        "2016-08-19": {
            "cash": 0.85,
            "stock": 0
        },
        "2017-08-15": {
            "cash": 0.6,
            "stock": 0
        },
        "2020-09-24": {
            "cash": 0.15,
            "stock": 0
        },
        "2021-09-15": {
            "cash": 0.7,
            "stock": 0
        },
        "2022-09-15": {
            "cash": 0.6,
            "stock": 0
        },
        "2023-09-15": {
            "cash": 0.8,
            "stock": 0
        }
    },
    "prices": {
        "200101": "4.85",
        "200102": "5.62",
        "200103": "4.99",
        "200104": "4.36",
        "200105": "3.64",
        "200106": "3.05",
        "200107": "2.96",
        "200108": "3.03",
        "200109": "3.07",
        "200110": "2.75",
        "200111": "2.50",
        "200112": "2.78",
        "200201": "3.26",
        "200202": "5.04",
        "200203": "6.69",
        "200204": "6.52",
        "200205": "5.16",
        "200206": "5.46",
        "200207": "5.60",
        "200208": "5.38",
        "200209": "4.55",
        "200210": "4.18",
        "200211": "4.67",
        "200212": "5.39",
        "200301": "6.56",
        "200302": "5.54",
        "200303": "4.90",
        "200304": "4.90",
        "200305": "4.21",
        "200306": "4.78",
        "200307": "5.02",
        "200308": "4.98",
        "200309": "5.00",
        "200310": "6.11",
        "200311": "6.60",
        "200312": "6.95",
        "200401": "9.20",
        "200402": "10.88",
        "200403": "10.78",
        "200404": "11.40",
        "200405": "10.34",
        "200406": "9.66",
        "200407": "9.43",
        "200408": "8.25",
        "200409": "10.22",
        "200410": "10.11",
        "200411": "9.17",
        "200412": "8.93",
        "200501": "9.25",
        "200502": "9.00",
        "200503": "8.50",
        "200504": "7.78",
        "200505": "7.21",
        "200506": "7.84",
        "200507": "7.62",
        "200508": "7.14",
        "200509": "7.35",
        "200510": "7.24",
        "200511": "7.14",
        "200512": "7.03",
        "200601": "7.18",
        "200602": "7.18",
        "200603": "6.95",
        "200604": "7.26",
        "200605": "8.79",
        "200606": "8.03",
        "200607": "7.98",
        "200608": "7.68",
        "200609": "8.12",
        "200610": "8.90",
        "200611": "9.20",
        "200612": "10.14",
        "200701": "10.00",
        "200702": "9.51",
        "200703": "9.07",
        "200704": "12.64",
        "200705": "13.62",
        "200706": "13.67",
        "200707": "15.33",
        "200708": "13.11",
        "200709": "12.56",
        "200710": "12.80",
        "200711": "9.87",
        "200712": "8.53",
        "200801": "8.74",
        "200802": "9.40",
        "200803": "11.17",
        "200804": "12.33",
        "200805": "13.17",
        "200806": "10.98",
        "200807": "10.00",
        "200808": "8.57",
        "200809": "6.71",
        "200810": "5.74",
        "200811": "5.70",
        "200812": "5.69",
        "200901": "5.73",
        "200902": "5.42",
        "200903": "5.94",
        "200904": "7.42",
        "200905": "7.54",
        "200906": "7.44",
        "200907": "7.29",
        "200908": "8.72",
        "200909": "8.56",
        "200910": "8.65",
        "200911": "8.23",
        "200912": "8.59",
        "201001": "8.74",
        "201002": "7.52",
        "201003": "7.87",
        "201004": "8.24",
        "201005": "7.34",
        "201006": "7.12",
        "201007": "7.29",
        "201008": "7.86",
        "201009": "7.59",
        "201010": "7.64",
        "201011": "7.68",
        "201012": "7.76",
        "201101": "7.89",
        "201102": "7.56",
        "201103": "7.25",
        "201104": "7.52",
        "201105": "7.73",
        "201106": "7.32",
        "201107": "7.18",
        "201108": "6.88",
        "201109": "6.34",
        "201110": "6.09",
        "201111": "5.85",
        "201112": "5.43",
        "201201": "5.27",
        "201202": "5.80",
        "201203": "5.96",
        "201204": "5.88",
        "201205": "6.12",
        "201206": "6.01",
        "201207": "6.23",
        "201208": "6.48",
        "201209": "6.32",
        "201210": "6.28",
        "201211": "6.26",
        "201212": "6.49",
        "201301": "6.81",
        "201302": "6.91",
        "201303": "7.51",
        "201304": "7.07",
        "201305": "7.14",
        "201306": "7.33",
        "201307": "7.58",
        "201308": "7.81",
        "201309": "7.80",
        "201310": "8.04",
        "201311": "8.08",
        "201312": "8.38",
        "201401": "8.28",
        "201402": "8.63",
        "201403": "9.19",
        "201404": "9.10",
        "201405": "8.93",
        "201406": "9.14",
        "201407": "8.88",
        "201408": "8.90",
        "201409": "10.19",
        "201410": "9.75",
        "201411": "10.22",
        "201412": "10.28",
        "201501": "10.22",
        "201502": "10.14",
        "201503": "10.70",
        "201504": "10.96",
        "201505": "10.93",
        "201506": "10.85",
        "201507": "10.35",
        "201508": "10.02",
        "201509": "10.48",
        "201510": "10.34",
        "201511": "10.14",
        "201512": "10.08",
        "201601": "9.63",
        "201602": "9.77",
        "201603": "10.02",
        "201604": "10.28",
        "201605": "10.09",
        "201606": "10.13",
        "201607": "9.94",
        "201608": "9.31",
        "201609": "9.24",
        "201610": "9.12",
        "201611": "9.15",
        "201612": "9.19",
        "201701": "9.16",
        "201702": "9.80",
        "201703": "10.01",
        "201704": "9.77",
        "201705": "9.61",
        "201706": "9.48",
        "201707": "9.35",
        "201708": "8.76",
        "201709": "8.76",
        "201710": "8.71",
        "201711": "8.62",
        "201712": "8.39",
        "201801": "8.52",
        "201802": "8.24",
        "201803": "8.17",
        "201804": "7.61",
        "201805": "7.94",
        "201806": "8.04",
        "201807": "7.92",
        "201808": "7.94",
        "201809": "7.85",
        "201810": "7.41",
        "201811": "7.26",
        "201812": "7.29",
        "201901": "7.40",
        "201902": "7.37",
        "201903": "7.47",
        "201904": "7.25",
        "201905": "6.98",
        "201906": "6.90",
        "201907": "6.92",
        "201908": "6.79",
        "201909": "6.98",
        "201910": "7.59",
        "201911": "7.73",
        "201912": "7.86",
        "202001": "8.19",
        "202002": "7.74",
        "202003": "6.61",
        "202004": "7.18",
        "202005": "8.31",
        "202006": "9.64",
        "202007": "9.86",
        "202008": "10.19",
        "202009": "11.32",
        "202010": "11.37",
        "202011": "11.42",
        "202012": "11.95",
        "202101": "11.31",
        "202102": "11.62",
        "202103": "12.54",
        "202104": "15.44",
        "202105": "15.00",
        "202106": "13.76",
        "202107": "13.42",
        "202108": "12.48",
        "202109": "11.94",
        "202110": "11.73",
        "202111": "11.93",
        "202112": "11.61",
        "202201": "11.49",
        "202202": "11.31",
        "202203": "11.56",
        "202204": "11.79",
        "202205": "11.20",
        "202206": "10.93",
        "202207": "10.61",
        "202208": "11.10",
        "202209": "10.63",
        "202210": "10.23",
        "202211": "10.57",
        "202212": "10.85",
        "202301": "10.98",
        "202302": "12.09",
        "202303": "13.82",
        "202304": "15.73",
        "202305": "15.74",
        "202306": "16.29",
        "202307": "16.66",
        "202308": "16.62",
        "202309": "15.05"
    },
    "quarters": {
        "20011": {
            "year_quarter": 20011,
            "year": 2001,
            "quarter": 1,
            "eps": -0.06,
            "eps_growth_year": -400,
            "eps_4q": -1.15,
            "eps_4q_growth_year": null,
            "roe": -0.56,
            "roe_4q": -0.56,
            "gross_profit": -60590,
            "gross_margin": -11.35,
            "gross_margin_4q_avg": -11.35,
            "net_income": -24352,
            "revenue": 533811,
            "common_shares": 4047380,
            "book_valuer_per_share": 10.67,
            "book_valuer_per_share_4q_avg": 10.67,
            "equity": 4320563,
            "current_ratio": 73.53,
            "debt_ratio": 47.03,
            "inventory_turnover_ratio": 0.27,
            "account_receivable_turnover_ratio": null,
            "reinvestment_rate": null,
            "research_to_sale_ratio": null,
            "price_fair": 0,
            "eps_avg_yearly": 0,
            "eps_latest_yearly": 0,
            "eps_growth_yearly": 0
        },
        "20012": {
            "year_quarter": 20012,
            "year": 2001,
            "quarter": 2,
            "eps": -0.4,
            "eps_growth_year": null,
            "eps_4q": -1.35,
            "eps_4q_growth_year": null,
            "roe": -3.84,
            "roe_4q": -4.4,
            "gross_profit": -46264,
            "gross_margin": -8.59,
            "gross_margin_4q_avg": -9.97,
            "net_income": -162748,
            "revenue": 538438,
            "common_shares": 4047380,
            "book_valuer_per_share": 10.27,
            "book_valuer_per_share_4q_avg": 10.47,
            "equity": 4155572,
            "current_ratio": 72.48,
            "debt_ratio": 47.83,
            "inventory_turnover_ratio": 1.36,
            "account_receivable_turnover_ratio": null,
            "reinvestment_rate": null,
            "research_to_sale_ratio": null,
            "price_fair": 0,
            "eps_avg_yearly": 0,
            "eps_latest_yearly": 0,
            "eps_growth_yearly": 0
        },
        "20013": {
            "year_quarter": 20013,
            "year": 2001,
            "quarter": 3,
            "eps": -0.28,
            "eps_growth_year": null,
            "eps_4q": -1.35,
            "eps_4q_growth_year": null,
            "roe": -2.77,
            "roe_4q": -7.17,
            "gross_profit": -54333,
            "gross_margin": -10.25,
            "gross_margin_4q_avg": -10.06,
            "net_income": -113721,
            "revenue": 530122,
            "common_shares": 4047380,
            "book_valuer_per_share": 9.99,
            "book_valuer_per_share_4q_avg": 10.31,
            "equity": 4041956,
            "current_ratio": 64.92,
            "debt_ratio": 49.36,
            "inventory_turnover_ratio": 1.43,
            "account_receivable_turnover_ratio": null,
            "reinvestment_rate": null,
            "research_to_sale_ratio": null,
            "price_fair": 0,
            "eps_avg_yearly": 0,
            "eps_latest_yearly": 0,
            "eps_growth_yearly": 0
        },
        "20014": {
            "year_quarter": 20014,
            "year": 2001,
            "quarter": 4,
            "eps": 0.08,
            "eps_growth_year": null,
            "eps_4q": -0.67,
            "eps_4q_growth_year": null,
            "roe": 0.8,
            "roe_4q": -6.369999999999999,
            "gross_profit": 30415,
            "gross_margin": 4.04,
            "gross_margin_4q_avg": -6.54,
            "net_income": 32281,
            "revenue": 752361,
            "common_shares": 4047380,
            "book_valuer_per_share": 10.07,
            "book_valuer_per_share_4q_avg": 10.25,
            "equity": 4074809,
            "current_ratio": 117.67,
            "debt_ratio": 57.92,
            "inventory_turnover_ratio": 0.32,
            "account_receivable_turnover_ratio": null,
            "reinvestment_rate": null,
            "research_to_sale_ratio": null,
            "price_fair": 0,
            "eps_avg_yearly": 0,
            "eps_latest_yearly": 0,
            "eps_growth_yearly": 0
        },
        "20021": {
            "year_quarter": 20021,
            "year": 2002,
            "quarter": 1,
            "eps": -0.08,
            "eps_growth_year": null,
            "eps_4q": -0.7,
            "eps_4q_growth_year": null,
            "roe": -0.78,
            "roe_4q": -6.59,
            "gross_profit": 40972,
            "gross_margin": 6.27,
            "gross_margin_4q_avg": -2.13,
            "net_income": -31562,
            "revenue": 653905,
            "common_shares": 4047380,
            "book_valuer_per_share": 9.99,
            "book_valuer_per_share_4q_avg": 10.08,
            "equity": 4042888,
            "current_ratio": 62.07,
            "debt_ratio": 51.45,
            "inventory_turnover_ratio": 0.28,
            "account_receivable_turnover_ratio": null,
            "reinvestment_rate": null,
            "research_to_sale_ratio": null,
            "price_fair": 0,
            "eps_avg_yearly": 0,
            "eps_latest_yearly": 0,
            "eps_growth_yearly": 0
        },
        "20022": {
            "year_quarter": 20022,
            "year": 2002,
            "quarter": 2,
            "eps": 0.18,
            "eps_growth_year": null,
            "eps_4q": -0.1,
            "eps_4q_growth_year": null,
            "roe": 1.8,
            "roe_4q": -0.95,
            "gross_profit": 88016,
            "gross_margin": 10.62,
            "gross_margin_4q_avg": 2.67,
            "net_income": 73358,
            "revenue": 828470,
            "common_shares": 4047380,
            "book_valuer_per_share": 10.17,
            "book_valuer_per_share_4q_avg": 10.06,
            "equity": 4116246,
            "current_ratio": 64.36,
            "debt_ratio": 50.91,
            "inventory_turnover_ratio": 1.93,
            "account_receivable_turnover_ratio": null,
            "reinvestment_rate": null,
            "research_to_sale_ratio": null,
            "price_fair": 0,
            "eps_avg_yearly": 0,
            "eps_latest_yearly": 0,
            "eps_growth_yearly": 0
        },
        "20023": {
            "year_quarter": 20023,
            "year": 2002,
            "quarter": 3,
            "eps": -0.01,
            "eps_growth_year": null,
            "eps_4q": 0.17,
            "eps_4q_growth_year": null,
            "roe": -0.14,
            "roe_4q": 1.6800000000000002,
            "gross_profit": 89513,
            "gross_margin": 11.01,
            "gross_margin_4q_avg": 7.99,
            "net_income": -5731,
            "revenue": 812898,
            "common_shares": 4047380,
            "book_valuer_per_share": 10.16,
            "book_valuer_per_share_4q_avg": 10.1,
            "equity": 4110515,
            "current_ratio": 64.65,
            "debt_ratio": 49.7,
            "inventory_turnover_ratio": 1.75,
            "account_receivable_turnover_ratio": null,
            "reinvestment_rate": null,
            "research_to_sale_ratio": null,
            "price_fair": 0,
            "eps_avg_yearly": 0,
            "eps_latest_yearly": 0,
            "eps_growth_yearly": 0
        },
        "20024": {
            "year_quarter": 20024,
            "year": 2002,
            "quarter": 4,
            "eps": 0.08,
            "eps_growth_year": 0,
            "eps_4q": 0.16,
            "eps_4q_growth_year": null,
            "roe": 0.83,
            "roe_4q": 1.7100000000000002,
            "gross_profit": 115544,
            "gross_margin": 13.78,
            "gross_margin_4q_avg": 10.42,
            "net_income": 34218,
            "revenue": 838596,
            "common_shares": 4047380,
            "book_valuer_per_share": 10.25,
            "book_valuer_per_share_4q_avg": 10.14,
            "equity": 4147069,
            "current_ratio": 137.42,
            "debt_ratio": 57.48,
            "inventory_turnover_ratio": 0.31,
            "account_receivable_turnover_ratio": null,
            "reinvestment_rate": null,
            "research_to_sale_ratio": null,
            "price_fair": 0,
            "eps_avg_yearly": 0,
            "eps_latest_yearly": 0,
            "eps_growth_yearly": 0
        },
        "20031": {
            "year_quarter": 20031,
            "year": 2003,
            "quarter": 1,
            "eps": -0.06,
            "eps_growth_year": null,
            "eps_4q": 0.18,
            "eps_4q_growth_year": null,
            "roe": -0.61,
            "roe_4q": 1.88,
            "gross_profit": 52378,
            "gross_margin": 7.49,
            "gross_margin_4q_avg": 10.73,
            "net_income": -25158,
            "revenue": 699082,
            "common_shares": 4047380,
            "book_valuer_per_share": 10.18,
            "book_valuer_per_share_4q_avg": 10.19,
            "equity": 4121554,
            "current_ratio": 72.71,
            "debt_ratio": 52.06,
            "inventory_turnover_ratio": 0.27,
            "account_receivable_turnover_ratio": null,
            "reinvestment_rate": null,
            "research_to_sale_ratio": null,
            "price_fair": 0,
            "eps_avg_yearly": 0,
            "eps_latest_yearly": 0,
            "eps_growth_yearly": 0
        },
        "20032": {
            "year_quarter": 20032,
            "year": 2003,
            "quarter": 2,
            "eps": -0.03,
            "eps_growth_year": -116.67,
            "eps_4q": -0.02,
            "eps_4q_growth_year": null,
            "roe": -0.32,
            "roe_4q": -0.24,
            "gross_profit": 90544,
            "gross_margin": 11.31,
            "gross_margin_4q_avg": 10.9,
            "net_income": -12938,
            "revenue": 800778,
            "common_shares": 4047380,
            "book_valuer_per_share": 10.03,
            "book_valuer_per_share_4q_avg": 10.16,
            "equity": 4059034,
            "current_ratio": 71.51,
            "debt_ratio": 52.37,
            "inventory_turnover_ratio": 1.36,
            "account_receivable_turnover_ratio": null,
            "reinvestment_rate": null,
            "research_to_sale_ratio": null,
            "price_fair": 0,
            "eps_avg_yearly": 0,
            "eps_latest_yearly": 0,
            "eps_growth_yearly": 0
        },
        "20033": {
            "year_quarter": 20033,
            "year": 2003,
            "quarter": 3,
            "eps": 0.09,
            "eps_growth_year": null,
            "eps_4q": 0.08,
            "eps_4q_growth_year": -52.1,
            "roe": 0.94,
            "roe_4q": 0.8399999999999999,
            "gross_profit": 107011,
            "gross_margin": 12.18,
            "gross_margin_4q_avg": 11.19,
            "net_income": 38271,
            "revenue": 878308,
            "common_shares": 4047380,
            "book_valuer_per_share": 10.12,
            "book_valuer_per_share_4q_avg": 10.15,
            "equity": 4097305,
            "current_ratio": 72.61,
            "debt_ratio": 50.78,
            "inventory_turnover_ratio": 1.5,
            "account_receivable_turnover_ratio": null,
            "reinvestment_rate": null,
            "research_to_sale_ratio": null,
            "price_fair": 0,
            "eps_avg_yearly": 0,
            "eps_latest_yearly": 0,
            "eps_growth_yearly": 0
        },
        "20034": {
            "year_quarter": 20034,
            "year": 2003,
            "quarter": 4,
            "eps": 0.2,
            "eps_growth_year": 150,
            "eps_4q": 0.2,
            "eps_4q_growth_year": 21.97,
            "roe": 2,
            "roe_4q": 2.0100000000000002,
            "gross_profit": 139507,
            "gross_margin": 14.26,
            "gross_margin_4q_avg": 11.31,
            "net_income": 82810,
            "revenue": 978284,
            "common_shares": 4047380,
            "book_valuer_per_share": 10.33,
            "book_valuer_per_share_4q_avg": 10.17,
            "equity": 4182069,
            "current_ratio": 142.17,
            "debt_ratio": 56.87,
            "inventory_turnover_ratio": 0.35,
            "account_receivable_turnover_ratio": null,
            "reinvestment_rate": null,
            "research_to_sale_ratio": null,
            "price_fair": 28,
            "eps_avg_yearly": 0.8,
            "eps_latest_yearly": 0.8,
            "eps_growth_yearly": 488.89
        },
        "20041": {
            "year_quarter": 20041,
            "year": 2004,
            "quarter": 1,
            "eps": 0.91,
            "eps_growth_year": null,
            "eps_4q": 1.18,
            "eps_4q_growth_year": 544.17,
            "roe": 8.41,
            "roe_4q": 11.03,
            "gross_profit": 145657,
            "gross_margin": 15.89,
            "gross_margin_4q_avg": 13.41,
            "net_income": 367013,
            "revenue": 916863,
            "common_shares": 4047380,
            "book_valuer_per_share": 11.24,
            "book_valuer_per_share_4q_avg": 10.43,
            "equity": 4548728,
            "current_ratio": 82.99,
            "debt_ratio": 44.75,
            "inventory_turnover_ratio": 0.32,
            "account_receivable_turnover_ratio": null,
            "reinvestment_rate": null,
            "research_to_sale_ratio": null,
            "price_fair": 77.7,
            "eps_avg_yearly": 2.22,
            "eps_latest_yearly": 3.64,
            "eps_growth_yearly": 954.44
        },
        "20042": {
            "year_quarter": 20042,
            "year": 2004,
            "quarter": 2,
            "eps": 0.16,
            "eps_growth_year": null,
            "eps_4q": 1.34,
            "eps_4q_growth_year": null,
            "roe": 1.45,
            "roe_4q": 12.799999999999999,
            "gross_profit": 162280,
            "gross_margin": 16.23,
            "gross_margin_4q_avg": 14.64,
            "net_income": 66080,
            "revenue": 999819,
            "common_shares": 4047380,
            "book_valuer_per_share": 11.23,
            "book_valuer_per_share_4q_avg": 10.73,
            "equity": 4547136,
            "current_ratio": 78.94,
            "debt_ratio": 42.92,
            "inventory_turnover_ratio": 1.56,
            "account_receivable_turnover_ratio": null,
            "reinvestment_rate": null,
            "research_to_sale_ratio": null,
            "price_fair": 59.27,
            "eps_avg_yearly": 1.69,
            "eps_latest_yearly": 0.64,
            "eps_growth_yearly": 526.41
        },
        "20043": {
            "year_quarter": 20043,
            "year": 2004,
            "quarter": 3,
            "eps": 0.09,
            "eps_growth_year": 0,
            "eps_4q": 1.31,
            "eps_4q_growth_year": 1516.61,
            "roe": 0.84,
            "roe_4q": 12.7,
            "gross_profit": 111106,
            "gross_margin": 13.35,
            "gross_margin_4q_avg": 14.93,
            "net_income": 38136,
            "revenue": 832324,
            "common_shares": 4047380,
            "book_valuer_per_share": 11.33,
            "book_valuer_per_share_4q_avg": 11.03,
            "equity": 4585618,
            "current_ratio": 81.64,
            "debt_ratio": 43.54,
            "inventory_turnover_ratio": 1.24,
            "account_receivable_turnover_ratio": null,
            "reinvestment_rate": -850.41,
            "research_to_sale_ratio": null,
            "price_fair": 47.6,
            "eps_avg_yearly": 1.36,
            "eps_latest_yearly": 0.36,
            "eps_growth_yearly": 351.05
        },
        "20044": {
            "year_quarter": 20044,
            "year": 2004,
            "quarter": 4,
            "eps": -0.73,
            "eps_growth_year": -465,
            "eps_4q": 0.45,
            "eps_4q_growth_year": 124.34,
            "roe": -6.6,
            "roe_4q": 4.1000000000000005,
            "gross_profit": 120711,
            "gross_margin": 11.59,
            "gross_margin_4q_avg": 14.27,
            "net_income": -294256,
            "revenue": 1041277,
            "common_shares": 4047380,
            "book_valuer_per_share": 10.65,
            "book_valuer_per_share_4q_avg": 11.11,
            "equity": 4326613,
            "current_ratio": 143.73,
            "debt_ratio": 54.44,
            "inventory_turnover_ratio": 0.39,
            "account_receivable_turnover_ratio": null,
            "reinvestment_rate": -1399.39,
            "research_to_sale_ratio": null,
            "price_fair": 47.6,
            "eps_avg_yearly": 1.36,
            "eps_latest_yearly": 0.36,
            "eps_growth_yearly": 351.05
        },
        "20051": {
            "year_quarter": 20051,
            "year": 2005,
            "quarter": 1,
            "eps": 0.17,
            "eps_growth_year": -81.32,
            "eps_4q": -0.3,
            "eps_4q_growth_year": -125.41,
            "roe": 1.58,
            "roe_4q": -2.7299999999999995,
            "gross_profit": 146999,
            "gross_margin": 15.59,
            "gross_margin_4q_avg": 14.19,
            "net_income": 68839,
            "revenue": 942782,
            "common_shares": 4047380,
            "book_valuer_per_share": 10.82,
            "book_valuer_per_share_4q_avg": 11.01,
            "equity": 4379650,
            "current_ratio": 104.43,
            "debt_ratio": 42.33,
            "inventory_turnover_ratio": 0.34,
            "account_receivable_turnover_ratio": null,
            "reinvestment_rate": -628.66,
            "research_to_sale_ratio": null,
            "price_fair": 47.6,
            "eps_avg_yearly": 1.36,
            "eps_latest_yearly": 0.36,
            "eps_growth_yearly": 351.05
        },
        "20052": {
            "year_quarter": 20052,
            "year": 2005,
            "quarter": 2,
            "eps": 0.09,
            "eps_growth_year": -43.75,
            "eps_4q": -0.39,
            "eps_4q_growth_year": -129.08,
            "roe": 0.81,
            "roe_4q": -3.369999999999999,
            "gross_profit": 176544,
            "gross_margin": 16.75,
            "gross_margin_4q_avg": 14.32,
            "net_income": 35101,
            "revenue": 1053828,
            "common_shares": 4047380,
            "book_valuer_per_share": 10.57,
            "book_valuer_per_share_4q_avg": 10.84,
            "equity": 4278402,
            "current_ratio": 101.2,
            "debt_ratio": 43.23,
            "inventory_turnover_ratio": 1.38,
            "account_receivable_turnover_ratio": null,
            "reinvestment_rate": -267.52,
            "research_to_sale_ratio": null,
            "price_fair": 40.6,
            "eps_avg_yearly": 1.16,
            "eps_latest_yearly": 0.36,
            "eps_growth_yearly": 243.2
        },
        "20053": {
            "year_quarter": 20053,
            "year": 2005,
            "quarter": 3,
            "eps": 0.15,
            "eps_growth_year": 66.67,
            "eps_4q": -0.31,
            "eps_4q_growth_year": -123.77,
            "roe": 1.44,
            "roe_4q": -2.7699999999999996,
            "gross_profit": 158996,
            "gross_margin": 15.14,
            "gross_margin_4q_avg": 14.77,
            "net_income": 61949,
            "revenue": 1049943,
            "common_shares": 4047380,
            "book_valuer_per_share": 10.72,
            "book_valuer_per_share_4q_avg": 10.69,
            "equity": 4340351,
            "current_ratio": 107.08,
            "debt_ratio": 42.29,
            "inventory_turnover_ratio": 1.36,
            "account_receivable_turnover_ratio": null,
            "reinvestment_rate": -176.26,
            "research_to_sale_ratio": null,
            "price_fair": 37.33,
            "eps_avg_yearly": 1.07,
            "eps_latest_yearly": 0.6,
            "eps_growth_yearly": 247.11
        },
        "20054": {
            "year_quarter": 20054,
            "year": 2005,
            "quarter": 4,
            "eps": 0.14,
            "eps_growth_year": null,
            "eps_4q": 0.56,
            "eps_4q_growth_year": 24.49,
            "roe": 1.27,
            "roe_4q": 5.1,
            "gross_profit": 191046,
            "gross_margin": 15.85,
            "gross_margin_4q_avg": 15.83,
            "net_income": 55333,
            "revenue": 1204983,
            "common_shares": 4047380,
            "book_valuer_per_share": 10.86,
            "book_valuer_per_share_4q_avg": 10.74,
            "equity": 4402807,
            "current_ratio": 166.81,
            "debt_ratio": 52.39,
            "inventory_turnover_ratio": 0.44,
            "account_receivable_turnover_ratio": null,
            "reinvestment_rate": -132.71,
            "research_to_sale_ratio": null,
            "price_fair": 34.8,
            "eps_avg_yearly": 0.99,
            "eps_latest_yearly": 0.56,
            "eps_growth_yearly": 208
        },
        "20061": {
            "year_quarter": 20061,
            "year": 2006,
            "quarter": 1,
            "eps": 0.21,
            "eps_growth_year": 23.53,
            "eps_4q": 0.58,
            "eps_4q_growth_year": null,
            "roe": 1.93,
            "roe_4q": 5.450000000000001,
            "gross_profit": 162415,
            "gross_margin": 16.25,
            "gross_margin_4q_avg": 16,
            "net_income": 85810,
            "revenue": 999779,
            "common_shares": 4047380,
            "book_valuer_per_share": 11.08,
            "book_valuer_per_share_4q_avg": 10.81,
            "equity": 4483078,
            "current_ratio": 107.3,
            "debt_ratio": 39.62,
            "inventory_turnover_ratio": 0.37,
            "account_receivable_turnover_ratio": null,
            "reinvestment_rate": -72.81,
            "research_to_sale_ratio": null,
            "price_fair": 34.13,
            "eps_avg_yearly": 0.98,
            "eps_latest_yearly": 0.84,
            "eps_growth_yearly": 207
        },
        "20062": {
            "year_quarter": 20062,
            "year": 2006,
            "quarter": 2,
            "eps": 0.32,
            "eps_growth_year": 255.56,
            "eps_4q": 0.82,
            "eps_4q_growth_year": null,
            "roe": 2.94,
            "roe_4q": 7.58,
            "gross_profit": 162263,
            "gross_margin": 16.76,
            "gross_margin_4q_avg": 16,
            "net_income": 130973,
            "revenue": 968013,
            "common_shares": 4047380,
            "book_valuer_per_share": 10.92,
            "book_valuer_per_share_4q_avg": 10.9,
            "equity": 4420251,
            "current_ratio": 89.52,
            "debt_ratio": 41.6,
            "inventory_turnover_ratio": 1.2,
            "account_receivable_turnover_ratio": null,
            "reinvestment_rate": -56.82,
            "research_to_sale_ratio": null,
            "price_fair": 35.31,
            "eps_avg_yearly": 1.01,
            "eps_latest_yearly": 1.28,
            "eps_growth_yearly": 207.28
        },
        "20063": {
            "year_quarter": 20063,
            "year": 2006,
            "quarter": 3,
            "eps": 0.15,
            "eps_growth_year": 0,
            "eps_4q": 0.81,
            "eps_4q_growth_year": null,
            "roe": 1.4,
            "roe_4q": 7.539999999999999,
            "gross_profit": 138708,
            "gross_margin": 13.13,
            "gross_margin_4q_avg": 15.5,
            "net_income": 62119,
            "revenue": 1056651,
            "common_shares": 4047380,
            "book_valuer_per_share": 11.05,
            "book_valuer_per_share_4q_avg": 10.98,
            "equity": 4472553,
            "current_ratio": 82.67,
            "debt_ratio": 42.05,
            "inventory_turnover_ratio": 1.29,
            "account_receivable_turnover_ratio": null,
            "reinvestment_rate": -36.67,
            "research_to_sale_ratio": null,
            "price_fair": 33.88,
            "eps_avg_yearly": 0.97,
            "eps_latest_yearly": 0.6,
            "eps_growth_yearly": 165.3
        },
        "20064": {
            "year_quarter": 20064,
            "year": 2006,
            "quarter": 4,
            "eps": -0.02,
            "eps_growth_year": -114.29,
            "eps_4q": 0.68,
            "eps_4q_growth_year": 21.97,
            "roe": -0.17,
            "roe_4q": 6.1,
            "gross_profit": 86969,
            "gross_margin": 10.04,
            "gross_margin_4q_avg": 14.05,
            "net_income": -7734,
            "revenue": 866217,
            "common_shares": 4047380,
            "book_valuer_per_share": 11.04,
            "book_valuer_per_share_4q_avg": 11.02,
            "equity": 4472683,
            "current_ratio": 150.58,
            "debt_ratio": 51.44,
            "inventory_turnover_ratio": 0.33,
            "account_receivable_turnover_ratio": null,
            "reinvestment_rate": 11.83,
            "research_to_sale_ratio": null,
            "price_fair": 33.88,
            "eps_avg_yearly": 0.97,
            "eps_latest_yearly": 0.6,
            "eps_growth_yearly": 165.3
        },
        "20071": {
            "year_quarter": 20071,
            "year": 2007,
            "quarter": 1,
            "eps": 0.1,
            "eps_growth_year": -52.38,
            "eps_4q": 0.55,
            "eps_4q_growth_year": -5.39,
            "roe": 0.91,
            "roe_4q": 5.08,
            "gross_profit": 94998,
            "gross_margin": 11.84,
            "gross_margin_4q_avg": 12.94,
            "net_income": 41054,
            "revenue": 802557,
            "common_shares": 4047380,
            "book_valuer_per_share": 11.13,
            "book_valuer_per_share_4q_avg": 11.04,
            "equity": 4505898,
            "current_ratio": 89.03,
            "debt_ratio": 40.5,
            "inventory_turnover_ratio": 0.3,
            "account_receivable_turnover_ratio": null,
            "reinvestment_rate": -13.49,
            "research_to_sale_ratio": null,
            "price_fair": 33.88,
            "eps_avg_yearly": 0.97,
            "eps_latest_yearly": 0.6,
            "eps_growth_yearly": 165.3
        },
        "20072": {
            "year_quarter": 20072,
            "year": 2007,
            "quarter": 2,
            "eps": 0.05,
            "eps_growth_year": -84.38,
            "eps_4q": 0.3,
            "eps_4q_growth_year": -63.65,
            "roe": 0.44,
            "roe_4q": 2.58,
            "gross_profit": 98256,
            "gross_margin": 11.72,
            "gross_margin_4q_avg": 11.68,
            "net_income": 19345,
            "revenue": 838263,
            "common_shares": 4047380,
            "book_valuer_per_share": 10.64,
            "book_valuer_per_share_4q_avg": 10.97,
            "equity": 4307235,
            "current_ratio": 82.1,
            "debt_ratio": 43.78,
            "inventory_turnover_ratio": 1.05,
            "account_receivable_turnover_ratio": null,
            "reinvestment_rate": 9.35,
            "research_to_sale_ratio": null,
            "price_fair": 31.44,
            "eps_avg_yearly": 0.9,
            "eps_latest_yearly": 0.2,
            "eps_growth_yearly": 132.09
        },
        "20073": {
            "year_quarter": 20073,
            "year": 2007,
            "quarter": 3,
            "eps": -0.01,
            "eps_growth_year": -106.67,
            "eps_4q": 0.12,
            "eps_4q_growth_year": -85.38,
            "roe": -0.11,
            "roe_4q": 1.07,
            "gross_profit": 53723,
            "gross_margin": 6.81,
            "gross_margin_4q_avg": 10.1,
            "net_income": -4903,
            "revenue": 788664,
            "common_shares": 4047380,
            "book_valuer_per_share": 10.61,
            "book_valuer_per_share_4q_avg": 10.86,
            "equity": 4292555,
            "current_ratio": 80.76,
            "debt_ratio": 44.86,
            "inventory_turnover_ratio": 1.03,
            "account_receivable_turnover_ratio": null,
            "reinvestment_rate": 32.87,
            "research_to_sale_ratio": null,
            "price_fair": 31.44,
            "eps_avg_yearly": 0.9,
            "eps_latest_yearly": 0.2,
            "eps_growth_yearly": 132.09
        },
        "20074": {
            "year_quarter": 20074,
            "year": 2007,
            "quarter": 4,
            "eps": 0.18,
            "eps_growth_year": null,
            "eps_4q": 0.32,
            "eps_4q_growth_year": -53.25,
            "roe": 1.66,
            "roe_4q": 2.9,
            "gross_profit": 60763,
            "gross_margin": 7.19,
            "gross_margin_4q_avg": 9.39,
            "net_income": 71767,
            "revenue": 845032,
            "common_shares": 4047380,
            "book_valuer_per_share": 10.76,
            "book_valuer_per_share_4q_avg": 10.79,
            "equity": 4361697,
            "current_ratio": 153.71,
            "debt_ratio": 55.96,
            "inventory_turnover_ratio": 0.33,
            "account_receivable_turnover_ratio": null,
            "reinvestment_rate": 95.03,
            "research_to_sale_ratio": null,
            "price_fair": 31.78,
            "eps_avg_yearly": 0.91,
            "eps_latest_yearly": 0.2,
            "eps_growth_yearly": 96.41
        },
        "20081": {
            "year_quarter": 20081,
            "year": 2008,
            "quarter": 1,
            "eps": 0.24,
            "eps_growth_year": 140,
            "eps_4q": 0.46,
            "eps_4q_growth_year": -15.95,
            "roe": 2.17,
            "roe_4q": 4.16,
            "gross_profit": 113045,
            "gross_margin": 9.61,
            "gross_margin_4q_avg": 8.83,
            "net_income": 95924,
            "revenue": 1176581,
            "common_shares": 4047380,
            "book_valuer_per_share": 11.02,
            "book_valuer_per_share_4q_avg": 10.76,
            "equity": 4462902,
            "current_ratio": 163.8,
            "debt_ratio": 53.67,
            "inventory_turnover_ratio": 0.27,
            "account_receivable_turnover_ratio": null,
            "reinvestment_rate": 161.48,
            "research_to_sale_ratio": null,
            "price_fair": 1.92,
            "eps_avg_yearly": 0.64,
            "eps_latest_yearly": 0.96,
            "eps_growth_yearly": -32.25
        },
        "20082": {
            "year_quarter": 20082,
            "year": 2008,
            "quarter": 2,
            "eps": -0.03,
            "eps_growth_year": -160,
            "eps_4q": 0.38,
            "eps_4q_growth_year": 29.54,
            "roe": -0.09,
            "roe_4q": 3.6300000000000003,
            "gross_profit": 115160,
            "gross_margin": 9.76,
            "gross_margin_4q_avg": 8.34,
            "net_income": -3759,
            "revenue": 1179639,
            "common_shares": 4047380,
            "book_valuer_per_share": 10.71,
            "book_valuer_per_share_4q_avg": 10.78,
            "equity": 4344452,
            "current_ratio": 156.95,
            "debt_ratio": 55.55,
            "inventory_turnover_ratio": 0.27,
            "account_receivable_turnover_ratio": null,
            "reinvestment_rate": 235.13,
            "research_to_sale_ratio": null,
            "price_fair": 6.4,
            "eps_avg_yearly": 0.64,
            "eps_latest_yearly": 0.96,
            "eps_growth_yearly": 0.79
        },
        "20083": {
            "year_quarter": 20083,
            "year": 2008,
            "quarter": 3,
            "eps": -0.05,
            "eps_growth_year": null,
            "eps_4q": 0.35,
            "eps_4q_growth_year": 193.05,
            "roe": -0.5,
            "roe_4q": 3.24,
            "gross_profit": 104291,
            "gross_margin": 9.32,
            "gross_margin_4q_avg": 8.97,
            "net_income": -21755,
            "revenue": 1118552,
            "common_shares": 4047380,
            "book_valuer_per_share": 10.64,
            "book_valuer_per_share_4q_avg": 10.78,
            "equity": 4314746,
            "current_ratio": 154.63,
            "debt_ratio": 56.83,
            "inventory_turnover_ratio": 0.26,
            "account_receivable_turnover_ratio": null,
            "reinvestment_rate": 296.53,
            "research_to_sale_ratio": null,
            "price_fair": 22.12,
            "eps_avg_yearly": 0.68,
            "eps_latest_yearly": 0.96,
            "eps_growth_yearly": 22.77
        },
        "20084": {
            "year_quarter": 20084,
            "year": 2008,
            "quarter": 4,
            "eps": -0.25,
            "eps_growth_year": -238.89,
            "eps_4q": -0.07,
            "eps_4q_growth_year": -122.94,
            "roe": -2.49,
            "roe_4q": -0.9100000000000001,
            "gross_profit": 99553,
            "gross_margin": 9.99,
            "gross_margin_4q_avg": 9.67,
            "net_income": -106378,
            "revenue": 996847,
            "common_shares": 4047380,
            "book_valuer_per_share": 10.4,
            "book_valuer_per_share_4q_avg": 10.69,
            "equity": 4212811,
            "current_ratio": 150.35,
            "debt_ratio": 57.54,
            "inventory_turnover_ratio": 0.23,
            "account_receivable_turnover_ratio": 2.21,
            "reinvestment_rate": 196.86,
            "research_to_sale_ratio": null,
            "price_fair": 22.12,
            "eps_avg_yearly": 0.68,
            "eps_latest_yearly": 0.96,
            "eps_growth_yearly": 22.77
        },
        "20091": {
            "year_quarter": 20091,
            "year": 2009,
            "quarter": 1,
            "eps": 0.03,
            "eps_growth_year": -87.5,
            "eps_4q": -0.26,
            "eps_4q_growth_year": -155.88,
            "roe": 0.32,
            "roe_4q": -2.7600000000000002,
            "gross_profit": 117997,
            "gross_margin": 14.2,
            "gross_margin_4q_avg": 10.82,
            "net_income": 13694,
            "revenue": 830956,
            "common_shares": 4047380,
            "book_valuer_per_share": 10.43,
            "book_valuer_per_share_4q_avg": 10.55,
            "equity": 4222702,
            "current_ratio": 147.71,
            "debt_ratio": 56.99,
            "inventory_turnover_ratio": 0.18,
            "account_receivable_turnover_ratio": 0.96,
            "reinvestment_rate": 257.16,
            "research_to_sale_ratio": null,
            "price_fair": 22.12,
            "eps_avg_yearly": 0.68,
            "eps_latest_yearly": 0.96,
            "eps_growth_yearly": 22.77
        },
        "20092": {
            "year_quarter": 20092,
            "year": 2009,
            "quarter": 2,
            "eps": 0.04,
            "eps_growth_year": null,
            "eps_4q": -0.22,
            "eps_4q_growth_year": -156.82,
            "roe": 0.39,
            "roe_4q": -2.2800000000000002,
            "gross_profit": 163631,
            "gross_margin": 17.32,
            "gross_margin_4q_avg": 12.71,
            "net_income": 16655,
            "revenue": 944996,
            "common_shares": 4047380,
            "book_valuer_per_share": 10.48,
            "book_valuer_per_share_4q_avg": 10.49,
            "equity": 4245407,
            "current_ratio": 147.04,
            "debt_ratio": 56.35,
            "inventory_turnover_ratio": 0.2,
            "account_receivable_turnover_ratio": 1.08,
            "reinvestment_rate": 278.98,
            "research_to_sale_ratio": null,
            "price_fair": 22.75,
            "eps_avg_yearly": 0.65,
            "eps_latest_yearly": 0.16,
            "eps_growth_yearly": 62.96
        },
        "20093": {
            "year_quarter": 20093,
            "year": 2009,
            "quarter": 3,
            "eps": 0.08,
            "eps_growth_year": null,
            "eps_4q": -0.09,
            "eps_4q_growth_year": -126.89,
            "roe": 0.76,
            "roe_4q": -1.0200000000000002,
            "gross_profit": 138152,
            "gross_margin": 14.37,
            "gross_margin_4q_avg": 13.97,
            "net_income": 32395,
            "revenue": 961126,
            "common_shares": 4047380,
            "book_valuer_per_share": 10.57,
            "book_valuer_per_share_4q_avg": 10.47,
            "equity": 4282100,
            "current_ratio": 147.04,
            "debt_ratio": 55.5,
            "inventory_turnover_ratio": 0.22,
            "account_receivable_turnover_ratio": 1.09,
            "reinvestment_rate": 285.55,
            "research_to_sale_ratio": null,
            "price_fair": 21.53,
            "eps_avg_yearly": 0.62,
            "eps_latest_yearly": 0.32,
            "eps_growth_yearly": 79.63
        },
        "20094": {
            "year_quarter": 20094,
            "year": 2009,
            "quarter": 4,
            "eps": 0.1,
            "eps_growth_year": null,
            "eps_4q": 0.26,
            "eps_4q_growth_year": null,
            "roe": 0.82,
            "roe_4q": 2.29,
            "gross_profit": 109489,
            "gross_margin": 12.26,
            "gross_margin_4q_avg": 14.54,
            "net_income": 35590,
            "revenue": 892724,
            "common_shares": 4047380,
            "book_valuer_per_share": 10.74,
            "book_valuer_per_share_4q_avg": 10.56,
            "equity": 4352058,
            "current_ratio": 154.64,
            "debt_ratio": 53.47,
            "inventory_turnover_ratio": 0.21,
            "account_receivable_turnover_ratio": 2.23,
            "reinvestment_rate": 845.04,
            "research_to_sale_ratio": null,
            "price_fair": 20.83,
            "eps_avg_yearly": 0.6,
            "eps_latest_yearly": 0.4,
            "eps_growth_yearly": 95.46
        },
        "20101": {
            "year_quarter": 20101,
            "year": 2010,
            "quarter": 1,
            "eps": -0.08,
            "eps_growth_year": -366.67,
            "eps_4q": 0.14,
            "eps_4q_growth_year": null,
            "roe": -0.74,
            "roe_4q": 1.23,
            "gross_profit": 61719,
            "gross_margin": 7.49,
            "gross_margin_4q_avg": 12.86,
            "net_income": -32195,
            "revenue": 824510,
            "common_shares": 4047380,
            "book_valuer_per_share": 10.67,
            "book_valuer_per_share_4q_avg": 10.62,
            "equity": 4324808,
            "current_ratio": 159.21,
            "debt_ratio": 53.27,
            "inventory_turnover_ratio": 0.21,
            "account_receivable_turnover_ratio": 1.05,
            "reinvestment_rate": 1118.52,
            "research_to_sale_ratio": 0.06,
            "price_fair": 19.6,
            "eps_avg_yearly": 0.56,
            "eps_latest_yearly": 0.4,
            "eps_growth_yearly": 80.53
        },
        "20102": {
            "year_quarter": 20102,
            "year": 2010,
            "quarter": 2,
            "eps": -0.14,
            "eps_growth_year": -441.86,
            "eps_4q": -0.03,
            "eps_4q_growth_year": null,
            "roe": -1.26,
            "roe_4q": -0.42000000000000015,
            "gross_profit": 31544,
            "gross_margin": 3.79,
            "gross_margin_4q_avg": 9.48,
            "net_income": -53720,
            "revenue": 832191,
            "common_shares": 4047380,
            "book_valuer_per_share": 10.36,
            "book_valuer_per_share_4q_avg": 10.59,
            "equity": 4200394,
            "current_ratio": 154.81,
            "debt_ratio": 54.32,
            "inventory_turnover_ratio": 0.21,
            "account_receivable_turnover_ratio": 1.12,
            "reinvestment_rate": 2326.88,
            "research_to_sale_ratio": 0.03,
            "price_fair": 15.4,
            "eps_avg_yearly": 0.44,
            "eps_latest_yearly": 0.4,
            "eps_growth_yearly": 59.03
        },
        "20103": {
            "year_quarter": 20103,
            "year": 2010,
            "quarter": 3,
            "eps": -0.15,
            "eps_growth_year": -286.65,
            "eps_4q": -0.27,
            "eps_4q_growth_year": null,
            "roe": -1.43,
            "roe_4q": -2.61,
            "gross_profit": 16096,
            "gross_margin": 1.83,
            "gross_margin_4q_avg": 6.34,
            "net_income": -59807,
            "revenue": 881716,
            "common_shares": 4047380,
            "book_valuer_per_share": 10.22,
            "book_valuer_per_share_4q_avg": 10.5,
            "equity": 4146363,
            "current_ratio": 170.89,
            "debt_ratio": 54.39,
            "inventory_turnover_ratio": 0.23,
            "account_receivable_turnover_ratio": 1.19,
            "reinvestment_rate": 9184.56,
            "research_to_sale_ratio": 0.02,
            "price_fair": 14.28,
            "eps_avg_yearly": 0.41,
            "eps_latest_yearly": 0.4,
            "eps_growth_yearly": 113.33
        },
        "20104": {
            "year_quarter": 20104,
            "year": 2010,
            "quarter": 4,
            "eps": -0.1,
            "eps_growth_year": -201.07,
            "eps_4q": -0.47,
            "eps_4q_growth_year": -280.56,
            "roe": -1.02,
            "roe_4q": -4.45,
            "gross_profit": 27456,
            "gross_margin": 2.92,
            "gross_margin_4q_avg": 4.01,
            "net_income": -42105,
            "revenue": 940019,
            "common_shares": 4047380,
            "book_valuer_per_share": 10.15,
            "book_valuer_per_share_4q_avg": 10.35,
            "equity": 4112974,
            "current_ratio": 179.26,
            "debt_ratio": 54.51,
            "inventory_turnover_ratio": 0.25,
            "account_receivable_turnover_ratio": 1.17,
            "reinvestment_rate": 50633.19,
            "research_to_sale_ratio": 0.06,
            "price_fair": 14.28,
            "eps_avg_yearly": 0.41,
            "eps_latest_yearly": 0.4,
            "eps_growth_yearly": 113.33
        },
        "20111": {
            "year_quarter": 20111,
            "year": 2011,
            "quarter": 1,
            "eps": -0.19,
            "eps_growth_year": null,
            "eps_4q": -0.58,
            "eps_4q_growth_year": -501.13,
            "roe": -1.87,
            "roe_4q": -5.58,
            "gross_profit": 16157,
            "gross_margin": 1.62,
            "gross_margin_4q_avg": 2.54,
            "net_income": -76241,
            "revenue": 995565,
            "common_shares": 4047380,
            "book_valuer_per_share": 9.94,
            "book_valuer_per_share_4q_avg": 10.17,
            "equity": 4031992,
            "current_ratio": 168.33,
            "debt_ratio": 55.48,
            "inventory_turnover_ratio": 0.27,
            "account_receivable_turnover_ratio": 1.09,
            "reinvestment_rate": null,
            "research_to_sale_ratio": 0.02,
            "price_fair": 14.28,
            "eps_avg_yearly": 0.41,
            "eps_latest_yearly": 0.4,
            "eps_growth_yearly": 113.33
        },
        "20112": {
            "year_quarter": 20112,
            "year": 2011,
            "quarter": 2,
            "eps": -0.11,
            "eps_growth_year": null,
            "eps_4q": -0.55,
            "eps_4q_growth_year": null,
            "roe": -1.06,
            "roe_4q": -5.38,
            "gross_profit": 37827,
            "gross_margin": 3.63,
            "gross_margin_4q_avg": 2.5,
            "net_income": -42576,
            "revenue": 1042783,
            "common_shares": 4047380,
            "book_valuer_per_share": 9.84,
            "book_valuer_per_share_4q_avg": 10.04,
            "equity": 3988096,
            "current_ratio": 166.36,
            "debt_ratio": 55.9,
            "inventory_turnover_ratio": 0.27,
            "account_receivable_turnover_ratio": 1.1,
            "reinvestment_rate": null,
            "research_to_sale_ratio": 0.06,
            "price_fair": 16.1,
            "eps_avg_yearly": 0.46,
            "eps_latest_yearly": 0.4,
            "eps_growth_yearly": 191.67
        },
        "20113": {
            "year_quarter": 20113,
            "year": 2011,
            "quarter": 3,
            "eps": -0.09,
            "eps_growth_year": null,
            "eps_4q": -0.49,
            "eps_4q_growth_year": null,
            "roe": -0.94,
            "roe_4q": -4.890000000000001,
            "gross_profit": 51804,
            "gross_margin": 4.66,
            "gross_margin_4q_avg": 3.21,
            "net_income": -37832,
            "revenue": 1111519,
            "common_shares": 4047380,
            "book_valuer_per_share": 10.02,
            "book_valuer_per_share_4q_avg": 9.99,
            "equity": 4060516,
            "current_ratio": 166.71,
            "debt_ratio": 55.58,
            "inventory_turnover_ratio": 0.28,
            "account_receivable_turnover_ratio": 1.13,
            "reinvestment_rate": null,
            "research_to_sale_ratio": 0.03,
            "price_fair": 16.1,
            "eps_avg_yearly": 0.46,
            "eps_latest_yearly": 0.4,
            "eps_growth_yearly": 191.67
        },
        "20114": {
            "year_quarter": 20114,
            "year": 2011,
            "quarter": 4,
            "eps": 0.04,
            "eps_growth_year": null,
            "eps_4q": -0.35,
            "eps_4q_growth_year": null,
            "roe": 0.37,
            "roe_4q": -3.5,
            "gross_profit": 67921,
            "gross_margin": 6.81,
            "gross_margin_4q_avg": 4.18,
            "net_income": 15112,
            "revenue": 997331,
            "common_shares": 4047380,
            "book_valuer_per_share": 10.16,
            "book_valuer_per_share_4q_avg": 9.99,
            "equity": 4117161,
            "current_ratio": 203.94,
            "debt_ratio": 54.44,
            "inventory_turnover_ratio": 0.25,
            "account_receivable_turnover_ratio": 0.97,
            "reinvestment_rate": null,
            "research_to_sale_ratio": -0.09,
            "price_fair": 16.1,
            "eps_avg_yearly": 0.46,
            "eps_latest_yearly": 0.4,
            "eps_growth_yearly": 191.67
        },
        "20121": {
            "year_quarter": 20121,
            "year": 2012,
            "quarter": 1,
            "eps": 0.3,
            "eps_growth_year": null,
            "eps_4q": 0.14,
            "eps_4q_growth_year": null,
            "roe": 2.88,
            "roe_4q": 1.25,
            "gross_profit": 58957,
            "gross_margin": 6.22,
            "gross_margin_4q_avg": 5.33,
            "net_income": 120150,
            "revenue": 948413,
            "common_shares": 4047380,
            "book_valuer_per_share": 10.45,
            "book_valuer_per_share_4q_avg": 10.12,
            "equity": 4234993,
            "current_ratio": 225.2,
            "debt_ratio": 52.73,
            "inventory_turnover_ratio": 0.24,
            "account_receivable_turnover_ratio": 0.99,
            "reinvestment_rate": null,
            "research_to_sale_ratio": 0.04,
            "price_fair": 18.2,
            "eps_avg_yearly": 0.52,
            "eps_latest_yearly": 1.2,
            "eps_growth_yearly": 808.33
        },
        "20122": {
            "year_quarter": 20122,
            "year": 2012,
            "quarter": 2,
            "eps": 0.05,
            "eps_growth_year": null,
            "eps_4q": 0.29,
            "eps_4q_growth_year": null,
            "roe": 0.45,
            "roe_4q": 2.7600000000000002,
            "gross_profit": 100304,
            "gross_margin": 9.53,
            "gross_margin_4q_avg": 6.81,
            "net_income": 18958,
            "revenue": 1052567,
            "common_shares": 4047380,
            "book_valuer_per_share": 10.36,
            "book_valuer_per_share_4q_avg": 10.25,
            "equity": 4196348,
            "current_ratio": 217.69,
            "debt_ratio": 53.34,
            "inventory_turnover_ratio": 0.25,
            "account_receivable_turnover_ratio": 1.09,
            "reinvestment_rate": null,
            "research_to_sale_ratio": 0.12,
            "price_fair": 15.96,
            "eps_avg_yearly": 0.46,
            "eps_latest_yearly": 0.2,
            "eps_growth_yearly": 580
        },
        "20123": {
            "year_quarter": 20123,
            "year": 2012,
            "quarter": 3,
            "eps": 0.05,
            "eps_growth_year": null,
            "eps_4q": 0.44,
            "eps_4q_growth_year": null,
            "roe": 0.49,
            "roe_4q": 4.1899999999999995,
            "gross_profit": 77516,
            "gross_margin": 7.72,
            "gross_margin_4q_avg": 7.57,
            "net_income": 20456,
            "revenue": 1003832,
            "common_shares": 4047380,
            "book_valuer_per_share": 10.46,
            "book_valuer_per_share_4q_avg": 10.36,
            "equity": 4236893,
            "current_ratio": 227.97,
            "debt_ratio": 51.45,
            "inventory_turnover_ratio": 0.24,
            "account_receivable_turnover_ratio": 1.07,
            "reinvestment_rate": null,
            "research_to_sale_ratio": 0.1,
            "price_fair": 14.47,
            "eps_avg_yearly": 0.41,
            "eps_latest_yearly": 0.2,
            "eps_growth_yearly": 483.33
        },
        "20124": {
            "year_quarter": 20124,
            "year": 2012,
            "quarter": 4,
            "eps": 0.03,
            "eps_growth_year": -16.04,
            "eps_4q": 0.43,
            "eps_4q_growth_year": null,
            "roe": 0.35,
            "roe_4q": 4.17,
            "gross_profit": 128282,
            "gross_margin": 10.82,
            "gross_margin_4q_avg": 8.57,
            "net_income": 14617,
            "revenue": 1185202,
            "common_shares": 4047380,
            "book_valuer_per_share": 10.37,
            "book_valuer_per_share_4q_avg": 10.41,
            "equity": 4201497,
            "current_ratio": 230.4,
            "debt_ratio": 51.49,
            "inventory_turnover_ratio": 0.28,
            "account_receivable_turnover_ratio": 1.28,
            "reinvestment_rate": null,
            "research_to_sale_ratio": null,
            "price_fair": 13,
            "eps_avg_yearly": 0.37,
            "eps_latest_yearly": 0.12,
            "eps_growth_yearly": 391.43
        },
        "20131": {
            "year_quarter": 20131,
            "year": 2013,
            "quarter": 1,
            "eps": 0.17,
            "eps_growth_year": -43.33,
            "eps_4q": 0.31,
            "eps_4q_growth_year": 118.2,
            "roe": 1.51,
            "roe_4q": 2.8,
            "gross_profit": 151811,
            "gross_margin": 12.61,
            "gross_margin_4q_avg": 10.17,
            "net_income": 63869,
            "revenue": 1203671,
            "common_shares": 4047380,
            "book_valuer_per_share": 10.63,
            "book_valuer_per_share_4q_avg": 10.46,
            "equity": 4283174,
            "current_ratio": 236.7,
            "debt_ratio": 50.05,
            "inventory_turnover_ratio": 0.29,
            "account_receivable_turnover_ratio": 1.18,
            "reinvestment_rate": -13523.98,
            "research_to_sale_ratio": null,
            "price_fair": 14.35,
            "eps_avg_yearly": 0.41,
            "eps_latest_yearly": 0.68,
            "eps_growth_yearly": 575.83
        },
        "20132": {
            "year_quarter": 20132,
            "year": 2013,
            "quarter": 2,
            "eps": 0.11,
            "eps_growth_year": 131.51,
            "eps_4q": 0.37,
            "eps_4q_growth_year": 26.92,
            "roe": 0.98,
            "roe_4q": 3.33,
            "gross_profit": 139937,
            "gross_margin": 12.48,
            "gross_margin_4q_avg": 10.91,
            "net_income": 42224,
            "revenue": 1121734,
            "common_shares": 4047380,
            "book_valuer_per_share": 10.69,
            "book_valuer_per_share_4q_avg": 10.54,
            "equity": 4346426,
            "current_ratio": 244.57,
            "debt_ratio": 50.26,
            "inventory_turnover_ratio": 0.27,
            "account_receivable_turnover_ratio": 1.07,
            "reinvestment_rate": -2366.76,
            "research_to_sale_ratio": null,
            "price_fair": 15.58,
            "eps_avg_yearly": 0.45,
            "eps_latest_yearly": 0.44,
            "eps_growth_yearly": 541.52
        },
        "20133": {
            "year_quarter": 20133,
            "year": 2013,
            "quarter": 3,
            "eps": 0.14,
            "eps_growth_year": 167.52,
            "eps_4q": 0.46,
            "eps_4q_growth_year": 4.2,
            "roe": 1.21,
            "roe_4q": 4.05,
            "gross_profit": 155653,
            "gross_margin": 13.02,
            "gross_margin_4q_avg": 12.23,
            "net_income": 53016,
            "revenue": 1195803,
            "common_shares": 4047380,
            "book_valuer_per_share": 10.82,
            "book_valuer_per_share_4q_avg": 10.63,
            "equity": 4399720,
            "current_ratio": 247.21,
            "debt_ratio": 49.53,
            "inventory_turnover_ratio": 0.28,
            "account_receivable_turnover_ratio": 1.15,
            "reinvestment_rate": -1466.8,
            "research_to_sale_ratio": null,
            "price_fair": 16.63,
            "eps_avg_yearly": 0.48,
            "eps_latest_yearly": 0.56,
            "eps_growth_yearly": 505.16
        },
        "20134": {
            "year_quarter": 20134,
            "year": 2013,
            "quarter": 4,
            "eps": 0.02,
            "eps_growth_year": -38.02,
            "eps_4q": 0.44,
            "eps_4q_growth_year": 2.79,
            "roe": 0.08,
            "roe_4q": 3.7800000000000002,
            "gross_profit": 95001,
            "gross_margin": 7.05,
            "gross_margin_4q_avg": 11.29,
            "net_income": 3708,
            "revenue": 1348382,
            "common_shares": 4047380,
            "book_valuer_per_share": 10.85,
            "book_valuer_per_share_4q_avg": 10.75,
            "equity": 4403404,
            "current_ratio": 250.11,
            "debt_ratio": 48.7,
            "inventory_turnover_ratio": 0.34,
            "account_receivable_turnover_ratio": 1.25,
            "reinvestment_rate": -15246.09,
            "research_to_sale_ratio": null,
            "price_fair": 15.23,
            "eps_avg_yearly": 0.44,
            "eps_latest_yearly": 0.08,
            "eps_growth_yearly": 449.8
        },
        "20141": {
            "year_quarter": 20141,
            "year": 2014,
            "quarter": 1,
            "eps": 0.18,
            "eps_growth_year": 5.88,
            "eps_4q": 0.45,
            "eps_4q_growth_year": 48.01,
            "roe": 1.54,
            "roe_4q": 3.81,
            "gross_profit": 166438,
            "gross_margin": 13.65,
            "gross_margin_4q_avg": 11.55,
            "net_income": 68510,
            "revenue": 1219347,
            "common_shares": 4047380,
            "book_valuer_per_share": 11.05,
            "book_valuer_per_share_4q_avg": 10.85,
            "equity": 4484045,
            "current_ratio": 257.02,
            "debt_ratio": 46.9,
            "inventory_turnover_ratio": 0.29,
            "account_receivable_turnover_ratio": 1.13,
            "reinvestment_rate": -2695.3,
            "research_to_sale_ratio": null,
            "price_fair": 16.33,
            "eps_avg_yearly": 0.47,
            "eps_latest_yearly": 0.72,
            "eps_growth_yearly": 755.38
        },
        "20142": {
            "year_quarter": 20142,
            "year": 2014,
            "quarter": 2,
            "eps": 0.37,
            "eps_growth_year": 236.36,
            "eps_4q": 0.71,
            "eps_4q_growth_year": 91.57,
            "roe": 3.37,
            "roe_4q": 6.2,
            "gross_profit": 198950,
            "gross_margin": 15.59,
            "gross_margin_4q_avg": 12.33,
            "net_income": 150408,
            "revenue": 1276260,
            "common_shares": 4047380,
            "book_valuer_per_share": 10.95,
            "book_valuer_per_share_4q_avg": 10.92,
            "equity": 4443999,
            "current_ratio": 246.91,
            "debt_ratio": 47.77,
            "inventory_turnover_ratio": 0.3,
            "account_receivable_turnover_ratio": 1.21,
            "reinvestment_rate": -1026.18,
            "research_to_sale_ratio": null,
            "price_fair": 19.88,
            "eps_avg_yearly": 0.57,
            "eps_latest_yearly": 1.48,
            "eps_growth_yearly": 722.06
        },
        "20143": {
            "year_quarter": 20143,
            "year": 2014,
            "quarter": 3,
            "eps": 0.2,
            "eps_growth_year": 42.86,
            "eps_4q": 0.78,
            "eps_4q_growth_year": 70.29,
            "roe": 1.72,
            "roe_4q": 6.71,
            "gross_profit": 175100,
            "gross_margin": 14.16,
            "gross_margin_4q_avg": 12.61,
            "net_income": 77193,
            "revenue": 1236683,
            "common_shares": 4047380,
            "book_valuer_per_share": 11.12,
            "book_valuer_per_share_4q_avg": 10.99,
            "equity": 4508251,
            "current_ratio": 264.19,
            "debt_ratio": 46.42,
            "inventory_turnover_ratio": 0.29,
            "account_receivable_turnover_ratio": 1.16,
            "reinvestment_rate": -715.78,
            "research_to_sale_ratio": null,
            "price_fair": 20.62,
            "eps_avg_yearly": 0.59,
            "eps_latest_yearly": 0.8,
            "eps_growth_yearly": 639.71
        },
        "20144": {
            "year_quarter": 20144,
            "year": 2014,
            "quarter": 4,
            "eps": 0.18,
            "eps_growth_year": 772.09,
            "eps_4q": 0.94,
            "eps_4q_growth_year": 111.51,
            "roe": 1.56,
            "roe_4q": 8.190000000000001,
            "gross_profit": 198536,
            "gross_margin": 14.52,
            "gross_margin_4q_avg": 14.48,
            "net_income": 70956,
            "revenue": 1366908,
            "common_shares": 4047380,
            "book_valuer_per_share": 11.33,
            "book_valuer_per_share_4q_avg": 11.11,
            "equity": 4615114,
            "current_ratio": 238.3,
            "debt_ratio": 44.82,
            "inventory_turnover_ratio": 0.32,
            "account_receivable_turnover_ratio": 1.24,
            "reinvestment_rate": -587.5,
            "research_to_sale_ratio": null,
            "price_fair": 21,
            "eps_avg_yearly": 0.6,
            "eps_latest_yearly": 0.72,
            "eps_growth_yearly": 583.07
        },
        "20151": {
            "year_quarter": 20151,
            "year": 2015,
            "quarter": 1,
            "eps": 0.39,
            "eps_growth_year": 116.67,
            "eps_4q": 1.14,
            "eps_4q_growth_year": 153.04,
            "roe": 3.3,
            "roe_4q": 9.95,
            "gross_profit": 269476,
            "gross_margin": 20.88,
            "gross_margin_4q_avg": 16.29,
            "net_income": 155005,
            "revenue": 1290902,
            "common_shares": 4047380,
            "book_valuer_per_share": 11.72,
            "book_valuer_per_share_4q_avg": 11.28,
            "equity": 4771744,
            "current_ratio": 254.83,
            "debt_ratio": 41.87,
            "inventory_turnover_ratio": 0.29,
            "account_receivable_turnover_ratio": 1.17,
            "reinvestment_rate": -418.96,
            "research_to_sale_ratio": null,
            "price_fair": 23.58,
            "eps_avg_yearly": 0.67,
            "eps_latest_yearly": 1.56,
            "eps_growth_yearly": 574.12
        },
        "20152": {
            "year_quarter": 20152,
            "year": 2015,
            "quarter": 2,
            "eps": 0.39,
            "eps_growth_year": 5.41,
            "eps_4q": 1.16,
            "eps_4q_growth_year": 63.19,
            "roe": 3.26,
            "roe_4q": 9.84,
            "gross_profit": 304573,
            "gross_margin": 22.63,
            "gross_margin_4q_avg": 18.05,
            "net_income": 153855,
            "revenue": 1346059,
            "common_shares": 4047380,
            "book_valuer_per_share": 11.48,
            "book_valuer_per_share_4q_avg": 11.41,
            "equity": 4669070,
            "current_ratio": 235.15,
            "debt_ratio": 43.98,
            "inventory_turnover_ratio": 0.29,
            "account_receivable_turnover_ratio": 1.27,
            "reinvestment_rate": -329.12,
            "research_to_sale_ratio": null,
            "price_fair": 25.8,
            "eps_avg_yearly": 0.74,
            "eps_latest_yearly": 1.56,
            "eps_growth_yearly": 533.11
        },
        "20153": {
            "year_quarter": 20153,
            "year": 2015,
            "quarter": 3,
            "eps": 0.23,
            "eps_growth_year": 15,
            "eps_4q": 1.19,
            "eps_4q_growth_year": 52.97,
            "roe": 1.92,
            "roe_4q": 10.040000000000001,
            "gross_profit": 175516,
            "gross_margin": 15.49,
            "gross_margin_4q_avg": 18.38,
            "net_income": 90634,
            "revenue": 1133105,
            "common_shares": 4047380,
            "book_valuer_per_share": 11.71,
            "book_valuer_per_share_4q_avg": 11.56,
            "equity": 4774614,
            "current_ratio": 265.41,
            "debt_ratio": 40.51,
            "inventory_turnover_ratio": 0.27,
            "account_receivable_turnover_ratio": 1.17,
            "reinvestment_rate": -289.27,
            "research_to_sale_ratio": null,
            "price_fair": 26.23,
            "eps_avg_yearly": 0.75,
            "eps_latest_yearly": 0.92,
            "eps_growth_yearly": 486.63
        },
        "20154": {
            "year_quarter": 20154,
            "year": 2015,
            "quarter": 4,
            "eps": 0.16,
            "eps_growth_year": -14.61,
            "eps_4q": 1.16,
            "eps_4q_growth_year": 23.88,
            "roe": 1.32,
            "roe_4q": 9.8,
            "gross_profit": 152533,
            "gross_margin": 12.15,
            "gross_margin_4q_avg": 17.79,
            "net_income": 63269,
            "revenue": 1255649,
            "common_shares": 4047380,
            "book_valuer_per_share": 11.89,
            "book_valuer_per_share_4q_avg": 11.7,
            "equity": 4845664,
            "current_ratio": 285.67,
            "debt_ratio": 38.32,
            "inventory_turnover_ratio": 0.31,
            "account_receivable_turnover_ratio": 1.41,
            "reinvestment_rate": -276.06,
            "research_to_sale_ratio": null,
            "price_fair": 25.99,
            "eps_avg_yearly": 0.74,
            "eps_latest_yearly": 0.64,
            "eps_growth_yearly": 448.6
        },
        "20161": {
            "year_quarter": 20161,
            "year": 2016,
            "quarter": 1,
            "eps": 0.26,
            "eps_growth_year": -33.33,
            "eps_4q": 1.03,
            "eps_4q_growth_year": -9.85,
            "roe": 2.13,
            "roe_4q": 8.629999999999999,
            "gross_profit": 190809,
            "gross_margin": 19.16,
            "gross_margin_4q_avg": 17.36,
            "net_income": 104371,
            "revenue": 995636,
            "common_shares": 4047380,
            "book_valuer_per_share": 12.13,
            "book_valuer_per_share_4q_avg": 11.8,
            "equity": 4945380,
            "current_ratio": 255.55,
            "debt_ratio": 36.12,
            "inventory_turnover_ratio": 0.23,
            "account_receivable_turnover_ratio": 1.22,
            "reinvestment_rate": -273.93,
            "research_to_sale_ratio": null,
            "price_fair": 25.64,
            "eps_avg_yearly": 0.73,
            "eps_latest_yearly": 1.04,
            "eps_growth_yearly": 301.73
        },
        "20162": {
            "year_quarter": 20162,
            "year": 2016,
            "quarter": 2,
            "eps": 0.23,
            "eps_growth_year": -41.03,
            "eps_4q": 0.86,
            "eps_4q_growth_year": -25.73,
            "roe": 1.88,
            "roe_4q": 7.25,
            "gross_profit": 193673,
            "gross_margin": 17.46,
            "gross_margin_4q_avg": 16.07,
            "net_income": 90393,
            "revenue": 1109333,
            "common_shares": 4047380,
            "book_valuer_per_share": 11.53,
            "book_valuer_per_share_4q_avg": 11.82,
            "equity": 4696296,
            "current_ratio": 224.47,
            "debt_ratio": 39.25,
            "inventory_turnover_ratio": 0.25,
            "account_receivable_turnover_ratio": 1.41,
            "reinvestment_rate": -268.12,
            "research_to_sale_ratio": null,
            "price_fair": 27.21,
            "eps_avg_yearly": 0.78,
            "eps_latest_yearly": 0.92,
            "eps_growth_yearly": 319.68
        },
        "20163": {
            "year_quarter": 20163,
            "year": 2016,
            "quarter": 3,
            "eps": 0.2,
            "eps_growth_year": -13.04,
            "eps_4q": 0.83,
            "eps_4q_growth_year": -29.99,
            "roe": 1.66,
            "roe_4q": 6.99,
            "gross_profit": 163025,
            "gross_margin": 15.45,
            "gross_margin_4q_avg": 16.06,
            "net_income": 78783,
            "revenue": 1055508,
            "common_shares": 4047380,
            "book_valuer_per_share": 11.72,
            "book_valuer_per_share_4q_avg": 11.82,
            "equity": 4771928,
            "current_ratio": 205.54,
            "debt_ratio": 38.83,
            "inventory_turnover_ratio": 0.25,
            "account_receivable_turnover_ratio": 1.31,
            "reinvestment_rate": -257.88,
            "research_to_sale_ratio": null,
            "price_fair": 28.53,
            "eps_avg_yearly": 0.82,
            "eps_latest_yearly": 0.8,
            "eps_growth_yearly": 316.42
        },
        "20164": {
            "year_quarter": 20164,
            "year": 2016,
            "quarter": 4,
            "eps": 0.1,
            "eps_growth_year": -33.99,
            "eps_4q": 0.78,
            "eps_4q_growth_year": -32.93,
            "roe": 0.87,
            "roe_4q": 6.54,
            "gross_profit": 114986,
            "gross_margin": 10.54,
            "gross_margin_4q_avg": 15.65,
            "net_income": 41530,
            "revenue": 1090584,
            "common_shares": 4047380,
            "book_valuer_per_share": 11.79,
            "book_valuer_per_share_4q_avg": 11.79,
            "equity": 4801836,
            "current_ratio": 205.8,
            "debt_ratio": 38.06,
            "inventory_turnover_ratio": 0.27,
            "account_receivable_turnover_ratio": 1.4,
            "reinvestment_rate": -250.17,
            "research_to_sale_ratio": null,
            "price_fair": 29.14,
            "eps_avg_yearly": 0.83,
            "eps_latest_yearly": 0.4,
            "eps_growth_yearly": 313.92
        },
        "20171": {
            "year_quarter": 20171,
            "year": 2017,
            "quarter": 1,
            "eps": 0.05,
            "eps_growth_year": -80.77,
            "eps_4q": 0.57,
            "eps_4q_growth_year": -44.71,
            "roe": 0.39,
            "roe_4q": 4.8,
            "gross_profit": 80854,
            "gross_margin": 9.03,
            "gross_margin_4q_avg": 13.12,
            "net_income": 18645,
            "revenue": 894903,
            "common_shares": 4047380,
            "book_valuer_per_share": 11.8,
            "book_valuer_per_share_4q_avg": 11.71,
            "equity": 4807863,
            "current_ratio": 237.08,
            "debt_ratio": 36.77,
            "inventory_turnover_ratio": 0.22,
            "account_receivable_turnover_ratio": 1.22,
            "reinvestment_rate": -65.19,
            "research_to_sale_ratio": null,
            "price_fair": 28.09,
            "eps_avg_yearly": 0.8,
            "eps_latest_yearly": 0.2,
            "eps_growth_yearly": 184.75
        },
        "20172": {
            "year_quarter": 20172,
            "year": 2017,
            "quarter": 2,
            "eps": 0.02,
            "eps_growth_year": -91.3,
            "eps_4q": 0.37,
            "eps_4q_growth_year": -57.29,
            "roe": 0.21,
            "roe_4q": 3.13,
            "gross_profit": 80303,
            "gross_margin": 9.26,
            "gross_margin_4q_avg": 11.07,
            "net_income": 9744,
            "revenue": 867555,
            "common_shares": 4047380,
            "book_valuer_per_share": 11.21,
            "book_valuer_per_share_4q_avg": 11.63,
            "equity": 4567473,
            "current_ratio": 243.58,
            "debt_ratio": 38.05,
            "inventory_turnover_ratio": 0.21,
            "account_receivable_turnover_ratio": 1.31,
            "reinvestment_rate": -64.54,
            "research_to_sale_ratio": null,
            "price_fair": 27.3,
            "eps_avg_yearly": 0.78,
            "eps_latest_yearly": 0.08,
            "eps_growth_yearly": 178.57
        },
        "20173": {
            "year_quarter": 20173,
            "year": 2017,
            "quarter": 3,
            "eps": -0.02,
            "eps_growth_year": -110,
            "eps_4q": 0.16,
            "eps_4q_growth_year": -81.15,
            "roe": -0.17,
            "roe_4q": 1.3,
            "gross_profit": 44049,
            "gross_margin": 5.3,
            "gross_margin_4q_avg": 8.53,
            "net_income": -7739,
            "revenue": 830409,
            "common_shares": 4047380,
            "book_valuer_per_share": 11.19,
            "book_valuer_per_share_4q_avg": 11.5,
            "equity": 4556062,
            "current_ratio": 253.56,
            "debt_ratio": 37.37,
            "inventory_turnover_ratio": 0.21,
            "account_receivable_turnover_ratio": 1.34,
            "reinvestment_rate": -68.12,
            "research_to_sale_ratio": null,
            "price_fair": 27.81,
            "eps_avg_yearly": 0.79,
            "eps_latest_yearly": 0.08,
            "eps_growth_yearly": 183.21
        },
        "20174": {
            "year_quarter": 20174,
            "year": 2017,
            "quarter": 4,
            "eps": -0.3,
            "eps_growth_year": -396.81,
            "eps_4q": -0.25,
            "eps_4q_growth_year": -132.06,
            "roe": -2.75,
            "roe_4q": -2.32,
            "gross_profit": -76705,
            "gross_margin": -9.11,
            "gross_margin_4q_avg": 3.62,
            "net_income": -123728,
            "revenue": 841587,
            "common_shares": 4047380,
            "book_valuer_per_share": 10.88,
            "book_valuer_per_share_4q_avg": 11.27,
            "equity": 4428542,
            "current_ratio": 266.01,
            "debt_ratio": 38.81,
            "inventory_turnover_ratio": 0.24,
            "account_receivable_turnover_ratio": 1.4,
            "reinvestment_rate": -76.79,
            "research_to_sale_ratio": null,
            "price_fair": 29.6,
            "eps_avg_yearly": 0.85,
            "eps_latest_yearly": 0.08,
            "eps_growth_yearly": 220.78
        },
        "20181": {
            "year_quarter": 20181,
            "year": 2018,
            "quarter": 1,
            "eps": -0.1,
            "eps_growth_year": -300,
            "eps_4q": -0.31,
            "eps_4q_growth_year": -154.13,
            "roe": -0.14,
            "roe_4q": -2.85,
            "gross_profit": 20566,
            "gross_margin": 2.47,
            "gross_margin_4q_avg": 1.98,
            "net_income": -6133,
            "revenue": 832706,
            "common_shares": 4047380,
            "book_valuer_per_share": 10.84,
            "book_valuer_per_share_4q_avg": 11.03,
            "equity": 4410630,
            "current_ratio": 268.59,
            "debt_ratio": 38.36,
            "inventory_turnover_ratio": 0.22,
            "account_receivable_turnover_ratio": 1.37,
            "reinvestment_rate": -89.51,
            "research_to_sale_ratio": null,
            "price_fair": 2.57,
            "eps_avg_yearly": 0.86,
            "eps_latest_yearly": 0.08,
            "eps_growth_yearly": -8.39
        },
        "20182": {
            "year_quarter": 20182,
            "year": 2018,
            "quarter": 2,
            "eps": 0,
            "eps_growth_year": -100,
            "eps_4q": -0.34,
            "eps_4q_growth_year": -191.72,
            "roe": -0.05,
            "roe_4q": -3.11,
            "gross_profit": 41811,
            "gross_margin": 4.91,
            "gross_margin_4q_avg": 0.89,
            "net_income": -2020,
            "revenue": 851540,
            "common_shares": 4047380,
            "book_valuer_per_share": 10.84,
            "book_valuer_per_share_4q_avg": 10.94,
            "equity": 4407631,
            "current_ratio": 282.01,
            "debt_ratio": 38.29,
            "inventory_turnover_ratio": 0.22,
            "account_receivable_turnover_ratio": 1.34,
            "reinvestment_rate": -106.31,
            "research_to_sale_ratio": null,
            "price_fair": 2.41,
            "eps_avg_yearly": 0.8,
            "eps_latest_yearly": 0.08,
            "eps_growth_yearly": -44.27
        },
        "20183": {
            "year_quarter": 20183,
            "year": 2018,
            "quarter": 3,
            "eps": -0.1,
            "eps_growth_year": null,
            "eps_4q": -0.43,
            "eps_4q_growth_year": -371.36,
            "roe": -0.96,
            "roe_4q": -3.9,
            "gross_profit": 7223,
            "gross_margin": 0.93,
            "gross_margin_4q_avg": -0.2,
            "net_income": -42256,
            "revenue": 776177,
            "common_shares": 4047380,
            "book_valuer_per_share": 10.76,
            "book_valuer_per_share_4q_avg": 10.83,
            "equity": 4376566,
            "current_ratio": 341.87,
            "debt_ratio": 39.48,
            "inventory_turnover_ratio": 0.2,
            "account_receivable_turnover_ratio": 1.24,
            "reinvestment_rate": -109.92,
            "research_to_sale_ratio": null,
            "price_fair": 2.41,
            "eps_avg_yearly": 0.8,
            "eps_latest_yearly": 0.08,
            "eps_growth_yearly": -31.59
        },
        "20184": {
            "year_quarter": 20184,
            "year": 2018,
            "quarter": 4,
            "eps": -0.32,
            "eps_growth_year": null,
            "eps_4q": -0.44,
            "eps_4q_growth_year": null,
            "roe": -3.51,
            "roe_4q": -4.659999999999999,
            "gross_profit": -22833,
            "gross_margin": -2.62,
            "gross_margin_4q_avg": 1.42,
            "net_income": -151205,
            "revenue": 870178,
            "common_shares": 4047380,
            "book_valuer_per_share": 10.44,
            "book_valuer_per_share_4q_avg": 10.72,
            "equity": 4226998,
            "current_ratio": 284.47,
            "debt_ratio": 42.04,
            "inventory_turnover_ratio": 0.24,
            "account_receivable_turnover_ratio": 1.46,
            "reinvestment_rate": -93.18,
            "research_to_sale_ratio": null,
            "price_fair": 2.44,
            "eps_avg_yearly": 0.81,
            "eps_latest_yearly": 0.08,
            "eps_growth_yearly": -30.75
        },
        "20191": {
            "year_quarter": 20191,
            "year": 2019,
            "quarter": 1,
            "eps": -0.07,
            "eps_growth_year": null,
            "eps_4q": -0.5,
            "eps_4q_growth_year": null,
            "roe": -0.71,
            "roe_4q": -5.2299999999999995,
            "gross_profit": 26663,
            "gross_margin": 3.2,
            "gross_margin_4q_avg": 1.61,
            "net_income": -29773,
            "revenue": 834345,
            "common_shares": 4047380,
            "book_valuer_per_share": 10.41,
            "book_valuer_per_share_4q_avg": 10.61,
            "equity": 4213824,
            "current_ratio": 269.26,
            "debt_ratio": 43.87,
            "inventory_turnover_ratio": 0.22,
            "account_receivable_turnover_ratio": 1.29,
            "reinvestment_rate": -144.22,
            "research_to_sale_ratio": null,
            "price_fair": 2.19,
            "eps_avg_yearly": 0.73,
            "eps_latest_yearly": 0.08,
            "eps_growth_yearly": -86.02
        },
        "20192": {
            "year_quarter": 20192,
            "year": 2019,
            "quarter": 2,
            "eps": 0.04,
            "eps_growth_year": null,
            "eps_4q": -0.46,
            "eps_4q_growth_year": null,
            "roe": 0.34,
            "roe_4q": -4.84,
            "gross_profit": 70111,
            "gross_margin": 7.78,
            "gross_margin_4q_avg": 2.32,
            "net_income": 14172,
            "revenue": 901108,
            "common_shares": 4047380,
            "book_valuer_per_share": 10.49,
            "book_valuer_per_share_4q_avg": 10.53,
            "equity": 4246681,
            "current_ratio": 267.68,
            "debt_ratio": 42.89,
            "inventory_turnover_ratio": 0.23,
            "account_receivable_turnover_ratio": 1.23,
            "reinvestment_rate": -262.08,
            "research_to_sale_ratio": null,
            "price_fair": 1.88,
            "eps_avg_yearly": 0.63,
            "eps_latest_yearly": 0.08,
            "eps_growth_yearly": -96.77
        },
        "20193": {
            "year_quarter": 20193,
            "year": 2019,
            "quarter": 3,
            "eps": 0.04,
            "eps_growth_year": null,
            "eps_4q": -0.32,
            "eps_4q_growth_year": null,
            "roe": 0.35,
            "roe_4q": -3.53,
            "gross_profit": 89426,
            "gross_margin": 9.67,
            "gross_margin_4q_avg": 4.51,
            "net_income": 14702,
            "revenue": 924652,
            "common_shares": 4047380,
            "book_valuer_per_share": 10.54,
            "book_valuer_per_share_4q_avg": 10.47,
            "equity": 4266800,
            "current_ratio": 261.34,
            "debt_ratio": 42.32,
            "inventory_turnover_ratio": 0.23,
            "account_receivable_turnover_ratio": 1.21,
            "reinvestment_rate": -445.37,
            "research_to_sale_ratio": null,
            "price_fair": 1.59,
            "eps_avg_yearly": 0.53,
            "eps_latest_yearly": 0.16,
            "eps_growth_yearly": -76.26
        },
        "20194": {
            "year_quarter": 20194,
            "year": 2019,
            "quarter": 4,
            "eps": 0.12,
            "eps_growth_year": null,
            "eps_4q": 0.11,
            "eps_4q_growth_year": null,
            "roe": 1.09,
            "roe_4q": 1.07,
            "gross_profit": 112681,
            "gross_margin": 10.52,
            "gross_margin_4q_avg": 7.79,
            "net_income": 46803,
            "revenue": 1071591,
            "common_shares": 4047380,
            "book_valuer_per_share": 10.68,
            "book_valuer_per_share_4q_avg": 10.53,
            "equity": 4320937,
            "current_ratio": 314.58,
            "debt_ratio": 41.04,
            "inventory_turnover_ratio": 0.27,
            "account_receivable_turnover_ratio": 1.28,
            "reinvestment_rate": -575.67,
            "research_to_sale_ratio": null,
            "price_fair": 17.85,
            "eps_avg_yearly": 0.51,
            "eps_latest_yearly": 0.48,
            "eps_growth_yearly": 38.96
        },
        "20201": {
            "year_quarter": 20201,
            "year": 2020,
            "quarter": 1,
            "eps": 0.23,
            "eps_growth_year": null,
            "eps_4q": 0.42,
            "eps_4q_growth_year": null,
            "roe": 2.16,
            "roe_4q": 3.94,
            "gross_profit": 182857,
            "gross_margin": 16.55,
            "gross_margin_4q_avg": 11.13,
            "net_income": 93609,
            "revenue": 1104720,
            "common_shares": 4047380,
            "book_valuer_per_share": 10.73,
            "book_valuer_per_share_4q_avg": 10.61,
            "equity": 4343880,
            "current_ratio": 283.28,
            "debt_ratio": 42.11,
            "inventory_turnover_ratio": 0.26,
            "account_receivable_turnover_ratio": 1.07,
            "reinvestment_rate": -617.66,
            "research_to_sale_ratio": null,
            "price_fair": 17.33,
            "eps_avg_yearly": 0.5,
            "eps_latest_yearly": 0.92,
            "eps_growth_yearly": 53.54
        },
        "20202": {
            "year_quarter": 20202,
            "year": 2020,
            "quarter": 2,
            "eps": 0.33,
            "eps_growth_year": 725,
            "eps_4q": 0.72,
            "eps_4q_growth_year": null,
            "roe": 3.05,
            "roe_4q": 6.6499999999999995,
            "gross_profit": 210373,
            "gross_margin": 18.75,
            "gross_margin_4q_avg": 13.87,
            "net_income": 134811,
            "revenue": 1121976,
            "common_shares": 4047380,
            "book_valuer_per_share": 11.08,
            "book_valuer_per_share_4q_avg": 10.76,
            "equity": 4484004,
            "current_ratio": 288.47,
            "debt_ratio": 40.71,
            "inventory_turnover_ratio": 0.26,
            "account_receivable_turnover_ratio": 1.04,
            "reinvestment_rate": -350.84,
            "research_to_sale_ratio": null,
            "price_fair": 19.08,
            "eps_avg_yearly": 0.55,
            "eps_latest_yearly": 1.32,
            "eps_growth_yearly": 81.05
        },
        "20203": {
            "year_quarter": 20203,
            "year": 2020,
            "quarter": 3,
            "eps": 0.24,
            "eps_growth_year": 500,
            "eps_4q": 0.92,
            "eps_4q_growth_year": null,
            "roe": 2.18,
            "roe_4q": 8.48,
            "gross_profit": 177744,
            "gross_margin": 15.71,
            "gross_margin_4q_avg": 15.38,
            "net_income": 98575,
            "revenue": 1131650,
            "common_shares": 4047380,
            "book_valuer_per_share": 11.32,
            "book_valuer_per_share_4q_avg": 10.95,
            "equity": 4579856,
            "current_ratio": 262.42,
            "debt_ratio": 41.83,
            "inventory_turnover_ratio": 0.27,
            "account_receivable_turnover_ratio": 1.1,
            "reinvestment_rate": 143.2,
            "research_to_sale_ratio": null,
            "price_fair": 19.78,
            "eps_avg_yearly": 0.57,
            "eps_latest_yearly": 0.96,
            "eps_growth_yearly": 73.94
        },
        "20204": {
            "year_quarter": 20204,
            "year": 2020,
            "quarter": 4,
            "eps": 0.16,
            "eps_growth_year": 39.46,
            "eps_4q": 0.97,
            "eps_4q_growth_year": 754.52,
            "roe": 1.41,
            "roe_4q": 8.8,
            "gross_profit": 145701,
            "gross_margin": 12.43,
            "gross_margin_4q_avg": 15.86,
            "net_income": 65274,
            "revenue": 1171826,
            "common_shares": 4047380,
            "book_valuer_per_share": 11.51,
            "book_valuer_per_share_4q_avg": 11.16,
            "equity": 4656919,
            "current_ratio": 244.47,
            "debt_ratio": 41.99,
            "inventory_turnover_ratio": 0.29,
            "account_receivable_turnover_ratio": 1.1,
            "reinvestment_rate": 174.11,
            "research_to_sale_ratio": null,
            "price_fair": 20.83,
            "eps_avg_yearly": 0.6,
            "eps_latest_yearly": 0.64,
            "eps_growth_yearly": 82.27
        },
        "20211": {
            "year_quarter": 20211,
            "year": 2021,
            "quarter": 1,
            "eps": 0.13,
            "eps_growth_year": -43.48,
            "eps_4q": 0.87,
            "eps_4q_growth_year": 108.57,
            "roe": 1.2,
            "roe_4q": 7.84,
            "gross_profit": 139506,
            "gross_margin": 13.34,
            "gross_margin_4q_avg": 15.06,
            "net_income": 54426,
            "revenue": 1045953,
            "common_shares": 4047380,
            "book_valuer_per_share": 10.96,
            "book_valuer_per_share_4q_avg": 11.22,
            "equity": 4434074,
            "current_ratio": 201.92,
            "debt_ratio": 44.49,
            "inventory_turnover_ratio": 0.26,
            "account_receivable_turnover_ratio": 1,
            "reinvestment_rate": 177.07,
            "research_to_sale_ratio": null,
            "price_fair": 22.23,
            "eps_avg_yearly": 0.64,
            "eps_latest_yearly": 0.52,
            "eps_growth_yearly": 97.89
        },
        "20212": {
            "year_quarter": 20212,
            "year": 2021,
            "quarter": 2,
            "eps": 0.2,
            "eps_growth_year": -39.39,
            "eps_4q": 0.74,
            "eps_4q_growth_year": 2.73,
            "roe": 1.78,
            "roe_4q": 6.57,
            "gross_profit": 145752,
            "gross_margin": 14.17,
            "gross_margin_4q_avg": 13.91,
            "net_income": 79556,
            "revenue": 1028262,
            "common_shares": 4047380,
            "book_valuer_per_share": 11.18,
            "book_valuer_per_share_4q_avg": 11.24,
            "equity": 4524608,
            "current_ratio": 198.33,
            "debt_ratio": 43.63,
            "inventory_turnover_ratio": 0.25,
            "account_receivable_turnover_ratio": 1.07,
            "reinvestment_rate": 158.17,
            "research_to_sale_ratio": null,
            "price_fair": 25.38,
            "eps_avg_yearly": 0.73,
            "eps_latest_yearly": 0.8,
            "eps_growth_yearly": 154.82
        },
        "20213": {
            "year_quarter": 20213,
            "year": 2021,
            "quarter": 3,
            "eps": 0.09,
            "eps_growth_year": -62.5,
            "eps_4q": 0.58,
            "eps_4q_growth_year": -37.32,
            "roe": 0.77,
            "roe_4q": 5.16,
            "gross_profit": 100786,
            "gross_margin": 12.13,
            "gross_margin_4q_avg": 13.02,
            "net_income": 35026,
            "revenue": 830801,
            "common_shares": 4047380,
            "book_valuer_per_share": 11.23,
            "book_valuer_per_share_4q_avg": 11.22,
            "equity": 4547203,
            "current_ratio": 193.63,
            "debt_ratio": 42.17,
            "inventory_turnover_ratio": 0.21,
            "account_receivable_turnover_ratio": 1.08,
            "reinvestment_rate": 180.53,
            "research_to_sale_ratio": null,
            "price_fair": 23.96,
            "eps_avg_yearly": 0.68,
            "eps_latest_yearly": 0.36,
            "eps_growth_yearly": 113.17
        },
        "20214": {
            "year_quarter": 20214,
            "year": 2021,
            "quarter": 4,
            "eps": 0.23,
            "eps_growth_year": 42.78,
            "eps_4q": 0.65,
            "eps_4q_growth_year": -33.16,
            "roe": 2.03,
            "roe_4q": 5.78,
            "gross_profit": 173982,
            "gross_margin": 20.14,
            "gross_margin_4q_avg": 14.95,
            "net_income": 93197,
            "revenue": 864006,
            "common_shares": 4047380,
            "book_valuer_per_share": 11.48,
            "book_valuer_per_share_4q_avg": 11.21,
            "equity": 4645574,
            "current_ratio": 168.78,
            "debt_ratio": 42.23,
            "inventory_turnover_ratio": 0.19,
            "account_receivable_turnover_ratio": 1.27,
            "reinvestment_rate": 118.7,
            "research_to_sale_ratio": null,
            "price_fair": 24.78,
            "eps_avg_yearly": 0.71,
            "eps_latest_yearly": 0.92,
            "eps_growth_yearly": 164.08
        },
        "20221": {
            "year_quarter": 20221,
            "year": 2022,
            "quarter": 1,
            "eps": 0.14,
            "eps_growth_year": 7.69,
            "eps_4q": 0.65,
            "eps_4q_growth_year": -25.61,
            "roe": 1.21,
            "roe_4q": 5.79,
            "gross_profit": 141408,
            "gross_margin": 16.05,
            "gross_margin_4q_avg": 15.62,
            "net_income": 54885,
            "revenue": 880911,
            "common_shares": 4047380,
            "book_valuer_per_share": 11.01,
            "book_valuer_per_share_4q_avg": 11.23,
            "equity": 4455774,
            "current_ratio": 158.21,
            "debt_ratio": 44.99,
            "inventory_turnover_ratio": 0.2,
            "account_receivable_turnover_ratio": 1.2,
            "reinvestment_rate": 121.48,
            "research_to_sale_ratio": null,
            "price_fair": 24.31,
            "eps_avg_yearly": 0.69,
            "eps_latest_yearly": 0.56,
            "eps_growth_yearly": 134.93
        },
        "20222": {
            "year_quarter": 20222,
            "year": 2022,
            "quarter": 2,
            "eps": 0.29,
            "eps_growth_year": 45,
            "eps_4q": 0.74,
            "eps_4q_growth_year": 0.72,
            "roe": 2.61,
            "roe_4q": 6.619999999999999,
            "gross_profit": 223316,
            "gross_margin": 22.29,
            "gross_margin_4q_avg": 17.65,
            "net_income": 116862,
            "revenue": 1001980,
            "common_shares": 4047380,
            "book_valuer_per_share": 11.13,
            "book_valuer_per_share_4q_avg": 11.21,
            "equity": 4505986,
            "current_ratio": 151.08,
            "debt_ratio": 48.64,
            "inventory_turnover_ratio": 0.21,
            "account_receivable_turnover_ratio": 1.25,
            "reinvestment_rate": 110.04,
            "research_to_sale_ratio": null,
            "price_fair": 25.67,
            "eps_avg_yearly": 0.73,
            "eps_latest_yearly": 1.16,
            "eps_growth_yearly": 159.4
        },
        "20223": {
            "year_quarter": 20223,
            "year": 2022,
            "quarter": 3,
            "eps": 0.33,
            "eps_growth_year": 266.67,
            "eps_4q": 0.98,
            "eps_4q_growth_year": 69.85,
            "roe": 2.92,
            "roe_4q": 8.77,
            "gross_profit": 219999,
            "gross_margin": 20.69,
            "gross_margin_4q_avg": 19.79,
            "net_income": 132973,
            "revenue": 1063288,
            "common_shares": 4047380,
            "book_valuer_per_share": 11.39,
            "book_valuer_per_share_4q_avg": 11.25,
            "equity": 4609166,
            "current_ratio": 146.45,
            "debt_ratio": 50.08,
            "inventory_turnover_ratio": 0.22,
            "account_receivable_turnover_ratio": 1.21,
            "reinvestment_rate": 86.88,
            "research_to_sale_ratio": null,
            "price_fair": 27.25,
            "eps_avg_yearly": 0.78,
            "eps_latest_yearly": 1.32,
            "eps_growth_yearly": 151.38
        },
        "20224": {
            "year_quarter": 20224,
            "year": 2022,
            "quarter": 4,
            "eps": 0.68,
            "eps_growth_year": 196.68,
            "eps_4q": 1.44,
            "eps_4q_growth_year": 121.66,
            "roe": 5.81,
            "roe_4q": 12.55,
            "gross_profit": 406057,
            "gross_margin": 33.75,
            "gross_margin_4q_avg": 23.2,
            "net_income": 276501,
            "revenue": 1203074,
            "common_shares": 4047380,
            "book_valuer_per_share": 12.12,
            "book_valuer_per_share_4q_avg": 11.41,
            "equity": 4905789,
            "current_ratio": 169.69,
            "debt_ratio": 49.23,
            "inventory_turnover_ratio": 0.2,
            "account_receivable_turnover_ratio": 1.27,
            "reinvestment_rate": 88.94,
            "research_to_sale_ratio": null,
            "price_fair": 32.1,
            "eps_avg_yearly": 0.92,
            "eps_latest_yearly": 2.72,
            "eps_growth_yearly": 170.87
        },
        "20231": {
            "year_quarter": 20231,
            "year": 2023,
            "quarter": 1,
            "eps": 0.31,
            "eps_growth_year": 121.43,
            "eps_4q": 1.61,
            "eps_4q_growth_year": 148.81,
            "roe": 2.65,
            "roe_4q": 13.989999999999998,
            "gross_profit": 201331,
            "gross_margin": 18.43,
            "gross_margin_4q_avg": 23.79,
            "net_income": 127214,
            "revenue": 1092665,
            "common_shares": 4047380,
            "book_valuer_per_share": 11.64,
            "book_valuer_per_share_4q_avg": 11.57,
            "equity": 4710211,
            "current_ratio": 167.06,
            "debt_ratio": 51.43,
            "inventory_turnover_ratio": 0.22,
            "account_receivable_turnover_ratio": 1.07,
            "reinvestment_rate": 82.82,
            "research_to_sale_ratio": null,
            "price_fair": 32.85,
            "eps_avg_yearly": 0.94,
            "eps_latest_yearly": 1.24,
            "eps_growth_yearly": 144.97
        },
        "20232": {
            "year_quarter": 20232,
            "year": 2023,
            "quarter": 2,
            "eps": 0.37,
            "eps_growth_year": 27.59,
            "eps_4q": 1.7,
            "eps_4q_growth_year": 129.46,
            "roe": 3.18,
            "roe_4q": 14.56,
            "gross_profit": 272852,
            "gross_margin": 20.64,
            "gross_margin_4q_avg": 23.38,
            "net_income": 151640,
            "revenue": 1322108,
            "common_shares": 4047380,
            "book_valuer_per_share": 11.89,
            "book_valuer_per_share_4q_avg": 11.76,
            "equity": 4812635,
            "current_ratio": 189.26,
            "debt_ratio": 50.52,
            "inventory_turnover_ratio": 0.26,
            "account_receivable_turnover_ratio": 1.22,
            "reinvestment_rate": 85.3,
            "research_to_sale_ratio": null,
            "price_fair": 34.04,
            "eps_avg_yearly": 0.97,
            "eps_latest_yearly": 1.48,
            "eps_growth_yearly": 140.75
        }
    },
    "months": {
        "2001-10": {
            "month": "2001-10",
            "price": "2.75",
            "revenue": 245076
        },
        "2001-11": {
            "month": "2001-11",
            "price": "2.50",
            "revenue": 261390
        },
        "2001-12": {
            "month": "2001-12",
            "price": "2.78",
            "revenue": 245929
        },
        "2002-01": {
            "month": "2002-01",
            "price": "3.26",
            "revenue": 256163
        },
        "2002-02": {
            "month": "2002-02",
            "price": "5.04",
            "revenue": 146358
        },
        "2002-03": {
            "month": "2002-03",
            "price": "6.69",
            "revenue": 250950
        },
        "2002-04": {
            "month": "2002-04",
            "price": "6.52",
            "revenue": 260185
        },
        "2002-05": {
            "month": "2002-05",
            "price": "5.16",
            "revenue": 311918
        },
        "2002-06": {
            "month": "2002-06",
            "price": "5.46",
            "revenue": 256367
        },
        "2002-07": {
            "month": "2002-07",
            "price": "5.60",
            "revenue": 279987
        },
        "2002-08": {
            "month": "2002-08",
            "price": "5.38",
            "revenue": 291686
        },
        "2002-09": {
            "month": "2002-09",
            "price": "4.55",
            "revenue": 241157
        },
        "2002-10": {
            "month": "2002-10",
            "price": "4.18",
            "revenue": 297328
        },
        "2002-11": {
            "month": "2002-11",
            "price": "4.67",
            "revenue": 279891
        },
        "2002-12": {
            "month": "2002-12",
            "price": "5.39",
            "revenue": 261445
        },
        "2003-01": {
            "month": "2003-01",
            "price": "6.56",
            "revenue": 271151
        },
        "2003-02": {
            "month": "2003-02",
            "price": "5.54",
            "revenue": 164427
        },
        "2003-03": {
            "month": "2003-03",
            "price": "4.90",
            "revenue": 263504
        },
        "2003-04": {
            "month": "2003-04",
            "price": "4.90",
            "revenue": 246024
        },
        "2003-05": {
            "month": "2003-05",
            "price": "4.21",
            "revenue": 301082
        },
        "2003-06": {
            "month": "2003-06",
            "price": "4.78",
            "revenue": 253672
        },
        "2003-07": {
            "month": "2003-07",
            "price": "5.02",
            "revenue": 320221
        },
        "2003-08": {
            "month": "2003-08",
            "price": "4.98",
            "revenue": 288678
        },
        "2003-09": {
            "month": "2003-09",
            "price": "5.00",
            "revenue": 269409
        },
        "2003-10": {
            "month": "2003-10",
            "price": "6.11",
            "revenue": 327981
        },
        "2003-11": {
            "month": "2003-11",
            "price": "6.60",
            "revenue": 292394
        },
        "2003-12": {
            "month": "2003-12",
            "price": "6.95",
            "revenue": 357908
        },
        "2004-01": {
            "month": "2004-01",
            "price": "9.20",
            "revenue": 270610
        },
        "2004-02": {
            "month": "2004-02",
            "price": "10.88",
            "revenue": 280489
        },
        "2004-03": {
            "month": "2004-03",
            "price": "10.78",
            "revenue": 365804
        },
        "2004-04": {
            "month": "2004-04",
            "price": "11.40",
            "revenue": 338869
        },
        "2004-05": {
            "month": "2004-05",
            "price": "10.34",
            "revenue": 329588
        },
        "2004-06": {
            "month": "2004-06",
            "price": "9.66",
            "revenue": 331367
        },
        "2004-07": {
            "month": "2004-07",
            "price": "9.43",
            "revenue": 303826
        },
        "2004-08": {
            "month": "2004-08",
            "price": "8.25",
            "revenue": 267883
        },
        "2004-09": {
            "month": "2004-09",
            "price": "10.22",
            "revenue": 260635
        },
        "2004-10": {
            "month": "2004-10",
            "price": "10.11",
            "revenue": 320574
        },
        "2004-11": {
            "month": "2004-11",
            "price": "9.17",
            "revenue": 364862
        },
        "2004-12": {
            "month": "2004-12",
            "price": "8.93",
            "revenue": 355816
        },
        "2005-01": {
            "month": "2005-01",
            "price": "9.25",
            "revenue": 386000
        },
        "2005-02": {
            "month": "2005-02",
            "price": "9.00",
            "revenue": 185213
        },
        "2005-03": {
            "month": "2005-03",
            "price": "8.50",
            "revenue": 371569
        },
        "2005-04": {
            "month": "2005-04",
            "price": "7.78",
            "revenue": 372656
        },
        "2005-05": {
            "month": "2005-05",
            "price": "7.21",
            "revenue": 341375
        },
        "2005-06": {
            "month": "2005-06",
            "price": "7.84",
            "revenue": 339798
        },
        "2005-07": {
            "month": "2005-07",
            "price": "7.62",
            "revenue": 350093
        },
        "2005-08": {
            "month": "2005-08",
            "price": "7.14",
            "revenue": 360394
        },
        "2005-09": {
            "month": "2005-09",
            "price": "7.35",
            "revenue": 339455
        },
        "2005-10": {
            "month": "2005-10",
            "price": "7.24",
            "revenue": 375252
        },
        "2005-11": {
            "month": "2005-11",
            "price": "7.14",
            "revenue": 402169
        },
        "2005-12": {
            "month": "2005-12",
            "price": "7.03",
            "revenue": 427562
        },
        "2006-01": {
            "month": "2006-01",
            "price": "7.18",
            "revenue": 365752
        },
        "2006-02": {
            "month": "2006-02",
            "price": "7.18",
            "revenue": 264671
        },
        "2006-03": {
            "month": "2006-03",
            "price": "6.95",
            "revenue": 369356
        },
        "2006-04": {
            "month": "2006-04",
            "price": "7.26",
            "revenue": 322505
        },
        "2006-05": {
            "month": "2006-05",
            "price": "8.79",
            "revenue": 336477
        },
        "2006-06": {
            "month": "2006-06",
            "price": "8.03",
            "revenue": 309031
        },
        "2006-07": {
            "month": "2006-07",
            "price": "7.98",
            "revenue": 340955
        },
        "2006-08": {
            "month": "2006-08",
            "price": "7.68",
            "revenue": 368655
        },
        "2006-09": {
            "month": "2006-09",
            "price": "8.12",
            "revenue": 347041
        },
        "2006-10": {
            "month": "2006-10",
            "price": "8.90",
            "revenue": 318432
        },
        "2006-11": {
            "month": "2006-11",
            "price": "9.20",
            "revenue": 265030
        },
        "2006-12": {
            "month": "2006-12",
            "price": "10.14",
            "revenue": 282755
        },
        "2007-01": {
            "month": "2007-01",
            "price": "10.00",
            "revenue": 301013
        },
        "2007-02": {
            "month": "2007-02",
            "price": "9.51",
            "revenue": 221534
        },
        "2007-03": {
            "month": "2007-03",
            "price": "9.07",
            "revenue": 280010
        },
        "2007-04": {
            "month": "2007-04",
            "price": "12.64",
            "revenue": 285557
        },
        "2007-05": {
            "month": "2007-05",
            "price": "13.62",
            "revenue": 301060
        },
        "2007-06": {
            "month": "2007-06",
            "price": "13.67",
            "revenue": 251645
        },
        "2007-07": {
            "month": "2007-07",
            "price": "15.33",
            "revenue": 282570
        },
        "2007-08": {
            "month": "2007-08",
            "price": "13.11",
            "revenue": 262394
        },
        "2007-09": {
            "month": "2007-09",
            "price": "12.56",
            "revenue": 243701
        },
        "2007-10": {
            "month": "2007-10",
            "price": "12.80",
            "revenue": 273402
        },
        "2007-11": {
            "month": "2007-11",
            "price": "9.87",
            "revenue": 268997
        },
        "2007-12": {
            "month": "2007-12",
            "price": "8.53",
            "revenue": 302632
        },
        "2008-01": {
            "month": "2008-01",
            "price": "8.74",
            "revenue": 319219
        },
        "2008-02": {
            "month": "2008-02",
            "price": "9.40",
            "revenue": 192885
        },
        "2008-03": {
            "month": "2008-03",
            "price": "11.17",
            "revenue": 295005
        },
        "2008-04": {
            "month": "2008-04",
            "price": "12.33",
            "revenue": 264502
        },
        "2008-05": {
            "month": "2008-05",
            "price": "13.17",
            "revenue": 310160
        },
        "2008-06": {
            "month": "2008-06",
            "price": "10.98",
            "revenue": 285763
        },
        "2008-07": {
            "month": "2008-07",
            "price": "10.00",
            "revenue": 285615
        },
        "2008-08": {
            "month": "2008-08",
            "price": "8.57",
            "revenue": 267672
        },
        "2008-09": {
            "month": "2008-09",
            "price": "6.71",
            "revenue": 239811
        },
        "2008-10": {
            "month": "2008-10",
            "price": "5.74",
            "revenue": 292033
        },
        "2008-11": {
            "month": "2008-11",
            "price": "5.70",
            "revenue": 272773
        },
        "2008-12": {
            "month": "2008-12",
            "price": "5.69",
            "revenue": 278903
        },
        "2009-01": {
            "month": "2009-01",
            "price": "5.73",
            "revenue": 187366
        },
        "2009-02": {
            "month": "2009-02",
            "price": "5.42",
            "revenue": 194095
        },
        "2009-03": {
            "month": "2009-03",
            "price": "5.94",
            "revenue": 218158
        },
        "2009-04": {
            "month": "2009-04",
            "price": "7.42",
            "revenue": 231165
        },
        "2009-05": {
            "month": "2009-05",
            "price": "7.54",
            "revenue": 262742
        },
        "2009-06": {
            "month": "2009-06",
            "price": "7.44",
            "revenue": 256377
        },
        "2009-07": {
            "month": "2009-07",
            "price": "7.29",
            "revenue": 277553
        },
        "2009-08": {
            "month": "2009-08",
            "price": "8.72",
            "revenue": 228360
        },
        "2009-09": {
            "month": "2009-09",
            "price": "8.56",
            "revenue": 246698
        },
        "2009-10": {
            "month": "2009-10",
            "price": "8.65",
            "revenue": 228143
        },
        "2009-11": {
            "month": "2009-11",
            "price": "8.23",
            "revenue": 231253
        },
        "2009-12": {
            "month": "2009-12",
            "price": "8.59",
            "revenue": 262175
        },
        "2010-01": {
            "month": "2010-01",
            "price": "8.74",
            "revenue": 256813
        },
        "2010-02": {
            "month": "2010-02",
            "price": "7.52",
            "revenue": 159414
        },
        "2010-03": {
            "month": "2010-03",
            "price": "7.87",
            "revenue": 247121
        },
        "2010-04": {
            "month": "2010-04",
            "price": "8.24",
            "revenue": 217244
        },
        "2010-05": {
            "month": "2010-05",
            "price": "7.34",
            "revenue": 228733
        },
        "2010-06": {
            "month": "2010-06",
            "price": "7.12",
            "revenue": 210761
        },
        "2010-07": {
            "month": "2010-07",
            "price": "7.29",
            "revenue": 222334
        },
        "2010-08": {
            "month": "2010-08",
            "price": "7.86",
            "revenue": 244985
        },
        "2010-09": {
            "month": "2010-09",
            "price": "7.59",
            "revenue": 244932
        },
        "2010-10": {
            "month": "2010-10",
            "price": "7.64",
            "revenue": 226055
        },
        "2010-11": {
            "month": "2010-11",
            "price": "7.68",
            "revenue": 246254
        },
        "2010-12": {
            "month": "2010-12",
            "price": "7.76",
            "revenue": 255518
        },
        "2011-01": {
            "month": "2011-01",
            "price": "7.89",
            "revenue": 290613
        },
        "2011-02": {
            "month": "2011-02",
            "price": "7.56",
            "revenue": 164703
        },
        "2011-03": {
            "month": "2011-03",
            "price": "7.25",
            "revenue": 282921
        },
        "2011-04": {
            "month": "2011-04",
            "price": "7.52",
            "revenue": 316469
        },
        "2011-05": {
            "month": "2011-05",
            "price": "7.73",
            "revenue": 256817
        },
        "2011-06": {
            "month": "2011-06",
            "price": "7.32",
            "revenue": 241100
        },
        "2011-07": {
            "month": "2011-07",
            "price": "7.18",
            "revenue": 276115
        },
        "2011-08": {
            "month": "2011-08",
            "price": "6.88",
            "revenue": 285623
        },
        "2011-09": {
            "month": "2011-09",
            "price": "6.34",
            "revenue": 288899
        },
        "2011-10": {
            "month": "2011-10",
            "price": "6.09",
            "revenue": 271197
        },
        "2011-11": {
            "month": "2011-11",
            "price": "5.85",
            "revenue": 247552
        },
        "2011-12": {
            "month": "2011-12",
            "price": "5.43",
            "revenue": 273250
        },
        "2012-01": {
            "month": "2012-01",
            "price": "5.27",
            "revenue": 226636
        },
        "2012-02": {
            "month": "2012-02",
            "price": "5.80",
            "revenue": 238923
        },
        "2012-03": {
            "month": "2012-03",
            "price": "5.96",
            "revenue": 302759
        },
        "2012-04": {
            "month": "2012-04",
            "price": "5.88",
            "revenue": 263270
        },
        "2012-05": {
            "month": "2012-05",
            "price": "6.12",
            "revenue": 300290
        },
        "2012-06": {
            "month": "2012-06",
            "price": "6.01",
            "revenue": 261528
        },
        "2012-07": {
            "month": "2012-07",
            "price": "6.23",
            "revenue": 294520
        },
        "2012-08": {
            "month": "2012-08",
            "price": "6.48",
            "revenue": 227546
        },
        "2012-09": {
            "month": "2012-09",
            "price": "6.32",
            "revenue": 288812
        },
        "2012-10": {
            "month": "2012-10",
            "price": "6.28",
            "revenue": 353060
        },
        "2012-11": {
            "month": "2012-11",
            "price": "6.26",
            "revenue": 309670
        },
        "2012-12": {
            "month": "2012-12",
            "price": "6.49",
            "revenue": 328224
        },
        "2013-01": {
            "month": "2013-01",
            "price": "6.81",
            "revenue": 481802
        },
        "2013-02": {
            "month": "2013-02",
            "price": "6.91",
            "revenue": 276936
        },
        "2013-03": {
            "month": "2013-03",
            "price": "7.51",
            "revenue": 444917
        },
        "2013-04": {
            "month": "2013-04",
            "price": "7.07",
            "revenue": 362054
        },
        "2013-05": {
            "month": "2013-05",
            "price": "7.14",
            "revenue": 381384
        },
        "2013-06": {
            "month": "2013-06",
            "price": "7.33",
            "revenue": 368109
        },
        "2013-07": {
            "month": "2013-07",
            "price": "7.58",
            "revenue": 439572
        },
        "2013-08": {
            "month": "2013-08",
            "price": "7.81",
            "revenue": 379115
        },
        "2013-09": {
            "month": "2013-09",
            "price": "7.80",
            "revenue": 387362
        },
        "2013-10": {
            "month": "2013-10",
            "price": "8.04",
            "revenue": 450770
        },
        "2013-11": {
            "month": "2013-11",
            "price": "8.08",
            "revenue": 456920
        },
        "2013-12": {
            "month": "2013-12",
            "price": "8.38",
            "revenue": 440515
        },
        "2014-01": {
            "month": "2014-01",
            "price": "8.28",
            "revenue": 506782
        },
        "2014-02": {
            "month": "2014-02",
            "price": "8.63",
            "revenue": 243173
        },
        "2014-03": {
            "month": "2014-03",
            "price": "9.19",
            "revenue": 466684
        },
        "2014-04": {
            "month": "2014-04",
            "price": "9.10",
            "revenue": 457432
        },
        "2014-05": {
            "month": "2014-05",
            "price": "8.93",
            "revenue": 408903
        },
        "2014-06": {
            "month": "2014-06",
            "price": "9.14",
            "revenue": 412580
        },
        "2014-07": {
            "month": "2014-07",
            "price": "8.88",
            "revenue": 413460
        },
        "2014-08": {
            "month": "2014-08",
            "price": "8.90",
            "revenue": 415985
        },
        "2014-09": {
            "month": "2014-09",
            "price": "10.19",
            "revenue": 407238
        },
        "2014-10": {
            "month": "2014-10",
            "price": "9.75",
            "revenue": 484448
        },
        "2014-11": {
            "month": "2014-11",
            "price": "10.22",
            "revenue": 431778
        },
        "2014-12": {
            "month": "2014-12",
            "price": "10.28",
            "revenue": 450738
        },
        "2015-01": {
            "month": "2015-01",
            "price": "10.22",
            "revenue": 518826
        },
        "2015-02": {
            "month": "2015-02",
            "price": "10.14",
            "revenue": 341533
        },
        "2015-03": {
            "month": "2015-03",
            "price": "10.70",
            "revenue": 431529
        },
        "2015-04": {
            "month": "2015-04",
            "price": "10.96",
            "revenue": 432670
        },
        "2015-05": {
            "month": "2015-05",
            "price": "10.93",
            "revenue": 471084
        },
        "2015-06": {
            "month": "2015-06",
            "price": "10.85",
            "revenue": 441613
        },
        "2015-07": {
            "month": "2015-07",
            "price": "10.35",
            "revenue": 463001
        },
        "2015-08": {
            "month": "2015-08",
            "price": "10.02",
            "revenue": 329405
        },
        "2015-09": {
            "month": "2015-09",
            "price": "10.48",
            "revenue": 340734
        },
        "2015-10": {
            "month": "2015-10",
            "price": "10.34",
            "revenue": 396102
        },
        "2015-11": {
            "month": "2015-11",
            "price": "10.14",
            "revenue": 426840
        },
        "2015-12": {
            "month": "2015-12",
            "price": "10.08",
            "revenue": 428034
        },
        "2016-01": {
            "month": "2016-01",
            "price": "9.63",
            "revenue": 348266
        },
        "2016-02": {
            "month": "2016-02",
            "price": "9.77",
            "revenue": 249352
        },
        "2016-03": {
            "month": "2016-03",
            "price": "10.02",
            "revenue": 392746
        },
        "2016-04": {
            "month": "2016-04",
            "price": "10.28",
            "revenue": 383656
        },
        "2016-05": {
            "month": "2016-05",
            "price": "10.09",
            "revenue": 391241
        },
        "2016-06": {
            "month": "2016-06",
            "price": "10.13",
            "revenue": 337842
        },
        "2016-07": {
            "month": "2016-07",
            "price": "9.94",
            "revenue": 336726
        },
        "2016-08": {
            "month": "2016-08",
            "price": "9.31",
            "revenue": 388420
        },
        "2016-09": {
            "month": "2016-09",
            "price": "9.24",
            "revenue": 335445
        },
        "2016-10": {
            "month": "2016-10",
            "price": "9.12",
            "revenue": 393978
        },
        "2016-11": {
            "month": "2016-11",
            "price": "9.15",
            "revenue": 339521
        },
        "2016-12": {
            "month": "2016-12",
            "price": "9.19",
            "revenue": 345573
        },
        "2017-01": {
            "month": "2017-01",
            "price": "9.16",
            "revenue": 316773
        },
        "2017-02": {
            "month": "2017-02",
            "price": "9.80",
            "revenue": 232100
        },
        "2017-03": {
            "month": "2017-03",
            "price": "10.01",
            "revenue": 343552
        },
        "2017-04": {
            "month": "2017-04",
            "price": "9.77",
            "revenue": 292915
        },
        "2017-05": {
            "month": "2017-05",
            "price": "9.61",
            "revenue": 332953
        },
        "2017-06": {
            "month": "2017-06",
            "price": "9.48",
            "revenue": 243699
        },
        "2017-07": {
            "month": "2017-07",
            "price": "9.35",
            "revenue": 270234
        },
        "2017-08": {
            "month": "2017-08",
            "price": "8.76",
            "revenue": 293423
        },
        "2017-09": {
            "month": "2017-09",
            "price": "8.76",
            "revenue": 267312
        },
        "2017-10": {
            "month": "2017-10",
            "price": "8.71",
            "revenue": 259826
        },
        "2017-11": {
            "month": "2017-11",
            "price": "8.62",
            "revenue": 258913
        },
        "2017-12": {
            "month": "2017-12",
            "price": "8.39",
            "revenue": 291571
        },
        "2018-01": {
            "month": "2018-01",
            "price": "8.52",
            "revenue": 320340
        },
        "2018-02": {
            "month": "2018-02",
            "price": "8.24",
            "revenue": 197481
        },
        "2018-03": {
            "month": "2018-03",
            "price": "8.17",
            "revenue": 314840
        },
        "2018-04": {
            "month": "2018-04",
            "price": "7.61",
            "revenue": 280705
        },
        "2018-05": {
            "month": "2018-05",
            "price": "7.94",
            "revenue": 294581
        },
        "2018-06": {
            "month": "2018-06",
            "price": "8.04",
            "revenue": 276298
        },
        "2018-07": {
            "month": "2018-07",
            "price": "7.92",
            "revenue": 264328
        },
        "2018-08": {
            "month": "2018-08",
            "price": "7.94",
            "revenue": 255469
        },
        "2018-09": {
            "month": "2018-09",
            "price": "7.85",
            "revenue": 256381
        },
        "2018-10": {
            "month": "2018-10",
            "price": "7.41",
            "revenue": 300242
        },
        "2018-11": {
            "month": "2018-11",
            "price": "7.26",
            "revenue": 269955
        },
        "2018-12": {
            "month": "2018-12",
            "price": "7.29",
            "revenue": 300034
        },
        "2019-01": {
            "month": "2019-01",
            "price": "7.40",
            "revenue": 353189
        },
        "2019-02": {
            "month": "2019-02",
            "price": "7.37",
            "revenue": 168065
        },
        "2019-03": {
            "month": "2019-03",
            "price": "7.47",
            "revenue": 313093
        },
        "2019-04": {
            "month": "2019-04",
            "price": "7.25",
            "revenue": 323834
        },
        "2019-05": {
            "month": "2019-05",
            "price": "6.98",
            "revenue": 305274
        },
        "2019-06": {
            "month": "2019-06",
            "price": "6.90",
            "revenue": 271998
        },
        "2019-07": {
            "month": "2019-07",
            "price": "6.92",
            "revenue": 313198
        },
        "2019-08": {
            "month": "2019-08",
            "price": "6.79",
            "revenue": 298541
        },
        "2019-09": {
            "month": "2019-09",
            "price": "6.98",
            "revenue": 312444
        },
        "2019-10": {
            "month": "2019-10",
            "price": "7.59",
            "revenue": 348338
        },
        "2019-11": {
            "month": "2019-11",
            "price": "7.73",
            "revenue": 345873
        },
        "2019-12": {
            "month": "2019-12",
            "price": "7.86",
            "revenue": 377849
        },
        "2020-01": {
            "month": "2020-01",
            "price": "8.19",
            "revenue": 296395
        },
        "2020-02": {
            "month": "2020-02",
            "price": "7.74",
            "revenue": 390288
        },
        "2020-03": {
            "month": "2020-03",
            "price": "6.61",
            "revenue": 418037
        },
        "2020-04": {
            "month": "2020-04",
            "price": "7.18",
            "revenue": 404198
        },
        "2020-05": {
            "month": "2020-05",
            "price": "8.31",
            "revenue": 357162
        },
        "2020-06": {
            "month": "2020-06",
            "price": "9.64",
            "revenue": 360616
        },
        "2020-07": {
            "month": "2020-07",
            "price": "9.86",
            "revenue": 384035
        },
        "2020-08": {
            "month": "2020-08",
            "price": "10.19",
            "revenue": 366847
        },
        "2020-09": {
            "month": "2020-09",
            "price": "11.32",
            "revenue": 380768
        },
        "2020-10": {
            "month": "2020-10",
            "price": "11.37",
            "revenue": 381651
        },
        "2020-11": {
            "month": "2020-11",
            "price": "11.42",
            "revenue": 402129
        },
        "2020-12": {
            "month": "2020-12",
            "price": "11.95",
            "revenue": 388124
        },
        "2021-01": {
            "month": "2021-01",
            "price": "11.31",
            "revenue": 417355
        },
        "2021-02": {
            "month": "2021-02",
            "price": "11.62",
            "revenue": 279071
        },
        "2021-03": {
            "month": "2021-03",
            "price": "12.54",
            "revenue": 349527
        },
        "2021-04": {
            "month": "2021-04",
            "price": "15.44",
            "revenue": 345563
        },
        "2021-05": {
            "month": "2021-05",
            "price": "15.00",
            "revenue": 357039
        },
        "2021-06": {
            "month": "2021-06",
            "price": "13.76",
            "revenue": 325660
        },
        "2021-07": {
            "month": "2021-07",
            "price": "13.42",
            "revenue": 310860
        },
        "2021-08": {
            "month": "2021-08",
            "price": "12.48",
            "revenue": 249977
        },
        "2021-09": {
            "month": "2021-09",
            "price": "11.94",
            "revenue": 269964
        },
        "2021-10": {
            "month": "2021-10",
            "price": "11.73",
            "revenue": 276724
        },
        "2021-11": {
            "month": "2021-11",
            "price": "11.93",
            "revenue": 268037
        },
        "2021-12": {
            "month": "2021-12",
            "price": "11.61",
            "revenue": 319368
        },
        "2022-01": {
            "month": "2022-01",
            "price": "11.49",
            "revenue": 324664
        },
        "2022-02": {
            "month": "2022-02",
            "price": "11.31",
            "revenue": 210635
        },
        "2022-03": {
            "month": "2022-03",
            "price": "11.56",
            "revenue": 345612
        },
        "2022-04": {
            "month": "2022-04",
            "price": "11.79",
            "revenue": 335518
        },
        "2022-05": {
            "month": "2022-05",
            "price": "11.20",
            "revenue": 332258
        },
        "2022-06": {
            "month": "2022-06",
            "price": "10.93",
            "revenue": 334113
        },
        "2022-07": {
            "month": "2022-07",
            "price": "10.61",
            "revenue": 326691
        },
        "2022-08": {
            "month": "2022-08",
            "price": "11.10",
            "revenue": 390053
        },
        "2022-09": {
            "month": "2022-09",
            "price": "10.63",
            "revenue": 346635
        },
        "2022-10": {
            "month": "2022-10",
            "price": "10.23",
            "revenue": 401202
        },
        "2022-11": {
            "month": "2022-11",
            "price": "10.57",
            "revenue": 383773
        },
        "2022-12": {
            "month": "2022-12",
            "price": "10.85",
            "revenue": 418326
        },
        "2023-01": {
            "month": "2023-01",
            "price": "10.98",
            "revenue": 294901
        },
        "2023-02": {
            "month": "2023-02",
            "price": "12.09",
            "revenue": 361748
        },
        "2023-03": {
            "month": "2023-03",
            "price": "13.82",
            "revenue": 436030
        },
        "2023-04": {
            "month": "2023-04",
            "price": "15.73",
            "revenue": 396170
        },
        "2023-05": {
            "month": "2023-05",
            "price": "15.74",
            "revenue": 482963
        },
        "2023-06": {
            "month": "2023-06",
            "price": "16.29",
            "revenue": 442961
        },
        "2023-07": {
            "month": "2023-07",
            "price": "16.66",
            "revenue": 441143
        },
        "2023-08": {
            "month": "2023-08",
            "price": "16.62",
            "revenue": 430420
        }
    }
}
