{
    "summary": {
        "stock_name": "信大",
        "stock_id": "1109",
        "category": "水泥",
        "main_business": "有關水泥及水泥製品之生產及運銷",
        "website_url": "http://www.hsingta.com.tw",
        "ceo": "楊大寬",
        "pe_ratio": 10,
        "report_year_from": 2001,
        "report_year_to": 2023,
        "age": 23,
        "eps_negative_percentage": 4,
        "eps_growth_avg": {
            "last_all": 11.55,
            "last_2y": -17.11,
            "last_4y": -5.99,
            "last_8y": 17.4,
            "last_12y": 23.03,
            "last_16y": 3.07,
            "last_20y": 7.13,
            "at_2006_last_3y": 23.39,
            "at_2007_last_3y": 20.78,
            "at_2008_last_3y": 5.24,
            "at_2009_last_3y": -10.21,
            "at_2010_last_3y": -56.81,
            "at_2011_last_3y": -55.44,
            "at_2012_last_3y": -41.41,
            "at_2013_last_3y": 5.56,
            "at_2014_last_3y": 39.91,
            "at_2015_last_3y": 6.8,
            "at_2016_last_3y": 27.63,
            "at_2017_last_3y": 27.63,
            "at_2018_last_3y": 46.64,
            "at_2019_last_3y": 74.05,
            "at_2020_last_3y": 50.11,
            "at_2021_last_3y": 21.62,
            "at_2022_last_3y": -11.55,
            "at_2023_last_3y": -11.76,
            "at_2024_last_3y": -11.76,
            "at_2006_last_all": 38.71,
            "at_2007_last_all": 22.1,
            "at_2008_last_all": 15.31,
            "at_2009_last_all": 8.29,
            "at_2010_last_all": -3.75,
            "at_2011_last_all": -3.75,
            "at_2012_last_all": -1.7,
            "at_2013_last_all": 7.54,
            "at_2014_last_all": 7.17,
            "at_2015_last_all": -0.5,
            "at_2016_last_all": 6.68,
            "at_2017_last_all": 12.9,
            "at_2018_last_all": 17.04,
            "at_2019_last_all": 17.04,
            "at_2020_last_all": 16.33,
            "at_2021_last_all": 14.73,
            "at_2022_last_all": 11.32,
            "at_2023_last_all": 11.55,
            "at_2024_last_all": 11.55
        },
        "latest_eps": 1.7,
        "latest_price": 17.6,
        "latest_roe": 7.39,
        "latest_gross_margin": 18.19,
        "latest_equity": 9847094,
        "latest_revenue": 1595174,
        "latest_gross_profit": 290098,
        "latest_net_income": 145582,
        "latest_debt_ratio": 12.7,
        "latest_current_ratio": 513.03,
        "latest_account_receivable_turnover_ratio": 1.32,
        "latest_inventory_turnover_ratio": 1.41,
        "latest_reinvestment_rate": -16.48,
        "latest_research_to_sale_ratio": null
    },
    "eps_dividends": {
        "1990": {
            "cash": 0,
            "stock": 3.33,
            "eps": 0
        },
        "1991": {
            "cash": 1,
            "stock": 2,
            "eps": 0
        },
        "1992": {
            "cash": 0.5,
            "stock": 2.5,
            "eps": 0
        },
        "1993": {
            "cash": 0.5,
            "stock": 2,
            "eps": 0
        },
        "1994": {
            "cash": 2,
            "stock": 0,
            "eps": 0
        },
        "1995": {
            "cash": 1.3,
            "stock": 0.5,
            "eps": 0
        },
        "1996": {
            "cash": 1.5,
            "stock": 0,
            "eps": 0
        },
        "1997": {
            "cash": 0.6,
            "stock": 0.6,
            "eps": 0
        },
        "1998": {
            "cash": 0.5,
            "stock": 0.5,
            "eps": 0
        },
        "1999": {
            "cash": 0.7,
            "stock": 0,
            "eps": 0
        },
        "2000": {
            "cash": 0.6,
            "stock": 0,
            "eps": 0
        },
        "2001": {
            "cash": 0.3,
            "stock": 0,
            "eps": 0.07
        },
        "2002": {
            "cash": 0.1,
            "stock": 0,
            "eps": 0.99
        },
        "2003": {
            "cash": 0.5,
            "stock": 0,
            "eps": 0.49
        },
        "2004": {
            "cash": 0.3,
            "stock": 0.3,
            "eps": 0.67
        },
        "2005": {
            "cash": 0.5,
            "stock": 0,
            "eps": 0.81
        },
        "2006": {
            "cash": 0.5,
            "stock": 0,
            "eps": 1.51
        },
        "2007": {
            "cash": 0.6,
            "stock": 0,
            "eps": 0.59
        },
        "2008": {
            "cash": 0.5,
            "stock": 0,
            "eps": 0.44
        },
        "2009": {
            "cash": 0.2,
            "stock": 0,
            "eps": 0.26
        },
        "2010": {
            "cash": 0.35,
            "stock": 0,
            "eps": -0.04
        },
        "2011": {
            "cash": 0.63,
            "stock": 0,
            "eps": 0.18
        },
        "2012": {
            "cash": 0,
            "stock": 0,
            "eps": 0.21
        },
        "2013": {
            "cash": 0.38,
            "stock": 0,
            "eps": 0.65
        },
        "2014": {
            "cash": 1.2,
            "stock": 0,
            "eps": 0.67
        },
        "2015": {
            "cash": 0.2,
            "stock": 0,
            "eps": 0.05
        },
        "2016": {
            "cash": 0.2,
            "stock": 0,
            "eps": 0.42
        },
        "2017": {
            "cash": 0.1,
            "stock": 0,
            "eps": 1.34
        },
        "2018": {
            "cash": 0.1,
            "stock": 0,
            "eps": 2.4
        },
        "2019": {
            "cash": 0.8,
            "stock": 0,
            "eps": 2.81
        },
        "2020": {
            "cash": 1.1,
            "stock": 0,
            "eps": 2.93
        },
        "2021": {
            "cash": 1.5,
            "stock": 0,
            "eps": 2.52
        },
        "2022": {
            "cash": 1.5,
            "stock": 0,
            "eps": 1.17
        },
        "2023": {
            "cash": 0.8,
            "stock": 0,
            "eps": 1.36
        }
    },
    "dividends": {
        "1990-05-26": {
            "cash": 0,
            "stock": 3.33
        },
        "1991-05-24": {
            "cash": 1,
            "stock": 2
        },
        "1992-05-14": {
            "cash": 0.5,
            "stock": 2.5
        },
        "1993-05-25": {
            "cash": 0.5,
            "stock": 2
        },
        "1994-05-27": {
            "cash": 2,
            "stock": 0
        },
        "1995-05-24": {
            "cash": 1.3,
            "stock": 0.5
        },
        "1996-05-14": {
            "cash": 1.5,
            "stock": 0
        },
        "1997-05-24": {
            "cash": 0.6,
            "stock": 0.6
        },
        "1998-05-19": {
            "cash": 0.5,
            "stock": 0.5
        },
        "1999-05-28": {
            "cash": 0.7,
            "stock": 0
        },
        "2000-05-26": {
            "cash": 0.6,
            "stock": 0
        },
        "2001-05-31": {
            "cash": 0.3,
            "stock": 0
        },
        "2002-06-14": {
            "cash": 0.1,
            "stock": 0
        },
        "2003-04-14": {
            "cash": 0.5,
            "stock": 0
        },
        "2004-04-05": {
            "cash": 0.3,
            "stock": 0.3
        },
        "2005-04-20": {
            "cash": 0.5,
            "stock": 0
        },
        "2006-04-17": {
            "cash": 0.5,
            "stock": 0
        },
        "2007-04-13": {
            "cash": 0.6,
            "stock": 0
        },
        "2008-04-18": {
            "cash": 0.5,
            "stock": 0
        },
        "2009-03-30": {
            "cash": 0.2,
            "stock": 0
        },
        "2010-03-29": {
            "cash": 0.35,
            "stock": 0
        },
        "2011-01-01": {
            "cash": 0.35,
            "stock": 0
        },
        "2011-03-31": {
            "cash": 0.28,
            "stock": 0
        },
        "2013-05-10": {
            "cash": 0.38,
            "stock": 0
        },
        "2014-06-12": {
            "cash": 1.2,
            "stock": 0
        },
        "2015-08-12": {
            "cash": 0.2,
            "stock": 0
        },
        "2016-08-05": {
            "cash": 0.2,
            "stock": 0
        },
        "2017-07-28": {
            "cash": 0.1,
            "stock": 0
        },
        "2018-08-15": {
            "cash": 0.1,
            "stock": 0
        },
        "2019-08-15": {
            "cash": 0.8,
            "stock": 0
        },
        "2020-08-17": {
            "cash": 1.1,
            "stock": 0
        },
        "2021-08-27": {
            "cash": 1.5,
            "stock": 0
        },
        "2022-08-30": {
            "cash": 1.5,
            "stock": 0
        },
        "2023-07-13": {
            "cash": 0.8,
            "stock": 0
        }
    },
    "prices": {
        "200101": "11.54",
        "200102": "11.87",
        "200103": "11.58",
        "200104": "11.24",
        "200105": "10.76",
        "200106": "10.65",
        "200107": "9.80",
        "200108": "9.97",
        "200109": "10.41",
        "200110": "9.83",
        "200111": "9.42",
        "200112": "9.89",
        "200201": "9.78",
        "200202": "9.28",
        "200203": "9.83",
        "200204": "10.43",
        "200205": "9.57",
        "200206": "10.10",
        "200207": "9.72",
        "200208": "9.51",
        "200209": "9.38",
        "200210": "8.66",
        "200211": "9.07",
        "200212": "9.45",
        "200301": "10.44",
        "200302": "9.07",
        "200303": "8.67",
        "200304": "8.83",
        "200305": "8.12",
        "200306": "8.71",
        "200307": "8.25",
        "200308": "8.06",
        "200309": "7.93",
        "200310": "8.98",
        "200311": "9.57",
        "200312": "9.13",
        "200401": "10.22",
        "200402": "11.47",
        "200403": "11.66",
        "200404": "11.25",
        "200405": "9.83",
        "200406": "9.55",
        "200407": "9.32",
        "200408": "9.24",
        "200409": "10.61",
        "200410": "10.42",
        "200411": "10.00",
        "200412": "10.10",
        "200501": "10.66",
        "200502": "10.60",
        "200503": "10.24",
        "200504": "9.58",
        "200505": "9.16",
        "200506": "9.44",
        "200507": "9.31",
        "200508": "9.04",
        "200509": "8.98",
        "200510": "8.90",
        "200511": "8.95",
        "200512": "9.03",
        "200601": "9.22",
        "200602": "9.12",
        "200603": "9.00",
        "200604": "9.33",
        "200605": "11.37",
        "200606": "10.39",
        "200607": "10.49",
        "200608": "10.06",
        "200609": "10.24",
        "200610": "11.41",
        "200611": "12.12",
        "200612": "12.99",
        "200701": "12.38",
        "200702": "12.11",
        "200703": "11.77",
        "200704": "12.32",
        "200705": "11.86",
        "200706": "12.08",
        "200707": "13.34",
        "200708": "11.75",
        "200709": "12.07",
        "200710": "12.38",
        "200711": "11.16",
        "200712": "10.77",
        "200801": "10.58",
        "200802": "10.89",
        "200803": "12.06",
        "200804": "12.96",
        "200805": "13.83",
        "200806": "12.22",
        "200807": "10.69",
        "200808": "9.95",
        "200809": "8.46",
        "200810": "7.30",
        "200811": "7.68",
        "200812": "7.96",
        "200901": "7.99",
        "200902": "8.57",
        "200903": "8.80",
        "200904": "9.35",
        "200905": "9.75",
        "200906": "9.53",
        "200907": "9.46",
        "200908": "10.14",
        "200909": "10.21",
        "200910": "10.34",
        "200911": "10.07",
        "200912": "10.32",
        "201001": "10.59",
        "201002": "9.73",
        "201003": "9.96",
        "201004": "10.23",
        "201005": "9.82",
        "201006": "9.67",
        "201007": "9.76",
        "201008": "9.94",
        "201009": "9.83",
        "201010": "10.05",
        "201011": "10.09",
        "201012": "10.16",
        "201101": "10.32",
        "201102": "9.95",
        "201103": "9.93",
        "201104": "10.50",
        "201105": "10.84",
        "201106": "10.86",
        "201107": "11.24",
        "201108": "10.67",
        "201109": "10.41",
        "201110": "10.49",
        "201111": "10.72",
        "201112": "10.36",
        "201201": "10.30",
        "201202": "10.70",
        "201203": "10.85",
        "201204": "10.72",
        "201205": "10.59",
        "201206": "10.33",
        "201207": "10.42",
        "201208": "10.45",
        "201209": "10.68",
        "201210": "10.48",
        "201211": "10.44",
        "201212": "10.55",
        "201301": "10.56",
        "201302": "10.49",
        "201303": "10.47",
        "201304": "10.44",
        "201305": "10.56",
        "201306": "10.57",
        "201307": "10.48",
        "201308": "10.39",
        "201309": "10.51",
        "201310": "10.89",
        "201311": "11.07",
        "201312": "11.77",
        "201401": "11.90",
        "201402": "12.00",
        "201403": "12.02",
        "201404": "13.43",
        "201405": "14.43",
        "201406": "14.67",
        "201407": "14.95",
        "201408": "13.68",
        "201409": "13.99",
        "201410": "13.61",
        "201411": "13.49",
        "201412": "13.52",
        "201501": "13.58",
        "201502": "13.80",
        "201503": "13.87",
        "201504": "13.82",
        "201505": "13.76",
        "201506": "12.60",
        "201507": "11.64",
        "201508": "10.70",
        "201509": "10.22",
        "201510": "10.27",
        "201511": "10.10",
        "201512": "10.03",
        "201601": "9.87",
        "201602": "9.98",
        "201603": "10.00",
        "201604": "10.00",
        "201605": "10.02",
        "201606": "10.12",
        "201607": "10.09",
        "201608": "10.30",
        "201609": "10.27",
        "201610": "10.07",
        "201611": "9.96",
        "201612": "9.99",
        "201701": "10.04",
        "201702": "10.28",
        "201703": "10.37",
        "201704": "10.22",
        "201705": "10.12",
        "201706": "10.35",
        "201707": "10.26",
        "201708": "10.85",
        "201709": "11.80",
        "201710": "12.49",
        "201711": "12.32",
        "201712": "12.77",
        "201801": "13.96",
        "201802": "13.82",
        "201803": "14.08",
        "201804": "13.71",
        "201805": "14.01",
        "201806": "14.84",
        "201807": "15.58",
        "201808": "15.65",
        "201809": "15.22",
        "201810": "13.91",
        "201811": "14.22",
        "201812": "14.14",
        "201901": "13.80",
        "201902": "13.97",
        "201903": "13.94",
        "201904": "16.38",
        "201905": "18.19",
        "201906": "19.03",
        "201907": "18.63",
        "201908": "16.65",
        "201909": "17.20",
        "201910": "18.14",
        "201911": "18.76",
        "201912": "19.01",
        "202001": "20.00",
        "202002": "17.50",
        "202003": "15.75",
        "202004": "16.67",
        "202005": "17.46",
        "202006": "18.02",
        "202007": "17.55",
        "202008": "17.83",
        "202009": "19.54",
        "202010": "19.32",
        "202011": "19.78",
        "202012": "20.28",
        "202101": "19.11",
        "202102": "19.10",
        "202103": "20.59",
        "202104": "26.81",
        "202105": "26.60",
        "202106": "25.87",
        "202107": "25.71",
        "202108": "21.95",
        "202109": "22.47",
        "202110": "21.28",
        "202111": "20.94",
        "202112": "20.13",
        "202201": "20.11",
        "202202": "20.00",
        "202203": "20.18",
        "202204": "20.77",
        "202205": "19.85",
        "202206": "19.92",
        "202207": "19.77",
        "202208": "18.12",
        "202209": "16.78",
        "202210": "15.30",
        "202211": "15.44",
        "202212": "15.98",
        "202301": "15.95",
        "202302": "16.62",
        "202303": "16.98",
        "202304": "17.51",
        "202305": "18.23",
        "202306": "18.61",
        "202307": "17.60",
        "202308": "17.83",
        "202309": "17.97",
        "202310": "17.62",
        "202311": "17.88",
        "202312": "18.16"
    },
    "quarters": {
        "20011": {
            "year_quarter": 20011,
            "year": 2001,
            "quarter": 1,
            "eps": -0.01,
            "eps_growth_year": -105.26,
            "eps_4q": 0.19,
            "eps_4q_growth_year": -70.91,
            "roe": -0.08,
            "roe_4q": -0.08,
            "gross_profit": 26316,
            "gross_margin": 10.29,
            "gross_margin_4q_avg": 10.29,
            "net_income": -4225,
            "net_income_4q": null,
            "revenue": 255666,
            "revenue_4q": null,
            "common_shares": 4207140,
            "book_valuer_per_share": 12.73,
            "book_valuer_per_share_4q_avg": 12.73,
            "equity": 5354534,
            "current_ratio": 373.56,
            "debt_ratio": 12.06,
            "inventory_turnover_ratio": 0.85,
            "account_receivable_turnover_ratio": null,
            "reinvestment_rate": null,
            "research_to_sale_ratio": null,
            "price_fair": 0,
            "eps_avg_yearly": 0,
            "eps_latest_yearly": 0,
            "eps_growth_yearly": 0
        },
        "20012": {
            "year_quarter": 20012,
            "year": 2001,
            "quarter": 2,
            "eps": 0.03,
            "eps_growth_year": -62.5,
            "eps_4q": 0.14,
            "eps_4q_growth_year": -72.67,
            "roe": 0.23,
            "roe_4q": 0.15000000000000002,
            "gross_profit": 26658,
            "gross_margin": 10.7,
            "gross_margin_4q_avg": 10.5,
            "net_income": 12372,
            "net_income_4q": null,
            "revenue": 249232,
            "revenue_4q": null,
            "common_shares": 4207140,
            "book_valuer_per_share": 12.44,
            "book_valuer_per_share_4q_avg": 12.59,
            "equity": 5232007,
            "current_ratio": 270.97,
            "debt_ratio": 14.51,
            "inventory_turnover_ratio": 0.8,
            "account_receivable_turnover_ratio": null,
            "reinvestment_rate": null,
            "research_to_sale_ratio": null,
            "price_fair": 0,
            "eps_avg_yearly": 0,
            "eps_latest_yearly": 0,
            "eps_growth_yearly": 0
        },
        "20013": {
            "year_quarter": 20013,
            "year": 2001,
            "quarter": 3,
            "eps": -0.14,
            "eps_growth_year": -227.27,
            "eps_4q": -0.11,
            "eps_4q_growth_year": -122.24,
            "roe": -1.14,
            "roe_4q": -0.9899999999999999,
            "gross_profit": 15988,
            "gross_margin": 7.26,
            "gross_margin_4q_avg": 9.42,
            "net_income": -59385,
            "net_income_4q": null,
            "revenue": 220295,
            "revenue_4q": null,
            "common_shares": 4207140,
            "book_valuer_per_share": 12.3,
            "book_valuer_per_share_4q_avg": 12.49,
            "equity": 5173768,
            "current_ratio": 350.29,
            "debt_ratio": 11.66,
            "inventory_turnover_ratio": 0.76,
            "account_receivable_turnover_ratio": null,
            "reinvestment_rate": null,
            "research_to_sale_ratio": null,
            "price_fair": 0,
            "eps_avg_yearly": 0,
            "eps_latest_yearly": 0,
            "eps_growth_yearly": 0
        },
        "20014": {
            "year_quarter": 20014,
            "year": 2001,
            "quarter": 4,
            "eps": 0.19,
            "eps_growth_year": 1800,
            "eps_4q": 0.07,
            "eps_4q_growth_year": -81.14,
            "roe": 1.55,
            "roe_4q": 0.5600000000000002,
            "gross_profit": 52297,
            "gross_margin": 15.75,
            "gross_margin_4q_avg": 11,
            "net_income": 81946,
            "net_income_4q": null,
            "revenue": 332010,
            "revenue_4q": null,
            "common_shares": 4207140,
            "book_valuer_per_share": 12.49,
            "book_valuer_per_share_4q_avg": 12.49,
            "equity": 5373085,
            "current_ratio": 311.45,
            "debt_ratio": 13.13,
            "inventory_turnover_ratio": 1.14,
            "account_receivable_turnover_ratio": null,
            "reinvestment_rate": null,
            "research_to_sale_ratio": null,
            "price_fair": 0,
            "eps_avg_yearly": 0,
            "eps_latest_yearly": 0,
            "eps_growth_yearly": 0
        },
        "20021": {
            "year_quarter": 20021,
            "year": 2002,
            "quarter": 1,
            "eps": 0.04,
            "eps_growth_year": null,
            "eps_4q": 0.12,
            "eps_4q_growth_year": -36.56,
            "roe": 0.34,
            "roe_4q": 0.9800000000000002,
            "gross_profit": 65735,
            "gross_margin": 19.48,
            "gross_margin_4q_avg": 13.3,
            "net_income": 17879,
            "net_income_4q": null,
            "revenue": 337413,
            "revenue_4q": null,
            "common_shares": 4207140,
            "book_valuer_per_share": 12.54,
            "book_valuer_per_share_4q_avg": 12.44,
            "equity": 5273948,
            "current_ratio": 278.59,
            "debt_ratio": 14.61,
            "inventory_turnover_ratio": 1.24,
            "account_receivable_turnover_ratio": null,
            "reinvestment_rate": null,
            "research_to_sale_ratio": null,
            "price_fair": 0.48,
            "eps_avg_yearly": 0.16,
            "eps_latest_yearly": 0.16,
            "eps_growth_yearly": -315.79
        },
        "20022": {
            "year_quarter": 20022,
            "year": 2002,
            "quarter": 2,
            "eps": 0.12,
            "eps_growth_year": 300,
            "eps_4q": 0.21,
            "eps_4q_growth_year": 49.96,
            "roe": 0.98,
            "roe_4q": 1.7300000000000002,
            "gross_profit": 106582,
            "gross_margin": 26.41,
            "gross_margin_4q_avg": 17.23,
            "net_income": 51678,
            "net_income_4q": null,
            "revenue": 403537,
            "revenue_4q": null,
            "common_shares": 4207140,
            "book_valuer_per_share": 12.55,
            "book_valuer_per_share_4q_avg": 12.47,
            "equity": 5281435,
            "current_ratio": 267.49,
            "debt_ratio": 15.32,
            "inventory_turnover_ratio": 1.38,
            "account_receivable_turnover_ratio": null,
            "reinvestment_rate": null,
            "research_to_sale_ratio": null,
            "price_fair": 11.2,
            "eps_avg_yearly": 0.32,
            "eps_latest_yearly": 0.48,
            "eps_growth_yearly": 242.11
        },
        "20023": {
            "year_quarter": 20023,
            "year": 2002,
            "quarter": 3,
            "eps": 0.12,
            "eps_growth_year": null,
            "eps_4q": 0.5,
            "eps_4q_growth_year": null,
            "roe": 0.91,
            "roe_4q": 3.7800000000000002,
            "gross_profit": 96252,
            "gross_margin": 26.78,
            "gross_margin_4q_avg": 22.11,
            "net_income": 48445,
            "net_income_4q": null,
            "revenue": 359352,
            "revenue_4q": null,
            "common_shares": 4207140,
            "book_valuer_per_share": 12.67,
            "book_valuer_per_share_4q_avg": 12.56,
            "equity": 5329880,
            "current_ratio": 274.07,
            "debt_ratio": 15.5,
            "inventory_turnover_ratio": 1.19,
            "account_receivable_turnover_ratio": null,
            "reinvestment_rate": null,
            "research_to_sale_ratio": null,
            "price_fair": 13.07,
            "eps_avg_yearly": 0.37,
            "eps_latest_yearly": 0.48,
            "eps_growth_yearly": 161.4
        },
        "20024": {
            "year_quarter": 20024,
            "year": 2002,
            "quarter": 4,
            "eps": 0.71,
            "eps_growth_year": 273.68,
            "eps_4q": 0.99,
            "eps_4q_growth_year": 1290.3,
            "roe": 5.41,
            "roe_4q": 7.640000000000001,
            "gross_profit": 97198,
            "gross_margin": 26.1,
            "gross_margin_4q_avg": 24.69,
            "net_income": 299329,
            "net_income_4q": null,
            "revenue": 372382,
            "revenue_4q": null,
            "common_shares": 4207140,
            "book_valuer_per_share": 13.38,
            "book_valuer_per_share_4q_avg": 12.79,
            "equity": 5737619,
            "current_ratio": 558.11,
            "debt_ratio": 10.33,
            "inventory_turnover_ratio": 1.3,
            "account_receivable_turnover_ratio": null,
            "reinvestment_rate": -33.24,
            "research_to_sale_ratio": null,
            "price_fair": 34.65,
            "eps_avg_yearly": 0.99,
            "eps_latest_yearly": 2.84,
            "eps_growth_yearly": 612.72
        },
        "20031": {
            "year_quarter": 20031,
            "year": 2003,
            "quarter": 1,
            "eps": 0.08,
            "eps_growth_year": 100,
            "eps_4q": 1.04,
            "eps_4q_growth_year": 783.46,
            "roe": 0.58,
            "roe_4q": 7.880000000000001,
            "gross_profit": 82136,
            "gross_margin": 24.46,
            "gross_margin_4q_avg": 25.94,
            "net_income": 33155,
            "net_income_4q": null,
            "revenue": 335741,
            "revenue_4q": null,
            "common_shares": 4207140,
            "book_valuer_per_share": 13.46,
            "book_valuer_per_share_4q_avg": 13.02,
            "equity": 5661413,
            "current_ratio": 408.03,
            "debt_ratio": 12.78,
            "inventory_turnover_ratio": 1.21,
            "account_receivable_turnover_ratio": null,
            "reinvestment_rate": -23.28,
            "research_to_sale_ratio": null,
            "price_fair": 29.96,
            "eps_avg_yearly": 0.86,
            "eps_latest_yearly": 0.32,
            "eps_growth_yearly": 419.19
        },
        "20032": {
            "year_quarter": 20032,
            "year": 2003,
            "quarter": 2,
            "eps": 0.06,
            "eps_growth_year": -50,
            "eps_4q": 0.97,
            "eps_4q_growth_year": 351.47,
            "roe": 0.45,
            "roe_4q": 7.3500000000000005,
            "gross_profit": 98590,
            "gross_margin": 26.09,
            "gross_margin_4q_avg": 25.86,
            "net_income": 25235,
            "net_income_4q": null,
            "revenue": 377919,
            "revenue_4q": null,
            "common_shares": 4207140,
            "book_valuer_per_share": 12.96,
            "book_valuer_per_share_4q_avg": 13.12,
            "equity": 5453584,
            "current_ratio": 372.05,
            "debt_ratio": 12.74,
            "inventory_turnover_ratio": 1.25,
            "account_receivable_turnover_ratio": null,
            "reinvestment_rate": -14.84,
            "research_to_sale_ratio": null,
            "price_fair": 26.37,
            "eps_avg_yearly": 0.75,
            "eps_latest_yearly": 0.24,
            "eps_growth_yearly": 332.66
        },
        "20033": {
            "year_quarter": 20033,
            "year": 2003,
            "quarter": 3,
            "eps": 0.16,
            "eps_growth_year": 33.33,
            "eps_4q": 1.03,
            "eps_4q_growth_year": 108.42,
            "roe": 1.2,
            "roe_4q": 7.640000000000001,
            "gross_profit": 102092,
            "gross_margin": 26.03,
            "gross_margin_4q_avg": 25.67,
            "net_income": 65618,
            "net_income_4q": null,
            "revenue": 392201,
            "revenue_4q": null,
            "common_shares": 4207140,
            "book_valuer_per_share": 13.12,
            "book_valuer_per_share_4q_avg": 13.23,
            "equity": 5519202,
            "current_ratio": 389.84,
            "debt_ratio": 12.21,
            "inventory_turnover_ratio": 1.28,
            "account_receivable_turnover_ratio": null,
            "reinvestment_rate": -9.54,
            "research_to_sale_ratio": null,
            "price_fair": 25.8,
            "eps_avg_yearly": 0.74,
            "eps_latest_yearly": 0.64,
            "eps_growth_yearly": 380.37
        },
        "20034": {
            "year_quarter": 20034,
            "year": 2003,
            "quarter": 4,
            "eps": 0.19,
            "eps_growth_year": -73.24,
            "eps_4q": 0.48,
            "eps_4q_growth_year": -51.08,
            "roe": 1.45,
            "roe_4q": 3.68,
            "gross_profit": 123487,
            "gross_margin": 27.27,
            "gross_margin_4q_avg": 25.96,
            "net_income": 80083,
            "net_income_4q": null,
            "revenue": 452752,
            "revenue_4q": null,
            "common_shares": 4207140,
            "book_valuer_per_share": 13.22,
            "book_valuer_per_share_4q_avg": 13.19,
            "equity": 5563649,
            "current_ratio": 409.56,
            "debt_ratio": 14.08,
            "inventory_turnover_ratio": 1.49,
            "account_receivable_turnover_ratio": null,
            "reinvestment_rate": -7.38,
            "research_to_sale_ratio": null,
            "price_fair": 25.9,
            "eps_avg_yearly": 0.74,
            "eps_latest_yearly": 0.76,
            "eps_growth_yearly": 342.2
        },
        "20041": {
            "year_quarter": 20041,
            "year": 2004,
            "quarter": 1,
            "eps": 0.11,
            "eps_growth_year": 37.5,
            "eps_4q": 0.53,
            "eps_4q_growth_year": -49.65,
            "roe": 0.81,
            "roe_4q": 3.91,
            "gross_profit": 105740,
            "gross_margin": 27.49,
            "gross_margin_4q_avg": 26.72,
            "net_income": 45245,
            "net_income_4q": null,
            "revenue": 384672,
            "revenue_4q": null,
            "common_shares": 4207140,
            "book_valuer_per_share": 13.33,
            "book_valuer_per_share_4q_avg": 13.16,
            "equity": 5608893,
            "current_ratio": 371.37,
            "debt_ratio": 13.46,
            "inventory_turnover_ratio": 1.26,
            "account_receivable_turnover_ratio": null,
            "reinvestment_rate": -1.59,
            "research_to_sale_ratio": null,
            "price_fair": 24.73,
            "eps_avg_yearly": 0.71,
            "eps_latest_yearly": 0.44,
            "eps_growth_yearly": 285.47
        },
        "20042": {
            "year_quarter": 20042,
            "year": 2004,
            "quarter": 2,
            "eps": 0.55,
            "eps_growth_year": 816.67,
            "eps_4q": 1.01,
            "eps_4q_growth_year": 4.27,
            "roe": 4.06,
            "roe_4q": 7.52,
            "gross_profit": 147222,
            "gross_margin": 29.84,
            "gross_margin_4q_avg": 27.66,
            "net_income": 229840,
            "net_income_4q": null,
            "revenue": 493313,
            "revenue_4q": null,
            "common_shares": 4165920,
            "book_valuer_per_share": 13.69,
            "book_valuer_per_share_4q_avg": 13.34,
            "equity": 5703947,
            "current_ratio": 511.95,
            "debt_ratio": 12.16,
            "inventory_turnover_ratio": 1.3,
            "account_receivable_turnover_ratio": null,
            "reinvestment_rate": -22.61,
            "research_to_sale_ratio": null,
            "price_fair": 29.96,
            "eps_avg_yearly": 0.86,
            "eps_latest_yearly": 2.2,
            "eps_growth_yearly": 416.92
        },
        "20043": {
            "year_quarter": 20043,
            "year": 2004,
            "quarter": 3,
            "eps": 0.21,
            "eps_growth_year": 31.25,
            "eps_4q": 1.03,
            "eps_4q_growth_year": -0.01,
            "roe": 1.58,
            "roe_4q": 7.8999999999999995,
            "gross_profit": 147126,
            "gross_margin": 29.1,
            "gross_margin_4q_avg": 28.43,
            "net_income": 90725,
            "net_income_4q": null,
            "revenue": 505501,
            "revenue_4q": null,
            "common_shares": 4290898,
            "book_valuer_per_share": 13.5,
            "book_valuer_per_share_4q_avg": 13.44,
            "equity": 5794672,
            "current_ratio": 876.85,
            "debt_ratio": 9.13,
            "inventory_turnover_ratio": 1.16,
            "account_receivable_turnover_ratio": null,
            "reinvestment_rate": -22.53,
            "research_to_sale_ratio": null,
            "price_fair": 29.91,
            "eps_avg_yearly": 0.85,
            "eps_latest_yearly": 0.84,
            "eps_growth_yearly": 356.54
        },
        "20044": {
            "year_quarter": 20044,
            "year": 2004,
            "quarter": 4,
            "eps": -0.2,
            "eps_growth_year": -205.26,
            "eps_4q": 0.62,
            "eps_4q_growth_year": 27.4,
            "roe": -1.48,
            "roe_4q": 4.970000000000001,
            "gross_profit": 170193,
            "gross_margin": 28.25,
            "gross_margin_4q_avg": 28.67,
            "net_income": -85873,
            "net_income_4q": null,
            "revenue": 602398,
            "revenue_4q": null,
            "common_shares": 4290898,
            "book_valuer_per_share": 13.31,
            "book_valuer_per_share_4q_avg": 13.46,
            "equity": 5831656,
            "current_ratio": 544.7,
            "debt_ratio": 12.79,
            "inventory_turnover_ratio": 1.5,
            "account_receivable_turnover_ratio": null,
            "reinvestment_rate": -39.59,
            "research_to_sale_ratio": null,
            "price_fair": 29.91,
            "eps_avg_yearly": 0.85,
            "eps_latest_yearly": 0.84,
            "eps_growth_yearly": 356.54
        },
        "20051": {
            "year_quarter": 20051,
            "year": 2005,
            "quarter": 1,
            "eps": 0.19,
            "eps_growth_year": 72.73,
            "eps_4q": 0.75,
            "eps_4q_growth_year": 42.89,
            "roe": 1.37,
            "roe_4q": 5.529999999999999,
            "gross_profit": 140471,
            "gross_margin": 30.01,
            "gross_margin_4q_avg": 29.3,
            "net_income": 79483,
            "net_income_4q": null,
            "revenue": 468095,
            "revenue_4q": null,
            "common_shares": 4290898,
            "book_valuer_per_share": 13.5,
            "book_valuer_per_share_4q_avg": 13.5,
            "equity": 5790732,
            "current_ratio": 789.91,
            "debt_ratio": 10.07,
            "inventory_turnover_ratio": 1.15,
            "account_receivable_turnover_ratio": null,
            "reinvestment_rate": -31.09,
            "research_to_sale_ratio": null,
            "price_fair": 29.91,
            "eps_avg_yearly": 0.85,
            "eps_latest_yearly": 0.84,
            "eps_growth_yearly": 356.54
        },
        "20052": {
            "year_quarter": 20052,
            "year": 2005,
            "quarter": 2,
            "eps": 0.17,
            "eps_growth_year": -69.09,
            "eps_4q": 0.37,
            "eps_4q_growth_year": -63.38,
            "roe": 1.26,
            "roe_4q": 2.73,
            "gross_profit": 159458,
            "gross_margin": 29.26,
            "gross_margin_4q_avg": 29.16,
            "net_income": 72148,
            "net_income_4q": null,
            "revenue": 544970,
            "revenue_4q": null,
            "common_shares": 4290898,
            "book_valuer_per_share": 13.13,
            "book_valuer_per_share_4q_avg": 13.36,
            "equity": 5633216,
            "current_ratio": 437.15,
            "debt_ratio": 14.36,
            "inventory_turnover_ratio": 1.23,
            "account_receivable_turnover_ratio": null,
            "reinvestment_rate": -26.21,
            "research_to_sale_ratio": null,
            "price_fair": 29.4,
            "eps_avg_yearly": 0.84,
            "eps_latest_yearly": 0.68,
            "eps_growth_yearly": 323.32
        },
        "20053": {
            "year_quarter": 20053,
            "year": 2005,
            "quarter": 3,
            "eps": 0.31,
            "eps_growth_year": 47.62,
            "eps_4q": 0.46,
            "eps_4q_growth_year": -55.27,
            "roe": 2.36,
            "roe_4q": 3.5100000000000002,
            "gross_profit": 152470,
            "gross_margin": 30.56,
            "gross_margin_4q_avg": 29.52,
            "net_income": 134405,
            "net_income_4q": null,
            "revenue": 498980,
            "revenue_4q": null,
            "common_shares": 4290898,
            "book_valuer_per_share": 13.44,
            "book_valuer_per_share_4q_avg": 13.35,
            "equity": 5767622,
            "current_ratio": 743.71,
            "debt_ratio": 10.65,
            "inventory_turnover_ratio": 1.08,
            "account_receivable_turnover_ratio": null,
            "reinvestment_rate": -21.43,
            "research_to_sale_ratio": null,
            "price_fair": 30.48,
            "eps_avg_yearly": 0.87,
            "eps_latest_yearly": 1.24,
            "eps_growth_yearly": 323.79
        },
        "20054": {
            "year_quarter": 20054,
            "year": 2005,
            "quarter": 4,
            "eps": 0.14,
            "eps_growth_year": null,
            "eps_4q": 0.83,
            "eps_4q_growth_year": 34.25,
            "roe": 0.99,
            "roe_4q": 5.9799999999999995,
            "gross_profit": 181643,
            "gross_margin": 31.4,
            "gross_margin_4q_avg": 30.31,
            "net_income": 58189,
            "net_income_4q": null,
            "revenue": 578475,
            "revenue_4q": null,
            "common_shares": 4290898,
            "book_valuer_per_share": 13.58,
            "book_valuer_per_share_4q_avg": 13.41,
            "equity": 5969331,
            "current_ratio": 562.02,
            "debt_ratio": 12.68,
            "inventory_turnover_ratio": 1.27,
            "account_receivable_turnover_ratio": null,
            "reinvestment_rate": -24.68,
            "research_to_sale_ratio": null,
            "price_fair": 29.7,
            "eps_avg_yearly": 0.85,
            "eps_latest_yearly": 0.56,
            "eps_growth_yearly": 284.99
        },
        "20061": {
            "year_quarter": 20061,
            "year": 2006,
            "quarter": 1,
            "eps": 0.8,
            "eps_growth_year": 321.05,
            "eps_4q": 1.42,
            "eps_4q_growth_year": 88.89,
            "roe": 5.64,
            "roe_4q": 10.25,
            "gross_profit": 157516,
            "gross_margin": 29.3,
            "gross_margin_4q_avg": 30.13,
            "net_income": 342382,
            "net_income_4q": null,
            "revenue": 537662,
            "revenue_4q": null,
            "common_shares": 4290898,
            "book_valuer_per_share": 14.37,
            "book_valuer_per_share_4q_avg": 13.63,
            "equity": 6166488,
            "current_ratio": 815.04,
            "debt_ratio": 9.76,
            "inventory_turnover_ratio": 1.26,
            "account_receivable_turnover_ratio": null,
            "reinvestment_rate": -17.76,
            "research_to_sale_ratio": null,
            "price_fair": 37.3,
            "eps_avg_yearly": 1.07,
            "eps_latest_yearly": 3.2,
            "eps_growth_yearly": 442.24
        },
        "20062": {
            "year_quarter": 20062,
            "year": 2006,
            "quarter": 2,
            "eps": 0.33,
            "eps_growth_year": 94.12,
            "eps_4q": 1.59,
            "eps_4q_growth_year": 330.65,
            "roe": 2.29,
            "roe_4q": 11.28,
            "gross_profit": 190240,
            "gross_margin": 32.07,
            "gross_margin_4q_avg": 30.83,
            "net_income": 140351,
            "net_income_4q": null,
            "revenue": 593204,
            "revenue_4q": null,
            "common_shares": 4290898,
            "book_valuer_per_share": 14.15,
            "book_valuer_per_share_4q_avg": 13.89,
            "equity": 6073262,
            "current_ratio": 545.89,
            "debt_ratio": 12.83,
            "inventory_turnover_ratio": 1.29,
            "account_receivable_turnover_ratio": null,
            "reinvestment_rate": -18.09,
            "research_to_sale_ratio": null,
            "price_fair": 39.4,
            "eps_avg_yearly": 1.13,
            "eps_latest_yearly": 1.32,
            "eps_growth_yearly": 368.31
        },
        "20063": {
            "year_quarter": 20063,
            "year": 2006,
            "quarter": 3,
            "eps": 0.31,
            "eps_growth_year": 0,
            "eps_4q": 1.59,
            "eps_4q_growth_year": 244.28,
            "roe": 2.13,
            "roe_4q": 11.049999999999999,
            "gross_profit": 186381,
            "gross_margin": 29.7,
            "gross_margin_4q_avg": 30.62,
            "net_income": 131061,
            "net_income_4q": null,
            "revenue": 627459,
            "revenue_4q": null,
            "common_shares": 4290898,
            "book_valuer_per_share": 14.48,
            "book_valuer_per_share_4q_avg": 14.15,
            "equity": 6212105,
            "current_ratio": 826.5,
            "debt_ratio": 9.76,
            "inventory_turnover_ratio": 1.42,
            "account_receivable_turnover_ratio": null,
            "reinvestment_rate": -17.21,
            "research_to_sale_ratio": null,
            "price_fair": 41.3,
            "eps_avg_yearly": 1.18,
            "eps_latest_yearly": 1.24,
            "eps_growth_yearly": 366.58
        },
        "20064": {
            "year_quarter": 20064,
            "year": 2006,
            "quarter": 4,
            "eps": 0.07,
            "eps_growth_year": -50,
            "eps_4q": 1.57,
            "eps_4q_growth_year": 89.51,
            "roe": 0.45,
            "roe_4q": 10.51,
            "gross_profit": 150913,
            "gross_margin": 28.61,
            "gross_margin_4q_avg": 29.92,
            "net_income": 28653,
            "net_income_4q": null,
            "revenue": 527519,
            "revenue_4q": null,
            "common_shares": 4290898,
            "book_valuer_per_share": 14.53,
            "book_valuer_per_share_4q_avg": 14.38,
            "equity": 6420607,
            "current_ratio": 736.42,
            "debt_ratio": 11.78,
            "inventory_turnover_ratio": 1.19,
            "account_receivable_turnover_ratio": null,
            "reinvestment_rate": -10.14,
            "research_to_sale_ratio": null,
            "price_fair": 34.9,
            "eps_avg_yearly": 1,
            "eps_latest_yearly": 0.28,
            "eps_growth_yearly": 203.98
        },
        "20071": {
            "year_quarter": 20071,
            "year": 2007,
            "quarter": 1,
            "eps": 0.14,
            "eps_growth_year": -82.5,
            "eps_4q": 0.86,
            "eps_4q_growth_year": -39.53,
            "roe": 0.92,
            "roe_4q": 5.79,
            "gross_profit": 132360,
            "gross_margin": 27.76,
            "gross_margin_4q_avg": 29.54,
            "net_income": 58528,
            "net_income_4q": null,
            "revenue": 476836,
            "revenue_4q": null,
            "common_shares": 4290898,
            "book_valuer_per_share": 14.68,
            "book_valuer_per_share_4q_avg": 14.46,
            "equity": 6299500,
            "current_ratio": 915.43,
            "debt_ratio": 9.47,
            "inventory_turnover_ratio": 0.98,
            "account_receivable_turnover_ratio": null,
            "reinvestment_rate": -13.81,
            "research_to_sale_ratio": null,
            "price_fair": 35.5,
            "eps_avg_yearly": 1.01,
            "eps_latest_yearly": 0.56,
            "eps_growth_yearly": 257.91
        },
        "20072": {
            "year_quarter": 20072,
            "year": 2007,
            "quarter": 2,
            "eps": 0.19,
            "eps_growth_year": -42.42,
            "eps_4q": 0.71,
            "eps_4q_growth_year": -55.25,
            "roe": 1.29,
            "roe_4q": 4.79,
            "gross_profit": 116545,
            "gross_margin": 24.3,
            "gross_margin_4q_avg": 27.59,
            "net_income": 79656,
            "net_income_4q": null,
            "revenue": 479622,
            "revenue_4q": null,
            "common_shares": 4290898,
            "book_valuer_per_share": 14.18,
            "book_valuer_per_share_4q_avg": 14.47,
            "equity": 6085467,
            "current_ratio": 537.03,
            "debt_ratio": 12.99,
            "inventory_turnover_ratio": 0.96,
            "account_receivable_turnover_ratio": null,
            "reinvestment_rate": -17.69,
            "research_to_sale_ratio": null,
            "price_fair": 36.8,
            "eps_avg_yearly": 1.05,
            "eps_latest_yearly": 0.76,
            "eps_growth_yearly": 275.26
        },
        "20073": {
            "year_quarter": 20073,
            "year": 2007,
            "quarter": 3,
            "eps": 0.22,
            "eps_growth_year": -29.03,
            "eps_4q": 0.6,
            "eps_4q_growth_year": -61.94,
            "roe": 1.55,
            "roe_4q": 4.21,
            "gross_profit": 116781,
            "gross_margin": 22.01,
            "gross_margin_4q_avg": 25.67,
            "net_income": 95340,
            "net_income_4q": null,
            "revenue": 530519,
            "revenue_4q": null,
            "common_shares": 4290898,
            "book_valuer_per_share": 14.4,
            "book_valuer_per_share_4q_avg": 14.45,
            "equity": 6179019,
            "current_ratio": 809.5,
            "debt_ratio": 10.23,
            "inventory_turnover_ratio": 1.01,
            "account_receivable_turnover_ratio": null,
            "reinvestment_rate": -19.65,
            "research_to_sale_ratio": null,
            "price_fair": 37.4,
            "eps_avg_yearly": 1.07,
            "eps_latest_yearly": 0.88,
            "eps_growth_yearly": 232.15
        },
        "20074": {
            "year_quarter": 20074,
            "year": 2007,
            "quarter": 4,
            "eps": 0.04,
            "eps_growth_year": -42.86,
            "eps_4q": 0.62,
            "eps_4q_growth_year": -60.49,
            "roe": 0.26,
            "roe_4q": 4.0200000000000005,
            "gross_profit": 88031,
            "gross_margin": 18.43,
            "gross_margin_4q_avg": 23.13,
            "net_income": 16103,
            "net_income_4q": null,
            "revenue": 477733,
            "revenue_4q": null,
            "common_shares": 4290898,
            "book_valuer_per_share": 14.44,
            "book_valuer_per_share_4q_avg": 14.43,
            "equity": 6392240,
            "current_ratio": 859.48,
            "debt_ratio": 10.97,
            "inventory_turnover_ratio": 0.94,
            "account_receivable_turnover_ratio": null,
            "reinvestment_rate": -20.93,
            "research_to_sale_ratio": null,
            "price_fair": 35.9,
            "eps_avg_yearly": 1.03,
            "eps_latest_yearly": 0.16,
            "eps_growth_yearly": 203.41
        },
        "20081": {
            "year_quarter": 20081,
            "year": 2008,
            "quarter": 1,
            "eps": 0.3,
            "eps_growth_year": 114.29,
            "eps_4q": 0.77,
            "eps_4q_growth_year": -10.7,
            "roe": 1.88,
            "roe_4q": 4.9799999999999995,
            "gross_profit": 111457,
            "gross_margin": 19.09,
            "gross_margin_4q_avg": 20.96,
            "net_income": 125040,
            "net_income_4q": null,
            "revenue": 583876,
            "revenue_4q": null,
            "common_shares": 4290898,
            "book_valuer_per_share": 14.71,
            "book_valuer_per_share_4q_avg": 14.43,
            "equity": 6902100,
            "current_ratio": 1039.04,
            "debt_ratio": 10.81,
            "inventory_turnover_ratio": 1.17,
            "account_receivable_turnover_ratio": null,
            "reinvestment_rate": -5.96,
            "research_to_sale_ratio": null,
            "price_fair": 37.8,
            "eps_avg_yearly": 1.08,
            "eps_latest_yearly": 1.2,
            "eps_growth_yearly": 401.16
        },
        "20082": {
            "year_quarter": 20082,
            "year": 2008,
            "quarter": 2,
            "eps": -0.03,
            "eps_growth_year": -115.79,
            "eps_4q": 0.53,
            "eps_4q_growth_year": -25.25,
            "roe": -0.26,
            "roe_4q": 3.4299999999999997,
            "gross_profit": 76198,
            "gross_margin": 13.59,
            "gross_margin_4q_avg": 18.28,
            "net_income": -17516,
            "net_income_4q": null,
            "revenue": 560734,
            "revenue_4q": null,
            "common_shares": 4290898,
            "book_valuer_per_share": 14.15,
            "book_valuer_per_share_4q_avg": 14.43,
            "equity": 6665542,
            "current_ratio": 760.55,
            "debt_ratio": 11.89,
            "inventory_turnover_ratio": 1.06,
            "account_receivable_turnover_ratio": null,
            "reinvestment_rate": 10.13,
            "research_to_sale_ratio": null,
            "price_fair": 34.78,
            "eps_avg_yearly": 0.99,
            "eps_latest_yearly": 1.2,
            "eps_growth_yearly": 308.94
        },
        "20083": {
            "year_quarter": 20083,
            "year": 2008,
            "quarter": 3,
            "eps": 0.13,
            "eps_growth_year": -40.91,
            "eps_4q": 0.43,
            "eps_4q_growth_year": -28.29,
            "roe": 0.86,
            "roe_4q": 2.74,
            "gross_profit": 61511,
            "gross_margin": 10.34,
            "gross_margin_4q_avg": 15.36,
            "net_income": 56662,
            "net_income_4q": null,
            "revenue": 594648,
            "revenue_4q": null,
            "common_shares": 4290898,
            "book_valuer_per_share": 13.86,
            "book_valuer_per_share_4q_avg": 14.29,
            "equity": 6570310,
            "current_ratio": 1038.21,
            "debt_ratio": 9.99,
            "inventory_turnover_ratio": 1.07,
            "account_receivable_turnover_ratio": null,
            "reinvestment_rate": 14.6,
            "research_to_sale_ratio": null,
            "price_fair": 35.23,
            "eps_avg_yearly": 1.01,
            "eps_latest_yearly": 1.2,
            "eps_growth_yearly": 355.29
        },
        "20084": {
            "year_quarter": 20084,
            "year": 2008,
            "quarter": 4,
            "eps": 0.04,
            "eps_growth_year": 0,
            "eps_4q": 0.53,
            "eps_4q_growth_year": -15.09,
            "roe": 0.22,
            "roe_4q": 2.7,
            "gross_profit": 67453,
            "gross_margin": 10.46,
            "gross_margin_4q_avg": 13.37,
            "net_income": 14353,
            "net_income_4q": null,
            "revenue": 644849,
            "revenue_4q": null,
            "common_shares": 4290898,
            "book_valuer_per_share": 13.83,
            "book_valuer_per_share_4q_avg": 14.14,
            "equity": 6562840,
            "current_ratio": 1102.8,
            "debt_ratio": 9.75,
            "inventory_turnover_ratio": 1.22,
            "account_receivable_turnover_ratio": 2.88,
            "reinvestment_rate": 3.6,
            "research_to_sale_ratio": null,
            "price_fair": 32.95,
            "eps_avg_yearly": 0.94,
            "eps_latest_yearly": 0.16,
            "eps_growth_yearly": 306.66
        },
        "20091": {
            "year_quarter": 20091,
            "year": 2009,
            "quarter": 1,
            "eps": 0.09,
            "eps_growth_year": -70,
            "eps_4q": 0.2,
            "eps_4q_growth_year": -74.4,
            "roe": 0.7,
            "roe_4q": 1.5199999999999998,
            "gross_profit": 94734,
            "gross_margin": 18.83,
            "gross_margin_4q_avg": 13.31,
            "net_income": 45934,
            "net_income_4q": null,
            "revenue": 503196,
            "revenue_4q": null,
            "common_shares": 4290898,
            "book_valuer_per_share": 13.86,
            "book_valuer_per_share_4q_avg": 13.93,
            "equity": 6592376,
            "current_ratio": 1251.11,
            "debt_ratio": 9.26,
            "inventory_turnover_ratio": 0.84,
            "account_receivable_turnover_ratio": 1.23,
            "reinvestment_rate": 17.56,
            "research_to_sale_ratio": null,
            "price_fair": 31.5,
            "eps_avg_yearly": 0.9,
            "eps_latest_yearly": 0.36,
            "eps_growth_yearly": 320.47
        },
        "20092": {
            "year_quarter": 20092,
            "year": 2009,
            "quarter": 2,
            "eps": 0.08,
            "eps_growth_year": null,
            "eps_4q": 0.32,
            "eps_4q_growth_year": -39.56,
            "roe": 0.55,
            "roe_4q": 2.33,
            "gross_profit": 115320,
            "gross_margin": 19.25,
            "gross_margin_4q_avg": 14.72,
            "net_income": 36125,
            "net_income_4q": null,
            "revenue": 598989,
            "revenue_4q": null,
            "common_shares": 4210008,
            "book_valuer_per_share": 14.22,
            "book_valuer_per_share_4q_avg": 13.94,
            "equity": 6612124,
            "current_ratio": 857.13,
            "debt_ratio": 10.63,
            "inventory_turnover_ratio": 0.93,
            "account_receivable_turnover_ratio": 1.48,
            "reinvestment_rate": 11.78,
            "research_to_sale_ratio": null,
            "price_fair": 30.6,
            "eps_avg_yearly": 0.87,
            "eps_latest_yearly": 0.32,
            "eps_growth_yearly": 320.3
        },
        "20093": {
            "year_quarter": 20093,
            "year": 2009,
            "quarter": 3,
            "eps": 0.08,
            "eps_growth_year": -38.46,
            "eps_4q": 0.24,
            "eps_4q_growth_year": -44.23,
            "roe": 0.6,
            "roe_4q": 2.07,
            "gross_profit": 89741,
            "gross_margin": 17.67,
            "gross_margin_4q_avg": 16.55,
            "net_income": 39737,
            "net_income_4q": null,
            "revenue": 507867,
            "revenue_4q": null,
            "common_shares": 4210008,
            "book_valuer_per_share": 14.48,
            "book_valuer_per_share_4q_avg": 14.1,
            "equity": 6709528,
            "current_ratio": 1252.72,
            "debt_ratio": 8.63,
            "inventory_turnover_ratio": 0.8,
            "account_receivable_turnover_ratio": 1.23,
            "reinvestment_rate": 10.64,
            "research_to_sale_ratio": null,
            "price_fair": 28.3,
            "eps_avg_yearly": 0.81,
            "eps_latest_yearly": 0.32,
            "eps_growth_yearly": 296.77
        },
        "20094": {
            "year_quarter": 20094,
            "year": 2009,
            "quarter": 4,
            "eps": 0.01,
            "eps_growth_year": -75,
            "eps_4q": 0.26,
            "eps_4q_growth_year": -51.29,
            "roe": -0.07,
            "roe_4q": 1.78,
            "gross_profit": 93803,
            "gross_margin": 17.79,
            "gross_margin_4q_avg": 18.39,
            "net_income": -4505,
            "net_income_4q": null,
            "revenue": 527268,
            "revenue_4q": null,
            "common_shares": 4210008,
            "book_valuer_per_share": 14.47,
            "book_valuer_per_share_4q_avg": 14.26,
            "equity": 6910609,
            "current_ratio": 913.45,
            "debt_ratio": 9.74,
            "inventory_turnover_ratio": 0.85,
            "account_receivable_turnover_ratio": 2.33,
            "reinvestment_rate": 229.64,
            "research_to_sale_ratio": null,
            "price_fair": 27,
            "eps_avg_yearly": 0.77,
            "eps_latest_yearly": 0.04,
            "eps_growth_yearly": 287.44
        },
        "20101": {
            "year_quarter": 20101,
            "year": 2010,
            "quarter": 1,
            "eps": 0.02,
            "eps_growth_year": -77.78,
            "eps_4q": 0.19,
            "eps_4q_growth_year": -5.58,
            "roe": 0.19,
            "roe_4q": 1.27,
            "gross_profit": 70637,
            "gross_margin": 14.91,
            "gross_margin_4q_avg": 17.41,
            "net_income": 12952,
            "net_income_4q": null,
            "revenue": 473825,
            "revenue_4q": null,
            "common_shares": 4210008,
            "book_valuer_per_share": 14.46,
            "book_valuer_per_share_4q_avg": 14.41,
            "equity": 6911221,
            "current_ratio": 963.33,
            "debt_ratio": 9.48,
            "inventory_turnover_ratio": 0.8,
            "account_receivable_turnover_ratio": 1.17,
            "reinvestment_rate": 348.14,
            "research_to_sale_ratio": null,
            "price_fair": 19.2,
            "eps_avg_yearly": 0.55,
            "eps_latest_yearly": 0.08,
            "eps_growth_yearly": 181.32
        },
        "20102": {
            "year_quarter": 20102,
            "year": 2010,
            "quarter": 2,
            "eps": -0.02,
            "eps_growth_year": -122.57,
            "eps_4q": 0.09,
            "eps_4q_growth_year": -72.54,
            "roe": -0.06,
            "roe_4q": 0.6599999999999999,
            "gross_profit": 35575,
            "gross_margin": 8.28,
            "gross_margin_4q_avg": 14.66,
            "net_income": -3963,
            "net_income_4q": null,
            "revenue": 429906,
            "revenue_4q": null,
            "common_shares": 4210008,
            "book_valuer_per_share": 14.18,
            "book_valuer_per_share_4q_avg": 14.4,
            "equity": 6795080,
            "current_ratio": 722.22,
            "debt_ratio": 10.63,
            "inventory_turnover_ratio": 0.74,
            "account_receivable_turnover_ratio": 1.27,
            "reinvestment_rate": 462.85,
            "research_to_sale_ratio": null,
            "price_fair": 17.12,
            "eps_avg_yearly": 0.49,
            "eps_latest_yearly": 0.08,
            "eps_growth_yearly": 213.34
        },
        "20103": {
            "year_quarter": 20103,
            "year": 2010,
            "quarter": 3,
            "eps": -0.03,
            "eps_growth_year": -134.84,
            "eps_4q": -0.02,
            "eps_4q_growth_year": -106.25,
            "roe": -0.13,
            "roe_4q": -0.07,
            "gross_profit": 16428,
            "gross_margin": 3.82,
            "gross_margin_4q_avg": 11.2,
            "net_income": -8550,
            "net_income_4q": null,
            "revenue": 429735,
            "revenue_4q": null,
            "common_shares": 4210008,
            "book_valuer_per_share": 14.15,
            "book_valuer_per_share_4q_avg": 14.32,
            "equity": 6773289,
            "current_ratio": 1006.27,
            "debt_ratio": 12.43,
            "inventory_turnover_ratio": 0.76,
            "account_receivable_turnover_ratio": 1.36,
            "reinvestment_rate": 674.89,
            "research_to_sale_ratio": 0,
            "price_fair": 14.93,
            "eps_avg_yearly": 0.43,
            "eps_latest_yearly": 0.08,
            "eps_growth_yearly": 233.14
        },
        "20104": {
            "year_quarter": 20104,
            "year": 2010,
            "quarter": 4,
            "eps": -0.01,
            "eps_growth_year": -248.38,
            "eps_4q": -0.04,
            "eps_4q_growth_year": -115.14,
            "roe": -0.1,
            "roe_4q": -0.10000000000000003,
            "gross_profit": 18726,
            "gross_margin": 3.89,
            "gross_margin_4q_avg": 7.73,
            "net_income": -6826,
            "net_income_4q": null,
            "revenue": 481647,
            "revenue_4q": null,
            "common_shares": 4210008,
            "book_valuer_per_share": 13.97,
            "book_valuer_per_share_4q_avg": 14.19,
            "equity": 6660287,
            "current_ratio": 943.92,
            "debt_ratio": 18.87,
            "inventory_turnover_ratio": 0.89,
            "account_receivable_turnover_ratio": 1.54,
            "reinvestment_rate": 754.41,
            "research_to_sale_ratio": 0.01,
            "price_fair": 15.4,
            "eps_avg_yearly": 0.44,
            "eps_latest_yearly": 0.08,
            "eps_growth_yearly": 282.49
        },
        "20111": {
            "year_quarter": 20111,
            "year": 2011,
            "quarter": 1,
            "eps": -0.08,
            "eps_growth_year": -500,
            "eps_4q": -0.14,
            "eps_4q_growth_year": -177.15,
            "roe": -0.58,
            "roe_4q": -0.8699999999999999,
            "gross_profit": 13396,
            "gross_margin": 3.2,
            "gross_margin_4q_avg": 4.8,
            "net_income": -38917,
            "net_income_4q": null,
            "revenue": 418608,
            "revenue_4q": null,
            "common_shares": 4210008,
            "book_valuer_per_share": 13.93,
            "book_valuer_per_share_4q_avg": 14.06,
            "equity": 6647924,
            "current_ratio": 1044.32,
            "debt_ratio": 21.65,
            "inventory_turnover_ratio": 0.82,
            "account_receivable_turnover_ratio": 1.33,
            "reinvestment_rate": 1019.86,
            "research_to_sale_ratio": null,
            "price_fair": 14.98,
            "eps_avg_yearly": 0.43,
            "eps_latest_yearly": 0.08,
            "eps_growth_yearly": 270.74
        },
        "20112": {
            "year_quarter": 20112,
            "year": 2011,
            "quarter": 2,
            "eps": 0.07,
            "eps_growth_year": null,
            "eps_4q": -0.05,
            "eps_4q_growth_year": -159.63,
            "roe": 0.46,
            "roe_4q": -0.35,
            "gross_profit": 83431,
            "gross_margin": 15.16,
            "gross_margin_4q_avg": 6.52,
            "net_income": 30354,
            "net_income_4q": null,
            "revenue": 550234,
            "revenue_4q": null,
            "common_shares": 4210008,
            "book_valuer_per_share": 13.7,
            "book_valuer_per_share_4q_avg": 13.94,
            "equity": 6621608,
            "current_ratio": 737.57,
            "debt_ratio": 25.25,
            "inventory_turnover_ratio": 0.97,
            "account_receivable_turnover_ratio": 1.59,
            "reinvestment_rate": 1203.94,
            "research_to_sale_ratio": null,
            "price_fair": 13.69,
            "eps_avg_yearly": 0.39,
            "eps_latest_yearly": 0.08,
            "eps_growth_yearly": 284.95
        },
        "20113": {
            "year_quarter": 20113,
            "year": 2011,
            "quarter": 3,
            "eps": 0.01,
            "eps_growth_year": null,
            "eps_4q": -0.02,
            "eps_4q_growth_year": null,
            "roe": -0.09,
            "roe_4q": -0.30999999999999994,
            "gross_profit": 61479,
            "gross_margin": 10.43,
            "gross_margin_4q_avg": 8.17,
            "net_income": -5726,
            "net_income_4q": null,
            "revenue": 589634,
            "revenue_4q": null,
            "common_shares": 4210008,
            "book_valuer_per_share": 13.92,
            "book_valuer_per_share_4q_avg": 13.88,
            "equity": 6777616,
            "current_ratio": 389.33,
            "debt_ratio": 28.18,
            "inventory_turnover_ratio": 1,
            "account_receivable_turnover_ratio": 1.27,
            "reinvestment_rate": 1922.56,
            "research_to_sale_ratio": null,
            "price_fair": 10.42,
            "eps_avg_yearly": 0.3,
            "eps_latest_yearly": 0.04,
            "eps_growth_yearly": 239.83
        },
        "20114": {
            "year_quarter": 20114,
            "year": 2011,
            "quarter": 4,
            "eps": 0.18,
            "eps_growth_year": null,
            "eps_4q": 0.17,
            "eps_4q_growth_year": null,
            "roe": 1.47,
            "roe_4q": 1.2599999999999998,
            "gross_profit": 182244,
            "gross_margin": 17.02,
            "gross_margin_4q_avg": 11.45,
            "net_income": 100107,
            "net_income_4q": null,
            "revenue": 1070680,
            "revenue_4q": null,
            "common_shares": 4210008,
            "book_valuer_per_share": 14.09,
            "book_valuer_per_share_4q_avg": 13.91,
            "equity": 6878284,
            "current_ratio": 383.69,
            "debt_ratio": 27.78,
            "inventory_turnover_ratio": 1.49,
            "account_receivable_turnover_ratio": 1.9,
            "reinvestment_rate": 1575.29,
            "research_to_sale_ratio": null,
            "price_fair": 12.6,
            "eps_avg_yearly": 0.36,
            "eps_latest_yearly": 0.72,
            "eps_growth_yearly": 1031.75
        },
        "20121": {
            "year_quarter": 20121,
            "year": 2012,
            "quarter": 1,
            "eps": 0.04,
            "eps_growth_year": null,
            "eps_4q": 0.29,
            "eps_4q_growth_year": null,
            "roe": 0.18,
            "roe_4q": 2.02,
            "gross_profit": 84538,
            "gross_margin": 10.64,
            "gross_margin_4q_avg": 13.31,
            "net_income": 12611,
            "net_income_4q": null,
            "revenue": 794753,
            "revenue_4q": null,
            "common_shares": 4210008,
            "book_valuer_per_share": 14.06,
            "book_valuer_per_share_4q_avg": 13.94,
            "equity": 6840055,
            "current_ratio": 333.8,
            "debt_ratio": 28.96,
            "inventory_turnover_ratio": 1.01,
            "account_receivable_turnover_ratio": 1.49,
            "reinvestment_rate": 2221.06,
            "research_to_sale_ratio": null,
            "price_fair": 8.56,
            "eps_avg_yearly": 0.24,
            "eps_latest_yearly": 0.16,
            "eps_growth_yearly": 708.3
        },
        "20122": {
            "year_quarter": 20122,
            "year": 2012,
            "quarter": 2,
            "eps": 0.03,
            "eps_growth_year": -65.02,
            "eps_4q": 0.25,
            "eps_4q_growth_year": null,
            "roe": -0.05,
            "roe_4q": 1.51,
            "gross_profit": 72926,
            "gross_margin": 7.66,
            "gross_margin_4q_avg": 11.44,
            "net_income": -3687,
            "net_income_4q": null,
            "revenue": 952315,
            "revenue_4q": null,
            "common_shares": 4210008,
            "book_valuer_per_share": 13.75,
            "book_valuer_per_share_4q_avg": 13.96,
            "equity": 6701918,
            "current_ratio": 296.26,
            "debt_ratio": 30.11,
            "inventory_turnover_ratio": 1.15,
            "account_receivable_turnover_ratio": 2.12,
            "reinvestment_rate": 1999.73,
            "research_to_sale_ratio": null,
            "price_fair": 8.12,
            "eps_avg_yearly": 0.23,
            "eps_latest_yearly": 0.12,
            "eps_growth_yearly": 627.47
        },
        "20123": {
            "year_quarter": 20123,
            "year": 2012,
            "quarter": 3,
            "eps": -0.03,
            "eps_growth_year": -586,
            "eps_4q": 0.21,
            "eps_4q_growth_year": null,
            "roe": -0.49,
            "roe_4q": 1.1099999999999999,
            "gross_profit": 47100,
            "gross_margin": 5.4,
            "gross_margin_4q_avg": 10.18,
            "net_income": -32784,
            "net_income_4q": null,
            "revenue": 872593,
            "revenue_4q": null,
            "common_shares": 4210008,
            "book_valuer_per_share": 13.65,
            "book_valuer_per_share_4q_avg": 13.89,
            "equity": 6625064,
            "current_ratio": 283.25,
            "debt_ratio": 28.18,
            "inventory_turnover_ratio": 1.13,
            "account_receivable_turnover_ratio": 2.04,
            "reinvestment_rate": 2471.11,
            "research_to_sale_ratio": null,
            "price_fair": 8.12,
            "eps_avg_yearly": 0.23,
            "eps_latest_yearly": 0.12,
            "eps_growth_yearly": 627.47
        },
        "20124": {
            "year_quarter": 20124,
            "year": 2012,
            "quarter": 4,
            "eps": 0.17,
            "eps_growth_year": -3.14,
            "eps_4q": 0.21,
            "eps_4q_growth_year": 19.42,
            "roe": 1.23,
            "roe_4q": 0.8699999999999999,
            "gross_profit": 198311,
            "gross_margin": 19.03,
            "gross_margin_4q_avg": 10.68,
            "net_income": 82320,
            "net_income_4q": null,
            "revenue": 1042325,
            "revenue_4q": null,
            "common_shares": 4210008,
            "book_valuer_per_share": 13.85,
            "book_valuer_per_share_4q_avg": 13.83,
            "equity": 6717088,
            "current_ratio": 248.72,
            "debt_ratio": 29.64,
            "inventory_turnover_ratio": 1.08,
            "account_receivable_turnover_ratio": 2.02,
            "reinvestment_rate": 1908.98,
            "research_to_sale_ratio": null,
            "price_fair": 8.4,
            "eps_avg_yearly": 0.24,
            "eps_latest_yearly": 0.12,
            "eps_growth_yearly": 727.95
        },
        "20131": {
            "year_quarter": 20131,
            "year": 2013,
            "quarter": 1,
            "eps": 0.09,
            "eps_growth_year": 125,
            "eps_4q": 0.26,
            "eps_4q_growth_year": -11.36,
            "roe": 0.51,
            "roe_4q": 1.2,
            "gross_profit": 126279,
            "gross_margin": 13.78,
            "gross_margin_4q_avg": 11.47,
            "net_income": 35090,
            "net_income_4q": null,
            "revenue": 916242,
            "revenue_4q": null,
            "common_shares": 4210008,
            "book_valuer_per_share": 14.4,
            "book_valuer_per_share_4q_avg": 13.91,
            "equity": 6971521,
            "current_ratio": 258.5,
            "debt_ratio": 26.83,
            "inventory_turnover_ratio": 0.97,
            "account_receivable_turnover_ratio": 1.79,
            "reinvestment_rate": 982.16,
            "research_to_sale_ratio": null,
            "price_fair": 8.4,
            "eps_avg_yearly": 0.24,
            "eps_latest_yearly": 0.36,
            "eps_growth_yearly": 651.48
        },
        "20132": {
            "year_quarter": 20132,
            "year": 2013,
            "quarter": 2,
            "eps": 0.16,
            "eps_growth_year": 533.69,
            "eps_4q": 0.4,
            "eps_4q_growth_year": 61.5,
            "roe": 1.03,
            "roe_4q": 2.2800000000000002,
            "gross_profit": 180034,
            "gross_margin": 17.82,
            "gross_margin_4q_avg": 14.01,
            "net_income": 71699,
            "net_income_4q": null,
            "revenue": 1010171,
            "revenue_4q": null,
            "common_shares": 4210008,
            "book_valuer_per_share": 14.23,
            "book_valuer_per_share_4q_avg": 14.03,
            "equity": 6914699,
            "current_ratio": 234.13,
            "debt_ratio": 28.52,
            "inventory_turnover_ratio": 0.96,
            "account_receivable_turnover_ratio": 2.14,
            "reinvestment_rate": 890.68,
            "research_to_sale_ratio": null,
            "price_fair": 9.64,
            "eps_avg_yearly": 0.28,
            "eps_latest_yearly": 0.64,
            "eps_growth_yearly": 690.99
        },
        "20133": {
            "year_quarter": 20133,
            "year": 2013,
            "quarter": 3,
            "eps": 0.05,
            "eps_growth_year": null,
            "eps_4q": 0.48,
            "eps_4q_growth_year": 122.44,
            "roe": 0.2,
            "roe_4q": 2.9699999999999998,
            "gross_profit": 103762,
            "gross_margin": 10.53,
            "gross_margin_4q_avg": 15.29,
            "net_income": 14151,
            "net_income_4q": null,
            "revenue": 985555,
            "revenue_4q": null,
            "common_shares": 4210008,
            "book_valuer_per_share": 14.25,
            "book_valuer_per_share_4q_avg": 14.18,
            "equity": 6908200,
            "current_ratio": 234.14,
            "debt_ratio": 26.27,
            "inventory_turnover_ratio": 1,
            "account_receivable_turnover_ratio": 1.86,
            "reinvestment_rate": 904.91,
            "research_to_sale_ratio": null,
            "price_fair": 9.18,
            "eps_avg_yearly": 0.26,
            "eps_latest_yearly": 0.2,
            "eps_growth_yearly": 660.43
        },
        "20134": {
            "year_quarter": 20134,
            "year": 2013,
            "quarter": 4,
            "eps": 0.35,
            "eps_growth_year": 101.36,
            "eps_4q": 0.65,
            "eps_4q_growth_year": 212.64,
            "roe": 2.88,
            "roe_4q": 4.62,
            "gross_profit": 395040,
            "gross_margin": 24.1,
            "gross_margin_4q_avg": 16.56,
            "net_income": 201760,
            "net_income_4q": null,
            "revenue": 1639272,
            "revenue_4q": null,
            "common_shares": 4210008,
            "book_valuer_per_share": 14.6,
            "book_valuer_per_share_4q_avg": 14.37,
            "equity": 7126364,
            "current_ratio": 238.48,
            "debt_ratio": 27.2,
            "inventory_turnover_ratio": 1.53,
            "account_receivable_turnover_ratio": 2.21,
            "reinvestment_rate": -46.55,
            "research_to_sale_ratio": null,
            "price_fair": 14.47,
            "eps_avg_yearly": 0.41,
            "eps_latest_yearly": 1.4,
            "eps_growth_yearly": 965.99
        },
        "20141": {
            "year_quarter": 20141,
            "year": 2014,
            "quarter": 1,
            "eps": 0.2,
            "eps_growth_year": 122.22,
            "eps_4q": 0.77,
            "eps_4q_growth_year": 193.95,
            "roe": 1.49,
            "roe_4q": 5.6000000000000005,
            "gross_profit": 259965,
            "gross_margin": 21.81,
            "gross_margin_4q_avg": 18.57,
            "net_income": 107003,
            "net_income_4q": null,
            "revenue": 1192024,
            "revenue_4q": null,
            "common_shares": 4210008,
            "book_valuer_per_share": 14.79,
            "book_valuer_per_share_4q_avg": 14.47,
            "equity": 7223050,
            "current_ratio": 221.51,
            "debt_ratio": 26.29,
            "inventory_turnover_ratio": 1.13,
            "account_receivable_turnover_ratio": 1.28,
            "reinvestment_rate": -57.94,
            "research_to_sale_ratio": null,
            "price_fair": 17.27,
            "eps_avg_yearly": 0.49,
            "eps_latest_yearly": 0.8,
            "eps_growth_yearly": 902.5
        },
        "20142": {
            "year_quarter": 20142,
            "year": 2014,
            "quarter": 2,
            "eps": 0.26,
            "eps_growth_year": 62.5,
            "eps_4q": 0.87,
            "eps_4q_growth_year": 117.32,
            "roe": 2.07,
            "roe_4q": 6.64,
            "gross_profit": 342113,
            "gross_margin": 22.91,
            "gross_margin_4q_avg": 19.84,
            "net_income": 145231,
            "net_income_4q": null,
            "revenue": 1493124,
            "revenue_4q": null,
            "common_shares": 4210008,
            "book_valuer_per_share": 13.75,
            "book_valuer_per_share_4q_avg": 14.35,
            "equity": 6802690,
            "current_ratio": 172.25,
            "debt_ratio": 30.95,
            "inventory_turnover_ratio": 1.36,
            "account_receivable_turnover_ratio": 1.43,
            "reinvestment_rate": -106.42,
            "research_to_sale_ratio": null,
            "price_fair": 19.18,
            "eps_avg_yearly": 0.55,
            "eps_latest_yearly": 1.04,
            "eps_growth_yearly": 824.25
        },
        "20143": {
            "year_quarter": 20143,
            "year": 2014,
            "quarter": 3,
            "eps": 0.08,
            "eps_growth_year": 60,
            "eps_4q": 0.9,
            "eps_4q_growth_year": 88.21,
            "roe": 0.34,
            "roe_4q": 6.779999999999999,
            "gross_profit": 133427,
            "gross_margin": 14.13,
            "gross_margin_4q_avg": 20.74,
            "net_income": 23008,
            "net_income_4q": null,
            "revenue": 944057,
            "revenue_4q": null,
            "common_shares": 4210008,
            "book_valuer_per_share": 13.95,
            "book_valuer_per_share_4q_avg": 14.27,
            "equity": 6900056,
            "current_ratio": 144.5,
            "debt_ratio": 24.2,
            "inventory_turnover_ratio": 0.92,
            "account_receivable_turnover_ratio": 1.01,
            "reinvestment_rate": -172.15,
            "research_to_sale_ratio": null,
            "price_fair": 18.45,
            "eps_avg_yearly": 0.53,
            "eps_latest_yearly": 0.32,
            "eps_growth_yearly": 724.14
        },
        "20144": {
            "year_quarter": 20144,
            "year": 2014,
            "quarter": 4,
            "eps": 0.13,
            "eps_growth_year": -64,
            "eps_4q": 0.67,
            "eps_4q_growth_year": 3.28,
            "roe": 0.88,
            "roe_4q": 4.78,
            "gross_profit": 208693,
            "gross_margin": 15.22,
            "gross_margin_4q_avg": 18.52,
            "net_income": 61522,
            "net_income_4q": null,
            "revenue": 1370884,
            "revenue_4q": null,
            "common_shares": 4210008,
            "book_valuer_per_share": 14.18,
            "book_valuer_per_share_4q_avg": 14.17,
            "equity": 7032121,
            "current_ratio": 150.36,
            "debt_ratio": 24.25,
            "inventory_turnover_ratio": 1.32,
            "account_receivable_turnover_ratio": 1.77,
            "reinvestment_rate": -209.06,
            "research_to_sale_ratio": null,
            "price_fair": 18.43,
            "eps_avg_yearly": 0.53,
            "eps_latest_yearly": 0.52,
            "eps_growth_yearly": 684.63
        },
        "20151": {
            "year_quarter": 20151,
            "year": 2015,
            "quarter": 1,
            "eps": 0.02,
            "eps_growth_year": -90,
            "eps_4q": 0.49,
            "eps_4q_growth_year": -35.42,
            "roe": 0.02,
            "roe_4q": 3.3099999999999996,
            "gross_profit": 115292,
            "gross_margin": 12.11,
            "gross_margin_4q_avg": 16.09,
            "net_income": 1507,
            "net_income_4q": null,
            "revenue": 951789,
            "revenue_4q": null,
            "common_shares": 4210008,
            "book_valuer_per_share": 14.16,
            "book_valuer_per_share_4q_avg": 14.01,
            "equity": 7007616,
            "current_ratio": 345.1,
            "debt_ratio": 22.7,
            "inventory_turnover_ratio": 0.97,
            "account_receivable_turnover_ratio": 1.32,
            "reinvestment_rate": -233.45,
            "research_to_sale_ratio": null,
            "price_fair": 17.23,
            "eps_avg_yearly": 0.49,
            "eps_latest_yearly": 0.08,
            "eps_growth_yearly": 605.93
        },
        "20152": {
            "year_quarter": 20152,
            "year": 2015,
            "quarter": 2,
            "eps": -0.03,
            "eps_growth_year": -111.54,
            "eps_4q": 0.2,
            "eps_4q_growth_year": -77.33,
            "roe": -0.44,
            "roe_4q": 0.8,
            "gross_profit": 89945,
            "gross_margin": 8.17,
            "gross_margin_4q_avg": 12.41,
            "net_income": -30732,
            "net_income_4q": null,
            "revenue": 1100452,
            "revenue_4q": null,
            "common_shares": 4210008,
            "book_valuer_per_share": 13.84,
            "book_valuer_per_share_4q_avg": 14.03,
            "equity": 6843029,
            "current_ratio": 287.58,
            "debt_ratio": 24.26,
            "inventory_turnover_ratio": 1.17,
            "account_receivable_turnover_ratio": 1.59,
            "reinvestment_rate": -287.5,
            "research_to_sale_ratio": null,
            "price_fair": 17.23,
            "eps_avg_yearly": 0.49,
            "eps_latest_yearly": 0.08,
            "eps_growth_yearly": 605.93
        },
        "20153": {
            "year_quarter": 20153,
            "year": 2015,
            "quarter": 3,
            "eps": -0.08,
            "eps_growth_year": -200,
            "eps_4q": 0.04,
            "eps_4q_growth_year": -95.02,
            "roe": -1.09,
            "roe_4q": -0.63,
            "gross_profit": 81903,
            "gross_margin": 7.11,
            "gross_margin_4q_avg": 10.65,
            "net_income": -72270,
            "net_income_4q": null,
            "revenue": 1152722,
            "revenue_4q": null,
            "common_shares": 3789007,
            "book_valuer_per_share": 14.35,
            "book_valuer_per_share_4q_avg": 14.13,
            "equity": 6442124,
            "current_ratio": 185.46,
            "debt_ratio": 30.39,
            "inventory_turnover_ratio": 1.25,
            "account_receivable_turnover_ratio": 1.5,
            "reinvestment_rate": -417.08,
            "research_to_sale_ratio": null,
            "price_fair": 18.55,
            "eps_avg_yearly": 0.53,
            "eps_latest_yearly": 0.08,
            "eps_growth_yearly": 685
        },
        "20154": {
            "year_quarter": 20154,
            "year": 2015,
            "quarter": 4,
            "eps": 0.14,
            "eps_growth_year": 13.33,
            "eps_4q": 0.05,
            "eps_4q_growth_year": -92.96,
            "roe": 0.69,
            "roe_4q": -0.8200000000000001,
            "gross_profit": 152416,
            "gross_margin": 13.3,
            "gross_margin_4q_avg": 10.17,
            "net_income": 44088,
            "net_income_4q": null,
            "revenue": 1145682,
            "revenue_4q": null,
            "common_shares": 3789007,
            "book_valuer_per_share": 14.31,
            "book_valuer_per_share_4q_avg": 14.17,
            "equity": 6387928,
            "current_ratio": 251.92,
            "debt_ratio": 26.03,
            "inventory_turnover_ratio": 1.18,
            "account_receivable_turnover_ratio": 1.66,
            "reinvestment_rate": -479.04,
            "research_to_sale_ratio": null,
            "price_fair": 17.95,
            "eps_avg_yearly": 0.51,
            "eps_latest_yearly": 0.08,
            "eps_growth_yearly": 129.09
        },
        "20161": {
            "year_quarter": 20161,
            "year": 2016,
            "quarter": 1,
            "eps": -0.03,
            "eps_growth_year": -250,
            "eps_4q": -0.01,
            "eps_4q_growth_year": -102.19,
            "roe": -0.52,
            "roe_4q": -1.36,
            "gross_profit": 68812,
            "gross_margin": 7.86,
            "gross_margin_4q_avg": 9.11,
            "net_income": -33204,
            "net_income_4q": null,
            "revenue": 875999,
            "revenue_4q": null,
            "common_shares": 3789007,
            "book_valuer_per_share": 14.28,
            "book_valuer_per_share_4q_avg": 14.2,
            "equity": 6353801,
            "current_ratio": 239.01,
            "debt_ratio": 25.27,
            "inventory_turnover_ratio": 1.01,
            "account_receivable_turnover_ratio": 1.47,
            "reinvestment_rate": -481.94,
            "research_to_sale_ratio": null,
            "price_fair": 19.18,
            "eps_avg_yearly": 0.55,
            "eps_latest_yearly": 0.08,
            "eps_growth_yearly": 173.11
        },
        "20162": {
            "year_quarter": 20162,
            "year": 2016,
            "quarter": 2,
            "eps": 0.17,
            "eps_growth_year": null,
            "eps_4q": 0.2,
            "eps_4q_growth_year": 0.07,
            "roe": 1.22,
            "roe_4q": 0.2999999999999998,
            "gross_profit": 206372,
            "gross_margin": 18.25,
            "gross_margin_4q_avg": 11.63,
            "net_income": 77164,
            "net_income_4q": null,
            "revenue": 1130525,
            "revenue_4q": null,
            "common_shares": 3789007,
            "book_valuer_per_share": 14.11,
            "book_valuer_per_share_4q_avg": 14.26,
            "equity": 6280820,
            "current_ratio": 243.59,
            "debt_ratio": 25.61,
            "inventory_turnover_ratio": 1.15,
            "account_receivable_turnover_ratio": 1.82,
            "reinvestment_rate": -469.04,
            "research_to_sale_ratio": null,
            "price_fair": 20.84,
            "eps_avg_yearly": 0.6,
            "eps_latest_yearly": 0.08,
            "eps_growth_yearly": 203.45
        },
        "20163": {
            "year_quarter": 20163,
            "year": 2016,
            "quarter": 3,
            "eps": 0.08,
            "eps_growth_year": null,
            "eps_4q": 0.36,
            "eps_4q_growth_year": 712.8,
            "roe": 0.52,
            "roe_4q": 1.91,
            "gross_profit": 136058,
            "gross_margin": 13.35,
            "gross_margin_4q_avg": 13.19,
            "net_income": 32507,
            "net_income_4q": null,
            "revenue": 1019178,
            "revenue_4q": null,
            "common_shares": 3789007,
            "book_valuer_per_share": 14.13,
            "book_valuer_per_share_4q_avg": 14.21,
            "equity": 6266429,
            "current_ratio": 238.8,
            "debt_ratio": 24.58,
            "inventory_turnover_ratio": 1.11,
            "account_receivable_turnover_ratio": 1.51,
            "reinvestment_rate": -398.26,
            "research_to_sale_ratio": null,
            "price_fair": 19.88,
            "eps_avg_yearly": 0.57,
            "eps_latest_yearly": 0.32,
            "eps_growth_yearly": 161.93
        },
        "20164": {
            "year_quarter": 20164,
            "year": 2016,
            "quarter": 4,
            "eps": 0.2,
            "eps_growth_year": 43.56,
            "eps_4q": 0.42,
            "eps_4q_growth_year": 795.69,
            "roe": 1.61,
            "roe_4q": 2.8299999999999996,
            "gross_profit": 248951,
            "gross_margin": 18.85,
            "gross_margin_4q_avg": 14.58,
            "net_income": 101204,
            "net_income_4q": null,
            "revenue": 1320445,
            "revenue_4q": null,
            "common_shares": 3789007,
            "book_valuer_per_share": 14.27,
            "book_valuer_per_share_4q_avg": 14.2,
            "equity": 6328821,
            "current_ratio": 224.69,
            "debt_ratio": 26.78,
            "inventory_turnover_ratio": 1.31,
            "account_receivable_turnover_ratio": 2.03,
            "reinvestment_rate": -413.35,
            "research_to_sale_ratio": null,
            "price_fair": 20.62,
            "eps_avg_yearly": 0.59,
            "eps_latest_yearly": 0.8,
            "eps_growth_yearly": 201.75
        },
        "20171": {
            "year_quarter": 20171,
            "year": 2017,
            "quarter": 1,
            "eps": 0.09,
            "eps_growth_year": null,
            "eps_4q": 0.54,
            "eps_4q_growth_year": null,
            "roe": 0.71,
            "roe_4q": 4.0600000000000005,
            "gross_profit": 139693,
            "gross_margin": 14.4,
            "gross_margin_4q_avg": 16.21,
            "net_income": 44450,
            "net_income_4q": null,
            "revenue": 970001,
            "revenue_4q": null,
            "common_shares": 3789007,
            "book_valuer_per_share": 14.19,
            "book_valuer_per_share_4q_avg": 14.18,
            "equity": 6275596,
            "current_ratio": 242.67,
            "debt_ratio": 24.16,
            "inventory_turnover_ratio": 0.99,
            "account_receivable_turnover_ratio": 1.63,
            "reinvestment_rate": -111.35,
            "research_to_sale_ratio": null,
            "price_fair": 20.62,
            "eps_avg_yearly": 0.59,
            "eps_latest_yearly": 0.36,
            "eps_growth_yearly": 198.87
        },
        "20172": {
            "year_quarter": 20172,
            "year": 2017,
            "quarter": 2,
            "eps": 0.33,
            "eps_growth_year": 94.12,
            "eps_4q": 0.71,
            "eps_4q_growth_year": 258.96,
            "roe": 2.86,
            "roe_4q": 5.699999999999999,
            "gross_profit": 300706,
            "gross_margin": 22.31,
            "gross_margin_4q_avg": 17.23,
            "net_income": 182081,
            "net_income_4q": null,
            "revenue": 1347811,
            "revenue_4q": null,
            "common_shares": 3789007,
            "book_valuer_per_share": 14.48,
            "book_valuer_per_share_4q_avg": 14.27,
            "equity": 6453958,
            "current_ratio": 247.06,
            "debt_ratio": 24.56,
            "inventory_turnover_ratio": 1.19,
            "account_receivable_turnover_ratio": 2.11,
            "reinvestment_rate": -108.22,
            "research_to_sale_ratio": null,
            "price_fair": 22.78,
            "eps_avg_yearly": 0.65,
            "eps_latest_yearly": 1.32,
            "eps_growth_yearly": 267.55
        },
        "20173": {
            "year_quarter": 20173,
            "year": 2017,
            "quarter": 3,
            "eps": 0.3,
            "eps_growth_year": 275,
            "eps_4q": 0.97,
            "eps_4q_growth_year": 165.91,
            "roe": 2.38,
            "roe_4q": 7.5600000000000005,
            "gross_profit": 282588,
            "gross_margin": 19.82,
            "gross_margin_4q_avg": 18.85,
            "net_income": 153332,
            "net_income_4q": null,
            "revenue": 1425596,
            "revenue_4q": null,
            "common_shares": 3599557,
            "book_valuer_per_share": 15.09,
            "book_valuer_per_share_4q_avg": 14.51,
            "equity": 6454012,
            "current_ratio": 231.73,
            "debt_ratio": 24.14,
            "inventory_turnover_ratio": 1.32,
            "account_receivable_turnover_ratio": 1.82,
            "reinvestment_rate": -88.7,
            "research_to_sale_ratio": null,
            "price_fair": 25.96,
            "eps_avg_yearly": 0.74,
            "eps_latest_yearly": 1.2,
            "eps_growth_yearly": 289.25
        },
        "20174": {
            "year_quarter": 20174,
            "year": 2017,
            "quarter": 4,
            "eps": 0.62,
            "eps_growth_year": 201.72,
            "eps_4q": 1.37,
            "eps_4q_growth_year": 221.58,
            "roe": 4.98,
            "roe_4q": 10.93,
            "gross_profit": 533027,
            "gross_margin": 32.65,
            "gross_margin_4q_avg": 22.3,
            "net_income": 330141,
            "net_income_4q": null,
            "revenue": 1632469,
            "revenue_4q": null,
            "common_shares": 3599557,
            "book_valuer_per_share": 15.73,
            "book_valuer_per_share_4q_avg": 14.87,
            "equity": 6795076,
            "current_ratio": 308.5,
            "debt_ratio": 20.77,
            "inventory_turnover_ratio": 1.43,
            "account_receivable_turnover_ratio": 1.59,
            "reinvestment_rate": -94.37,
            "research_to_sale_ratio": null,
            "price_fair": 29.4,
            "eps_avg_yearly": 0.84,
            "eps_latest_yearly": 2.48,
            "eps_growth_yearly": 109.85
        },
        "20181": {
            "year_quarter": 20181,
            "year": 2018,
            "quarter": 1,
            "eps": 0.34,
            "eps_growth_year": 277.78,
            "eps_4q": 1.62,
            "eps_4q_growth_year": 197.23,
            "roe": 2.47,
            "roe_4q": 12.690000000000001,
            "gross_profit": 241008,
            "gross_margin": 22.71,
            "gross_margin_4q_avg": 24.37,
            "net_income": 170306,
            "net_income_4q": null,
            "revenue": 1061381,
            "revenue_4q": null,
            "common_shares": 3599557,
            "book_valuer_per_share": 16.17,
            "book_valuer_per_share_4q_avg": 15.37,
            "equity": 7018241,
            "current_ratio": 286.22,
            "debt_ratio": 19.75,
            "inventory_turnover_ratio": 0.97,
            "account_receivable_turnover_ratio": 0.99,
            "reinvestment_rate": -82.43,
            "research_to_sale_ratio": null,
            "price_fair": 31.18,
            "eps_avg_yearly": 0.89,
            "eps_latest_yearly": 1.36,
            "eps_growth_yearly": 109.02
        },
        "20182": {
            "year_quarter": 20182,
            "year": 2018,
            "quarter": 2,
            "eps": 0.35,
            "eps_growth_year": 6.06,
            "eps_4q": 1.61,
            "eps_4q_growth_year": 128.19,
            "roe": 3.14,
            "roe_4q": 12.969999999999999,
            "gross_profit": 581271,
            "gross_margin": 33.25,
            "gross_margin_4q_avg": 27.11,
            "net_income": 221803,
            "net_income_4q": null,
            "revenue": 1748176,
            "revenue_4q": null,
            "common_shares": 3599557,
            "book_valuer_per_share": 16.35,
            "book_valuer_per_share_4q_avg": 15.84,
            "equity": 7095085,
            "current_ratio": 272.17,
            "debt_ratio": 21.31,
            "inventory_turnover_ratio": 1.26,
            "account_receivable_turnover_ratio": 1.68,
            "reinvestment_rate": -81.05,
            "research_to_sale_ratio": null,
            "price_fair": 32.33,
            "eps_avg_yearly": 0.92,
            "eps_latest_yearly": 1.4,
            "eps_growth_yearly": 99.18
        },
        "20183": {
            "year_quarter": 20183,
            "year": 2018,
            "quarter": 3,
            "eps": 0.72,
            "eps_growth_year": 140,
            "eps_4q": 2.12,
            "eps_4q_growth_year": 119.33,
            "roe": 5.21,
            "roe_4q": 15.8,
            "gross_profit": 618633,
            "gross_margin": 32.43,
            "gross_margin_4q_avg": 30.26,
            "net_income": 372024,
            "net_income_4q": null,
            "revenue": 1907461,
            "revenue_4q": null,
            "common_shares": 3419579,
            "book_valuer_per_share": 17.2,
            "book_valuer_per_share_4q_avg": 16.36,
            "equity": 7172528,
            "current_ratio": 252.17,
            "debt_ratio": 20.25,
            "inventory_turnover_ratio": 1.57,
            "account_receivable_turnover_ratio": 1.42,
            "reinvestment_rate": -77.02,
            "research_to_sale_ratio": null,
            "price_fair": 40.47,
            "eps_avg_yearly": 1.16,
            "eps_latest_yearly": 2.88,
            "eps_growth_yearly": 162.79
        },
        "20184": {
            "year_quarter": 20184,
            "year": 2018,
            "quarter": 4,
            "eps": 0.99,
            "eps_growth_year": 60.45,
            "eps_4q": 2.46,
            "eps_4q_growth_year": 79.8,
            "roe": 6.59,
            "roe_4q": 17.41,
            "gross_profit": 742919,
            "gross_margin": 37.44,
            "gross_margin_4q_avg": 31.46,
            "net_income": 489373,
            "net_income_4q": null,
            "revenue": 1984112,
            "revenue_4q": null,
            "common_shares": 3419579,
            "book_valuer_per_share": 18.25,
            "book_valuer_per_share_4q_avg": 16.99,
            "equity": 7690087,
            "current_ratio": 228.52,
            "debt_ratio": 24.4,
            "inventory_turnover_ratio": 1.6,
            "account_receivable_turnover_ratio": 0.96,
            "reinvestment_rate": -64.04,
            "research_to_sale_ratio": null,
            "price_fair": 51.42,
            "eps_avg_yearly": 1.47,
            "eps_latest_yearly": 3.96,
            "eps_growth_yearly": 153.7
        },
        "20191": {
            "year_quarter": 20191,
            "year": 2019,
            "quarter": 1,
            "eps": 0.37,
            "eps_growth_year": 8.82,
            "eps_4q": 2.47,
            "eps_4q_growth_year": 53.11,
            "roe": 2.58,
            "roe_4q": 17.52,
            "gross_profit": 389325,
            "gross_margin": 28.62,
            "gross_margin_4q_avg": 32.94,
            "net_income": 202592,
            "net_income_4q": null,
            "revenue": 1360434,
            "revenue_4q": null,
            "common_shares": 3419579,
            "book_valuer_per_share": 18.81,
            "book_valuer_per_share_4q_avg": 17.65,
            "equity": 7986829,
            "current_ratio": 259.05,
            "debt_ratio": 19.45,
            "inventory_turnover_ratio": 1.16,
            "account_receivable_turnover_ratio": 0.58,
            "reinvestment_rate": -54.12,
            "research_to_sale_ratio": null,
            "price_fair": 55.87,
            "eps_avg_yearly": 1.6,
            "eps_latest_yearly": 1.48,
            "eps_growth_yearly": 161.7
        },
        "20192": {
            "year_quarter": 20192,
            "year": 2019,
            "quarter": 2,
            "eps": 0.67,
            "eps_growth_year": 91.43,
            "eps_4q": 2.77,
            "eps_4q_growth_year": 71.96,
            "roe": 4.77,
            "roe_4q": 19.15,
            "gross_profit": 763862,
            "gross_margin": 34.54,
            "gross_margin_4q_avg": 33.26,
            "net_income": 378539,
            "net_income_4q": null,
            "revenue": 2211736,
            "revenue_4q": null,
            "common_shares": 3419579,
            "book_valuer_per_share": 18.58,
            "book_valuer_per_share_4q_avg": 18.21,
            "equity": 7896828,
            "current_ratio": 211.87,
            "debt_ratio": 24.3,
            "inventory_turnover_ratio": 1.77,
            "account_receivable_turnover_ratio": 1,
            "reinvestment_rate": -46.19,
            "research_to_sale_ratio": null,
            "price_fair": 59.03,
            "eps_avg_yearly": 1.69,
            "eps_latest_yearly": 2.68,
            "eps_growth_yearly": 175.25
        },
        "20193": {
            "year_quarter": 20193,
            "year": 2019,
            "quarter": 3,
            "eps": 0.83,
            "eps_growth_year": 15.28,
            "eps_4q": 2.86,
            "eps_4q_growth_year": 35.22,
            "roe": 5.26,
            "roe_4q": 19.2,
            "gross_profit": 694783,
            "gross_margin": 33.92,
            "gross_margin_4q_avg": 33.63,
            "net_income": 422321,
            "net_income_4q": null,
            "revenue": 2048259,
            "revenue_4q": null,
            "common_shares": 3419579,
            "book_valuer_per_share": 19.09,
            "book_valuer_per_share_4q_avg": 18.68,
            "equity": 8154229,
            "current_ratio": 248.55,
            "debt_ratio": 21.58,
            "inventory_turnover_ratio": 1.65,
            "account_receivable_turnover_ratio": 0.87,
            "reinvestment_rate": -49.58,
            "research_to_sale_ratio": null,
            "price_fair": 63.43,
            "eps_avg_yearly": 1.81,
            "eps_latest_yearly": 3.32,
            "eps_growth_yearly": 169.12
        },
        "20194": {
            "year_quarter": 20194,
            "year": 2019,
            "quarter": 4,
            "eps": 0.94,
            "eps_growth_year": -4.49,
            "eps_4q": 2.82,
            "eps_4q_growth_year": 14.69,
            "roe": 5.42,
            "roe_4q": 18.03,
            "gross_profit": 756485,
            "gross_margin": 34.35,
            "gross_margin_4q_avg": 32.86,
            "net_income": 455165,
            "net_income_4q": null,
            "revenue": 2202466,
            "revenue_4q": null,
            "common_shares": 3419579,
            "book_valuer_per_share": 19.94,
            "book_valuer_per_share_4q_avg": 19.11,
            "equity": 8630122,
            "current_ratio": 251.83,
            "debt_ratio": 22.89,
            "inventory_turnover_ratio": 1.69,
            "account_receivable_turnover_ratio": 0.89,
            "reinvestment_rate": -39.98,
            "research_to_sale_ratio": null,
            "price_fair": 68.3,
            "eps_avg_yearly": 1.95,
            "eps_latest_yearly": 3.76,
            "eps_growth_yearly": 160.82
        },
        "20201": {
            "year_quarter": 20201,
            "year": 2020,
            "quarter": 1,
            "eps": 0.27,
            "eps_growth_year": -27.03,
            "eps_4q": 2.71,
            "eps_4q_growth_year": 9.63,
            "roe": 1.58,
            "roe_4q": 17.03,
            "gross_profit": 323147,
            "gross_margin": 27.72,
            "gross_margin_4q_avg": 32.63,
            "net_income": 137170,
            "net_income_4q": null,
            "revenue": 1165580,
            "revenue_4q": null,
            "common_shares": 3419579,
            "book_valuer_per_share": 20.09,
            "book_valuer_per_share_4q_avg": 19.43,
            "equity": 8709428,
            "current_ratio": 343.68,
            "debt_ratio": 17.48,
            "inventory_turnover_ratio": 0.98,
            "account_receivable_turnover_ratio": 0.53,
            "reinvestment_rate": -41.2,
            "research_to_sale_ratio": null,
            "price_fair": 66.27,
            "eps_avg_yearly": 1.89,
            "eps_latest_yearly": 1.08,
            "eps_growth_yearly": 131.1
        },
        "20202": {
            "year_quarter": 20202,
            "year": 2020,
            "quarter": 2,
            "eps": 0.66,
            "eps_growth_year": -1.49,
            "eps_4q": 2.7,
            "eps_4q_growth_year": -2.45,
            "roe": 3.99,
            "roe_4q": 16.25,
            "gross_profit": 756205,
            "gross_margin": 36.18,
            "gross_margin_4q_avg": 33.04,
            "net_income": 340275,
            "net_income_4q": null,
            "revenue": 2090368,
            "revenue_4q": null,
            "common_shares": 3419579,
            "book_valuer_per_share": 19.53,
            "book_valuer_per_share_4q_avg": 19.66,
            "equity": 8365963,
            "current_ratio": 267.2,
            "debt_ratio": 21.17,
            "inventory_turnover_ratio": 1.51,
            "account_receivable_turnover_ratio": 1.15,
            "reinvestment_rate": -36.18,
            "research_to_sale_ratio": null,
            "price_fair": 67.9,
            "eps_avg_yearly": 1.94,
            "eps_latest_yearly": 2.64,
            "eps_growth_yearly": 159.01
        },
        "20203": {
            "year_quarter": 20203,
            "year": 2020,
            "quarter": 3,
            "eps": 0.79,
            "eps_growth_year": -4.82,
            "eps_4q": 2.67,
            "eps_4q_growth_year": -6.86,
            "roe": 4.41,
            "roe_4q": 15.4,
            "gross_profit": 593045,
            "gross_margin": 30.3,
            "gross_margin_4q_avg": 32.14,
            "net_income": 378810,
            "net_income_4q": null,
            "revenue": 1957481,
            "revenue_4q": null,
            "common_shares": 3419579,
            "book_valuer_per_share": 20.48,
            "book_valuer_per_share_4q_avg": 20.01,
            "equity": 8826418,
            "current_ratio": 308.53,
            "debt_ratio": 18.37,
            "inventory_turnover_ratio": 1.64,
            "account_receivable_turnover_ratio": 1.03,
            "reinvestment_rate": -30.4,
            "research_to_sale_ratio": null,
            "price_fair": 74.11,
            "eps_avg_yearly": 2.12,
            "eps_latest_yearly": 3.16,
            "eps_growth_yearly": 177.17
        },
        "20204": {
            "year_quarter": 20204,
            "year": 2020,
            "quarter": 4,
            "eps": 1.21,
            "eps_growth_year": 28.56,
            "eps_4q": 2.94,
            "eps_4q_growth_year": 4.19,
            "roe": 6.45,
            "roe_4q": 16.43,
            "gross_profit": 937385,
            "gross_margin": 39.39,
            "gross_margin_4q_avg": 33.4,
            "net_income": 592618,
            "net_income_4q": null,
            "revenue": 2379865,
            "revenue_4q": null,
            "common_shares": 3419579,
            "book_valuer_per_share": 21.93,
            "book_valuer_per_share_4q_avg": 20.51,
            "equity": 9541016,
            "current_ratio": 303.94,
            "debt_ratio": 19.22,
            "inventory_turnover_ratio": 1.72,
            "account_receivable_turnover_ratio": 1.15,
            "reinvestment_rate": -25.1,
            "research_to_sale_ratio": null,
            "price_fair": 82.95,
            "eps_avg_yearly": 2.37,
            "eps_latest_yearly": 4.84,
            "eps_growth_yearly": 152.96
        },
        "20211": {
            "year_quarter": 20211,
            "year": 2021,
            "quarter": 1,
            "eps": 0.83,
            "eps_growth_year": 207.41,
            "eps_4q": 3.5,
            "eps_4q_growth_year": 29.14,
            "roe": 4.13,
            "roe_4q": 18.98,
            "gross_profit": 601901,
            "gross_margin": 33.21,
            "gross_margin_4q_avg": 34.77,
            "net_income": 400371,
            "net_income_4q": null,
            "revenue": 1812350,
            "revenue_4q": null,
            "common_shares": 3419579,
            "book_valuer_per_share": 22.68,
            "book_valuer_per_share_4q_avg": 21.16,
            "equity": 9850054,
            "current_ratio": 356.04,
            "debt_ratio": 16.78,
            "inventory_turnover_ratio": 1.46,
            "account_receivable_turnover_ratio": 0.91,
            "reinvestment_rate": -20.66,
            "research_to_sale_ratio": null,
            "price_fair": 89.43,
            "eps_avg_yearly": 2.56,
            "eps_latest_yearly": 3.32,
            "eps_growth_yearly": 158.86
        },
        "20212": {
            "year_quarter": 20212,
            "year": 2021,
            "quarter": 2,
            "eps": 0.47,
            "eps_growth_year": -28.79,
            "eps_4q": 3.31,
            "eps_4q_growth_year": 22.52,
            "roe": 2.41,
            "roe_4q": 17.4,
            "gross_profit": 613840,
            "gross_margin": 32.56,
            "gross_margin_4q_avg": 33.87,
            "net_income": 236044,
            "net_income_4q": null,
            "revenue": 1885382,
            "revenue_4q": null,
            "common_shares": 3419579,
            "book_valuer_per_share": 23.08,
            "book_valuer_per_share_4q_avg": 22.04,
            "equity": 9739045,
            "current_ratio": 391.61,
            "debt_ratio": 15.23,
            "inventory_turnover_ratio": 1.6,
            "account_receivable_turnover_ratio": 1.04,
            "reinvestment_rate": -22.41,
            "research_to_sale_ratio": null,
            "price_fair": 90.65,
            "eps_avg_yearly": 2.59,
            "eps_latest_yearly": 1.88,
            "eps_growth_yearly": 81.35
        },
        "20213": {
            "year_quarter": 20213,
            "year": 2021,
            "quarter": 3,
            "eps": 0.31,
            "eps_growth_year": -60.76,
            "eps_4q": 2.83,
            "eps_4q_growth_year": 5.99,
            "roe": 1.41,
            "roe_4q": 14.4,
            "gross_profit": 271537,
            "gross_margin": 18.59,
            "gross_margin_4q_avg": 30.94,
            "net_income": 134892,
            "net_income_4q": null,
            "revenue": 1460377,
            "revenue_4q": null,
            "common_shares": 3419579,
            "book_valuer_per_share": 21.88,
            "book_valuer_per_share_4q_avg": 22.39,
            "equity": 9358400,
            "current_ratio": 395.92,
            "debt_ratio": 14.74,
            "inventory_turnover_ratio": 1.43,
            "account_receivable_turnover_ratio": 0.82,
            "reinvestment_rate": -23.31,
            "research_to_sale_ratio": null,
            "price_fair": 90.74,
            "eps_avg_yearly": 2.59,
            "eps_latest_yearly": 1.24,
            "eps_growth_yearly": 75.11
        },
        "20214": {
            "year_quarter": 20214,
            "year": 2021,
            "quarter": 4,
            "eps": 0.91,
            "eps_growth_year": -24.92,
            "eps_4q": 2.52,
            "eps_4q_growth_year": -14.06,
            "roe": 4.6,
            "roe_4q": 12.55,
            "gross_profit": 715649,
            "gross_margin": 32.23,
            "gross_margin_4q_avg": 29.15,
            "net_income": 441483,
            "net_income_4q": null,
            "revenue": 2220120,
            "revenue_4q": null,
            "common_shares": 3419579,
            "book_valuer_per_share": 22.9,
            "book_valuer_per_share_4q_avg": 22.64,
            "equity": 9853172,
            "current_ratio": 385.52,
            "debt_ratio": 15.8,
            "inventory_turnover_ratio": 1.72,
            "account_receivable_turnover_ratio": 1.18,
            "reinvestment_rate": -21.56,
            "research_to_sale_ratio": null,
            "price_fair": 93.28,
            "eps_avg_yearly": 2.67,
            "eps_latest_yearly": 3.64,
            "eps_growth_yearly": 96.83
        },
        "20221": {
            "year_quarter": 20221,
            "year": 2022,
            "quarter": 1,
            "eps": 0.26,
            "eps_growth_year": -68.67,
            "eps_4q": 1.95,
            "eps_4q_growth_year": -44.29,
            "roe": 1.1,
            "roe_4q": 9.52,
            "gross_profit": 211196,
            "gross_margin": 17.04,
            "gross_margin_4q_avg": 25.11,
            "net_income": 110325,
            "net_income_4q": null,
            "revenue": 1239184,
            "revenue_4q": null,
            "common_shares": 3419579,
            "book_valuer_per_share": 23.55,
            "book_valuer_per_share_4q_avg": 22.85,
            "equity": 10164148,
            "current_ratio": 507.22,
            "debt_ratio": 12.12,
            "inventory_turnover_ratio": 1.12,
            "account_receivable_turnover_ratio": 0.75,
            "reinvestment_rate": -22.47,
            "research_to_sale_ratio": null,
            "price_fair": 92.58,
            "eps_avg_yearly": 2.65,
            "eps_latest_yearly": 1.04,
            "eps_growth_yearly": 90.27
        },
        "20222": {
            "year_quarter": 20222,
            "year": 2022,
            "quarter": 2,
            "eps": -0.06,
            "eps_growth_year": -112.77,
            "eps_4q": 1.42,
            "eps_4q_growth_year": -57.27,
            "roe": 0.04,
            "roe_4q": 7.15,
            "gross_profit": 373070,
            "gross_margin": 21.13,
            "gross_margin_4q_avg": 22.25,
            "net_income": 3933,
            "net_income_4q": null,
            "revenue": 1765691,
            "revenue_4q": null,
            "common_shares": 3419579,
            "book_valuer_per_share": 21.85,
            "book_valuer_per_share_4q_avg": 22.55,
            "equity": 9306513,
            "current_ratio": 299.12,
            "debt_ratio": 19.98,
            "inventory_turnover_ratio": 1.41,
            "account_receivable_turnover_ratio": 1.53,
            "reinvestment_rate": -21.41,
            "research_to_sale_ratio": null,
            "price_fair": 95.48,
            "eps_avg_yearly": 2.73,
            "eps_latest_yearly": 1.04,
            "eps_growth_yearly": 95.5
        },
        "20223": {
            "year_quarter": 20223,
            "year": 2022,
            "quarter": 3,
            "eps": 0.63,
            "eps_growth_year": 103.23,
            "eps_4q": 1.74,
            "eps_4q_growth_year": -38.38,
            "roe": 2.63,
            "roe_4q": 8.37,
            "gross_profit": 262764,
            "gross_margin": 15.73,
            "gross_margin_4q_avg": 21.53,
            "net_income": 248377,
            "net_income_4q": null,
            "revenue": 1670566,
            "revenue_4q": null,
            "common_shares": 3411589,
            "book_valuer_per_share": 22.56,
            "book_valuer_per_share_4q_avg": 22.72,
            "equity": 9579578,
            "current_ratio": 389.44,
            "debt_ratio": 15.47,
            "inventory_turnover_ratio": 1.54,
            "account_receivable_turnover_ratio": 1.75,
            "reinvestment_rate": -18.76,
            "research_to_sale_ratio": null,
            "price_fair": 95.1,
            "eps_avg_yearly": 2.72,
            "eps_latest_yearly": 1.04,
            "eps_growth_yearly": 72.12
        },
        "20224": {
            "year_quarter": 20224,
            "year": 2022,
            "quarter": 4,
            "eps": 0.34,
            "eps_growth_year": -62.42,
            "eps_4q": 1.17,
            "eps_4q_growth_year": -53.63,
            "roe": 1.61,
            "roe_4q": 5.380000000000001,
            "gross_profit": 402719,
            "gross_margin": 23.51,
            "gross_margin_4q_avg": 19.35,
            "net_income": 155103,
            "net_income_4q": null,
            "revenue": 1712897,
            "revenue_4q": null,
            "common_shares": 3411589,
            "book_valuer_per_share": 22.76,
            "book_valuer_per_share_4q_avg": 22.68,
            "equity": 9663552,
            "current_ratio": 402.71,
            "debt_ratio": 15.9,
            "inventory_turnover_ratio": 1.46,
            "account_receivable_turnover_ratio": 1.72,
            "reinvestment_rate": -19.56,
            "research_to_sale_ratio": null,
            "price_fair": 88.6,
            "eps_avg_yearly": 2.53,
            "eps_latest_yearly": 1.36,
            "eps_growth_yearly": 48.25
        },
        "20231": {
            "year_quarter": 20231,
            "year": 2023,
            "quarter": 1,
            "eps": 0.42,
            "eps_growth_year": 61.54,
            "eps_4q": 1.33,
            "eps_4q_growth_year": -32.02,
            "roe": 1.71,
            "roe_4q": 5.99,
            "gross_profit": 264590,
            "gross_margin": 19.83,
            "gross_margin_4q_avg": 20.05,
            "net_income": 166497,
            "net_income_4q": null,
            "revenue": 1334158,
            "revenue_4q": null,
            "common_shares": 3411589,
            "book_valuer_per_share": 23.23,
            "book_valuer_per_share_4q_avg": 22.6,
            "equity": 9857037,
            "current_ratio": 430.83,
            "debt_ratio": 14.89,
            "inventory_turnover_ratio": 0.99,
            "account_receivable_turnover_ratio": 1.36,
            "reinvestment_rate": -18.53,
            "research_to_sale_ratio": null,
            "price_fair": 89.1,
            "eps_avg_yearly": 2.55,
            "eps_latest_yearly": 1.68,
            "eps_growth_yearly": 72.87
        },
        "20232": {
            "year_quarter": 20232,
            "year": 2023,
            "quarter": 2,
            "eps": 0.6,
            "eps_growth_year": null,
            "eps_4q": 1.99,
            "eps_4q_growth_year": 40.54,
            "roe": 2.58,
            "roe_4q": 8.530000000000001,
            "gross_profit": 384991,
            "gross_margin": 22.69,
            "gross_margin_4q_avg": 20.44,
            "net_income": 250483,
            "net_income_4q": null,
            "revenue": 1696455,
            "revenue_4q": null,
            "common_shares": 3411589,
            "book_valuer_per_share": 22.72,
            "book_valuer_per_share_4q_avg": 22.82,
            "equity": 9558054,
            "current_ratio": 370.55,
            "debt_ratio": 16.84,
            "inventory_turnover_ratio": 1.2,
            "account_receivable_turnover_ratio": 1.65,
            "reinvestment_rate": -18.02,
            "research_to_sale_ratio": null,
            "price_fair": 88.4,
            "eps_avg_yearly": 2.53,
            "eps_latest_yearly": 2.4,
            "eps_growth_yearly": 61.95
        },
        "20233": {
            "year_quarter": 20233,
            "year": 2023,
            "quarter": 3,
            "eps": 0.34,
            "eps_growth_year": -46.03,
            "eps_4q": 1.7,
            "eps_4q_growth_year": -2.39,
            "roe": 1.5,
            "roe_4q": 7.4,
            "gross_profit": 290098,
            "gross_margin": 18.19,
            "gross_margin_4q_avg": 21.06,
            "net_income": 145582,
            "net_income_4q": null,
            "revenue": 1595174,
            "revenue_4q": null,
            "common_shares": 3411589,
            "book_valuer_per_share": 23.34,
            "book_valuer_per_share_4q_avg": 23.01,
            "equity": 9847094,
            "current_ratio": 513.03,
            "debt_ratio": 12.7,
            "inventory_turnover_ratio": 1.41,
            "account_receivable_turnover_ratio": 1.32,
            "reinvestment_rate": -16.48,
            "research_to_sale_ratio": null,
            "price_fair": 83.5,
            "eps_avg_yearly": 2.39,
            "eps_latest_yearly": 1.36,
            "eps_growth_yearly": 42.74
        }
    },
    "months": {
        "2001-10": {
            "month": "2001-10",
            "price": "9.83",
            "revenue": 94406
        },
        "2001-11": {
            "month": "2001-11",
            "price": "9.42",
            "revenue": 121559
        },
        "2001-12": {
            "month": "2001-12",
            "price": "9.89",
            "revenue": 116045
        },
        "2002-01": {
            "month": "2002-01",
            "price": "9.78",
            "revenue": 122494
        },
        "2002-02": {
            "month": "2002-02",
            "price": "9.28",
            "revenue": 67354
        },
        "2002-03": {
            "month": "2002-03",
            "price": "9.83",
            "revenue": 147564
        },
        "2002-04": {
            "month": "2002-04",
            "price": "10.43",
            "revenue": 134287
        },
        "2002-05": {
            "month": "2002-05",
            "price": "9.57",
            "revenue": 141527
        },
        "2002-06": {
            "month": "2002-06",
            "price": "10.10",
            "revenue": 127724
        },
        "2002-07": {
            "month": "2002-07",
            "price": "9.72",
            "revenue": 131891
        },
        "2002-08": {
            "month": "2002-08",
            "price": "9.51",
            "revenue": 125892
        },
        "2002-09": {
            "month": "2002-09",
            "price": "9.38",
            "revenue": 101569
        },
        "2002-10": {
            "month": "2002-10",
            "price": "8.66",
            "revenue": 133456
        },
        "2002-11": {
            "month": "2002-11",
            "price": "9.07",
            "revenue": 123485
        },
        "2002-12": {
            "month": "2002-12",
            "price": "9.45",
            "revenue": 115441
        },
        "2003-01": {
            "month": "2003-01",
            "price": "10.44",
            "revenue": 121842
        },
        "2003-02": {
            "month": "2003-02",
            "price": "9.07",
            "revenue": 90898
        },
        "2003-03": {
            "month": "2003-03",
            "price": "8.67",
            "revenue": 121293
        },
        "2003-04": {
            "month": "2003-04",
            "price": "8.83",
            "revenue": 117441
        },
        "2003-05": {
            "month": "2003-05",
            "price": "8.12",
            "revenue": 138641
        },
        "2003-06": {
            "month": "2003-06",
            "price": "8.71",
            "revenue": 120663
        },
        "2003-07": {
            "month": "2003-07",
            "price": "8.25",
            "revenue": 134113
        },
        "2003-08": {
            "month": "2003-08",
            "price": "8.06",
            "revenue": 128720
        },
        "2003-09": {
            "month": "2003-09",
            "price": "7.93",
            "revenue": 132249
        },
        "2003-10": {
            "month": "2003-10",
            "price": "8.98",
            "revenue": 146226
        },
        "2003-11": {
            "month": "2003-11",
            "price": "9.57",
            "revenue": 139173
        },
        "2003-12": {
            "month": "2003-12",
            "price": "9.13",
            "revenue": 167354
        },
        "2004-01": {
            "month": "2004-01",
            "price": "10.22",
            "revenue": 121663
        },
        "2004-02": {
            "month": "2004-02",
            "price": "11.47",
            "revenue": 122823
        },
        "2004-03": {
            "month": "2004-03",
            "price": "11.66",
            "revenue": 140186
        },
        "2004-04": {
            "month": "2004-04",
            "price": "11.25",
            "revenue": 156801
        },
        "2004-05": {
            "month": "2004-05",
            "price": "9.83",
            "revenue": 166102
        },
        "2004-06": {
            "month": "2004-06",
            "price": "9.55",
            "revenue": 170410
        },
        "2004-07": {
            "month": "2004-07",
            "price": "9.32",
            "revenue": 183962
        },
        "2004-08": {
            "month": "2004-08",
            "price": "9.24",
            "revenue": 169002
        },
        "2004-09": {
            "month": "2004-09",
            "price": "10.61",
            "revenue": 152537
        },
        "2004-10": {
            "month": "2004-10",
            "price": "10.42",
            "revenue": 183341
        },
        "2004-11": {
            "month": "2004-11",
            "price": "10.00",
            "revenue": 206578
        },
        "2004-12": {
            "month": "2004-12",
            "price": "10.10",
            "revenue": 212479
        },
        "2005-01": {
            "month": "2005-01",
            "price": "10.66",
            "revenue": 190917
        },
        "2005-02": {
            "month": "2005-02",
            "price": "10.60",
            "revenue": 94491
        },
        "2005-03": {
            "month": "2005-03",
            "price": "10.24",
            "revenue": 182687
        },
        "2005-04": {
            "month": "2005-04",
            "price": "9.58",
            "revenue": 184408
        },
        "2005-05": {
            "month": "2005-05",
            "price": "9.16",
            "revenue": 176447
        },
        "2005-06": {
            "month": "2005-06",
            "price": "9.44",
            "revenue": 184114
        },
        "2005-07": {
            "month": "2005-07",
            "price": "9.31",
            "revenue": 166573
        },
        "2005-08": {
            "month": "2005-08",
            "price": "9.04",
            "revenue": 167166
        },
        "2005-09": {
            "month": "2005-09",
            "price": "8.98",
            "revenue": 165241
        },
        "2005-10": {
            "month": "2005-10",
            "price": "8.90",
            "revenue": 183634
        },
        "2005-11": {
            "month": "2005-11",
            "price": "8.95",
            "revenue": 192562
        },
        "2005-12": {
            "month": "2005-12",
            "price": "9.03",
            "revenue": 202280
        },
        "2006-01": {
            "month": "2006-01",
            "price": "9.22",
            "revenue": 174702
        },
        "2006-02": {
            "month": "2006-02",
            "price": "9.12",
            "revenue": 144277
        },
        "2006-03": {
            "month": "2006-03",
            "price": "9.00",
            "revenue": 218682
        },
        "2006-04": {
            "month": "2006-04",
            "price": "9.33",
            "revenue": 190260
        },
        "2006-05": {
            "month": "2006-05",
            "price": "11.37",
            "revenue": 200122
        },
        "2006-06": {
            "month": "2006-06",
            "price": "10.39",
            "revenue": 202822
        },
        "2006-07": {
            "month": "2006-07",
            "price": "10.49",
            "revenue": 198174
        },
        "2006-08": {
            "month": "2006-08",
            "price": "10.06",
            "revenue": 221793
        },
        "2006-09": {
            "month": "2006-09",
            "price": "10.24",
            "revenue": 207493
        },
        "2006-10": {
            "month": "2006-10",
            "price": "11.41",
            "revenue": 198845
        },
        "2006-11": {
            "month": "2006-11",
            "price": "12.12",
            "revenue": 151726
        },
        "2006-12": {
            "month": "2006-12",
            "price": "12.99",
            "revenue": 176948
        },
        "2007-01": {
            "month": "2007-01",
            "price": "12.38",
            "revenue": 182399
        },
        "2007-02": {
            "month": "2007-02",
            "price": "12.11",
            "revenue": 117888
        },
        "2007-03": {
            "month": "2007-03",
            "price": "11.77",
            "revenue": 176549
        },
        "2007-04": {
            "month": "2007-04",
            "price": "12.32",
            "revenue": 162987
        },
        "2007-05": {
            "month": "2007-05",
            "price": "11.86",
            "revenue": 173520
        },
        "2007-06": {
            "month": "2007-06",
            "price": "12.08",
            "revenue": 143114
        },
        "2007-07": {
            "month": "2007-07",
            "price": "13.34",
            "revenue": 182764
        },
        "2007-08": {
            "month": "2007-08",
            "price": "11.75",
            "revenue": 175269
        },
        "2007-09": {
            "month": "2007-09",
            "price": "12.07",
            "revenue": 172487
        },
        "2007-10": {
            "month": "2007-10",
            "price": "12.38",
            "revenue": 151685
        },
        "2007-11": {
            "month": "2007-11",
            "price": "11.16",
            "revenue": 164916
        },
        "2007-12": {
            "month": "2007-12",
            "price": "10.77",
            "revenue": 161132
        },
        "2008-01": {
            "month": "2008-01",
            "price": "10.58",
            "revenue": 180917
        },
        "2008-02": {
            "month": "2008-02",
            "price": "10.89",
            "revenue": 106452
        },
        "2008-03": {
            "month": "2008-03",
            "price": "12.06",
            "revenue": 168911
        },
        "2008-04": {
            "month": "2008-04",
            "price": "12.96",
            "revenue": 153689
        },
        "2008-05": {
            "month": "2008-05",
            "price": "13.83",
            "revenue": 148323
        },
        "2008-06": {
            "month": "2008-06",
            "price": "12.22",
            "revenue": 141664
        },
        "2008-07": {
            "month": "2008-07",
            "price": "10.69",
            "revenue": 143474
        },
        "2008-08": {
            "month": "2008-08",
            "price": "9.95",
            "revenue": 159793
        },
        "2008-09": {
            "month": "2008-09",
            "price": "8.46",
            "revenue": 145644
        },
        "2008-10": {
            "month": "2008-10",
            "price": "7.30",
            "revenue": 172736
        },
        "2008-11": {
            "month": "2008-11",
            "price": "7.68",
            "revenue": 143879
        },
        "2008-12": {
            "month": "2008-12",
            "price": "7.96",
            "revenue": 166952
        },
        "2009-01": {
            "month": "2009-01",
            "price": "7.99",
            "revenue": 109152
        },
        "2009-02": {
            "month": "2009-02",
            "price": "8.57",
            "revenue": 106367
        },
        "2009-03": {
            "month": "2009-03",
            "price": "8.80",
            "revenue": 131022
        },
        "2009-04": {
            "month": "2009-04",
            "price": "9.35",
            "revenue": 132978
        },
        "2009-05": {
            "month": "2009-05",
            "price": "9.75",
            "revenue": 128051
        },
        "2009-06": {
            "month": "2009-06",
            "price": "9.53",
            "revenue": 133364
        },
        "2009-07": {
            "month": "2009-07",
            "price": "9.46",
            "revenue": 128000
        },
        "2009-08": {
            "month": "2009-08",
            "price": "10.14",
            "revenue": 106248
        },
        "2009-09": {
            "month": "2009-09",
            "price": "10.21",
            "revenue": 98189
        },
        "2009-10": {
            "month": "2009-10",
            "price": "10.34",
            "revenue": 100820
        },
        "2009-11": {
            "month": "2009-11",
            "price": "10.07",
            "revenue": 116678
        },
        "2009-12": {
            "month": "2009-12",
            "price": "10.32",
            "revenue": 128347
        },
        "2010-01": {
            "month": "2010-01",
            "price": "10.59",
            "revenue": 119332
        },
        "2010-02": {
            "month": "2010-02",
            "price": "9.73",
            "revenue": 70875
        },
        "2010-03": {
            "month": "2010-03",
            "price": "9.96",
            "revenue": 114602
        },
        "2010-04": {
            "month": "2010-04",
            "price": "10.23",
            "revenue": 100314
        },
        "2010-05": {
            "month": "2010-05",
            "price": "9.82",
            "revenue": 100393
        },
        "2010-06": {
            "month": "2010-06",
            "price": "9.67",
            "revenue": 86162
        },
        "2010-07": {
            "month": "2010-07",
            "price": "9.76",
            "revenue": 99329
        },
        "2010-08": {
            "month": "2010-08",
            "price": "9.94",
            "revenue": 91604
        },
        "2010-09": {
            "month": "2010-09",
            "price": "9.83",
            "revenue": 108538
        },
        "2010-10": {
            "month": "2010-10",
            "price": "10.05",
            "revenue": 119621
        },
        "2010-11": {
            "month": "2010-11",
            "price": "10.09",
            "revenue": 110327
        },
        "2010-12": {
            "month": "2010-12",
            "price": "10.16",
            "revenue": 134944
        },
        "2011-01": {
            "month": "2011-01",
            "price": "10.32",
            "revenue": 121737
        },
        "2011-02": {
            "month": "2011-02",
            "price": "9.95",
            "revenue": 74300
        },
        "2011-03": {
            "month": "2011-03",
            "price": "9.93",
            "revenue": 116997
        },
        "2011-04": {
            "month": "2011-04",
            "price": "10.50",
            "revenue": 142568
        },
        "2011-05": {
            "month": "2011-05",
            "price": "10.84",
            "revenue": 156628
        },
        "2011-06": {
            "month": "2011-06",
            "price": "10.86",
            "revenue": 135569
        },
        "2011-07": {
            "month": "2011-07",
            "price": "11.24",
            "revenue": 126314
        },
        "2011-08": {
            "month": "2011-08",
            "price": "10.67",
            "revenue": 118585
        },
        "2011-09": {
            "month": "2011-09",
            "price": "10.41",
            "revenue": 115631
        },
        "2011-10": {
            "month": "2011-10",
            "price": "10.49",
            "revenue": 130387
        },
        "2011-11": {
            "month": "2011-11",
            "price": "10.72",
            "revenue": 139134
        },
        "2011-12": {
            "month": "2011-12",
            "price": "10.36",
            "revenue": 160548
        },
        "2012-01": {
            "month": "2012-01",
            "price": "10.30",
            "revenue": 105552
        },
        "2012-02": {
            "month": "2012-02",
            "price": "10.70",
            "revenue": 130079
        },
        "2012-03": {
            "month": "2012-03",
            "price": "10.85",
            "revenue": 155201
        },
        "2012-04": {
            "month": "2012-04",
            "price": "10.72",
            "revenue": 166291
        },
        "2012-05": {
            "month": "2012-05",
            "price": "10.59",
            "revenue": 153820
        },
        "2012-06": {
            "month": "2012-06",
            "price": "10.33",
            "revenue": 131920
        },
        "2012-07": {
            "month": "2012-07",
            "price": "10.42",
            "revenue": 146976
        },
        "2012-08": {
            "month": "2012-08",
            "price": "10.45",
            "revenue": 141291
        },
        "2012-09": {
            "month": "2012-09",
            "price": "10.68",
            "revenue": 139218
        },
        "2012-10": {
            "month": "2012-10",
            "price": "10.48",
            "revenue": 153504
        },
        "2012-11": {
            "month": "2012-11",
            "price": "10.44",
            "revenue": 142214
        },
        "2012-12": {
            "month": "2012-12",
            "price": "10.55",
            "revenue": 146031
        },
        "2013-01": {
            "month": "2013-01",
            "price": "10.56",
            "revenue": 383780
        },
        "2013-02": {
            "month": "2013-02",
            "price": "10.49",
            "revenue": 149301
        },
        "2013-03": {
            "month": "2013-03",
            "price": "10.47",
            "revenue": 382253
        },
        "2013-04": {
            "month": "2013-04",
            "price": "10.44",
            "revenue": 385435
        },
        "2013-05": {
            "month": "2013-05",
            "price": "10.56",
            "revenue": 328876
        },
        "2013-06": {
            "month": "2013-06",
            "price": "10.57",
            "revenue": 296767
        },
        "2013-07": {
            "month": "2013-07",
            "price": "10.48",
            "revenue": 289932
        },
        "2013-08": {
            "month": "2013-08",
            "price": "10.39",
            "revenue": 327684
        },
        "2013-09": {
            "month": "2013-09",
            "price": "10.51",
            "revenue": 367941
        },
        "2013-10": {
            "month": "2013-10",
            "price": "10.89",
            "revenue": 536767
        },
        "2013-11": {
            "month": "2013-11",
            "price": "11.07",
            "revenue": 554767
        },
        "2013-12": {
            "month": "2013-12",
            "price": "11.77",
            "revenue": 547737
        },
        "2014-01": {
            "month": "2014-01",
            "price": "11.90",
            "revenue": 466378
        },
        "2014-02": {
            "month": "2014-02",
            "price": "12.00",
            "revenue": 195214
        },
        "2014-03": {
            "month": "2014-03",
            "price": "12.02",
            "revenue": 530432
        },
        "2014-04": {
            "month": "2014-04",
            "price": "13.43",
            "revenue": 493364
        },
        "2014-05": {
            "month": "2014-05",
            "price": "14.43",
            "revenue": 546713
        },
        "2014-06": {
            "month": "2014-06",
            "price": "14.67",
            "revenue": 453047
        },
        "2014-07": {
            "month": "2014-07",
            "price": "14.95",
            "revenue": 358231
        },
        "2014-08": {
            "month": "2014-08",
            "price": "13.68",
            "revenue": 228122
        },
        "2014-09": {
            "month": "2014-09",
            "price": "13.99",
            "revenue": 357704
        },
        "2014-10": {
            "month": "2014-10",
            "price": "13.61",
            "revenue": 471768
        },
        "2014-11": {
            "month": "2014-11",
            "price": "13.49",
            "revenue": 484101
        },
        "2014-12": {
            "month": "2014-12",
            "price": "13.52",
            "revenue": 415015
        },
        "2015-01": {
            "month": "2015-01",
            "price": "13.58",
            "revenue": 436111
        },
        "2015-02": {
            "month": "2015-02",
            "price": "13.80",
            "revenue": 210375
        },
        "2015-03": {
            "month": "2015-03",
            "price": "13.87",
            "revenue": 305303
        },
        "2015-04": {
            "month": "2015-04",
            "price": "13.82",
            "revenue": 374165
        },
        "2015-05": {
            "month": "2015-05",
            "price": "13.76",
            "revenue": 400828
        },
        "2015-06": {
            "month": "2015-06",
            "price": "12.60",
            "revenue": 325459
        },
        "2015-07": {
            "month": "2015-07",
            "price": "11.64",
            "revenue": 336770
        },
        "2015-08": {
            "month": "2015-08",
            "price": "10.70",
            "revenue": 373177
        },
        "2015-09": {
            "month": "2015-09",
            "price": "10.22",
            "revenue": 442774
        },
        "2015-10": {
            "month": "2015-10",
            "price": "10.27",
            "revenue": 425539
        },
        "2015-11": {
            "month": "2015-11",
            "price": "10.10",
            "revenue": 360541
        },
        "2015-12": {
            "month": "2015-12",
            "price": "10.03",
            "revenue": 359897
        },
        "2016-01": {
            "month": "2016-01",
            "price": "9.87",
            "revenue": 338758
        },
        "2016-02": {
            "month": "2016-02",
            "price": "9.98",
            "revenue": 137176
        },
        "2016-03": {
            "month": "2016-03",
            "price": "10.00",
            "revenue": 400065
        },
        "2016-04": {
            "month": "2016-04",
            "price": "10.00",
            "revenue": 410873
        },
        "2016-05": {
            "month": "2016-05",
            "price": "10.02",
            "revenue": 394265
        },
        "2016-06": {
            "month": "2016-06",
            "price": "10.12",
            "revenue": 325387
        },
        "2016-07": {
            "month": "2016-07",
            "price": "10.09",
            "revenue": 308834
        },
        "2016-08": {
            "month": "2016-08",
            "price": "10.30",
            "revenue": 364687
        },
        "2016-09": {
            "month": "2016-09",
            "price": "10.27",
            "revenue": 345658
        },
        "2016-10": {
            "month": "2016-10",
            "price": "10.07",
            "revenue": 364969
        },
        "2016-11": {
            "month": "2016-11",
            "price": "9.96",
            "revenue": 441025
        },
        "2016-12": {
            "month": "2016-12",
            "price": "9.99",
            "revenue": 514449
        },
        "2017-01": {
            "month": "2017-01",
            "price": "10.04",
            "revenue": 333060
        },
        "2017-02": {
            "month": "2017-02",
            "price": "10.28",
            "revenue": 174572
        },
        "2017-03": {
            "month": "2017-03",
            "price": "10.37",
            "revenue": 462370
        },
        "2017-04": {
            "month": "2017-04",
            "price": "10.22",
            "revenue": 481754
        },
        "2017-05": {
            "month": "2017-05",
            "price": "10.12",
            "revenue": 447188
        },
        "2017-06": {
            "month": "2017-06",
            "price": "10.35",
            "revenue": 418868
        },
        "2017-07": {
            "month": "2017-07",
            "price": "10.26",
            "revenue": 417078
        },
        "2017-08": {
            "month": "2017-08",
            "price": "10.85",
            "revenue": 487484
        },
        "2017-09": {
            "month": "2017-09",
            "price": "11.80",
            "revenue": 521034
        },
        "2017-10": {
            "month": "2017-10",
            "price": "12.49",
            "revenue": 377596
        },
        "2017-11": {
            "month": "2017-11",
            "price": "12.32",
            "revenue": 673172
        },
        "2017-12": {
            "month": "2017-12",
            "price": "12.77",
            "revenue": 581701
        },
        "2018-01": {
            "month": "2018-01",
            "price": "13.96",
            "revenue": 475455
        },
        "2018-02": {
            "month": "2018-02",
            "price": "13.82",
            "revenue": 182926
        },
        "2018-03": {
            "month": "2018-03",
            "price": "14.08",
            "revenue": 402999
        },
        "2018-04": {
            "month": "2018-04",
            "price": "13.71",
            "revenue": 545209
        },
        "2018-05": {
            "month": "2018-05",
            "price": "14.01",
            "revenue": 625561
        },
        "2018-06": {
            "month": "2018-06",
            "price": "14.84",
            "revenue": 577408
        },
        "2018-07": {
            "month": "2018-07",
            "price": "15.58",
            "revenue": 618024
        },
        "2018-08": {
            "month": "2018-08",
            "price": "15.65",
            "revenue": 598648
        },
        "2018-09": {
            "month": "2018-09",
            "price": "15.22",
            "revenue": 690788
        },
        "2018-10": {
            "month": "2018-10",
            "price": "13.91",
            "revenue": 729870
        },
        "2018-11": {
            "month": "2018-11",
            "price": "14.22",
            "revenue": 546290
        },
        "2018-12": {
            "month": "2018-12",
            "price": "14.14",
            "revenue": 707952
        },
        "2019-01": {
            "month": "2019-01",
            "price": "13.80",
            "revenue": 668892
        },
        "2019-02": {
            "month": "2019-02",
            "price": "13.97",
            "revenue": 149960
        },
        "2019-03": {
            "month": "2019-03",
            "price": "13.94",
            "revenue": 541582
        },
        "2019-04": {
            "month": "2019-04",
            "price": "16.38",
            "revenue": 753252
        },
        "2019-05": {
            "month": "2019-05",
            "price": "18.19",
            "revenue": 800417
        },
        "2019-06": {
            "month": "2019-06",
            "price": "19.03",
            "revenue": 658066
        },
        "2019-07": {
            "month": "2019-07",
            "price": "18.63",
            "revenue": 597879
        },
        "2019-08": {
            "month": "2019-08",
            "price": "16.65",
            "revenue": 727862
        },
        "2019-09": {
            "month": "2019-09",
            "price": "17.20",
            "revenue": 722519
        },
        "2019-10": {
            "month": "2019-10",
            "price": "18.14",
            "revenue": 638725
        },
        "2019-11": {
            "month": "2019-11",
            "price": "18.76",
            "revenue": 870651
        },
        "2019-12": {
            "month": "2019-12",
            "price": "19.01",
            "revenue": 691591
        },
        "2020-01": {
            "month": "2020-01",
            "price": "20.00",
            "revenue": 476715
        },
        "2020-02": {
            "month": "2020-02",
            "price": "17.50",
            "revenue": 199776
        },
        "2020-03": {
            "month": "2020-03",
            "price": "15.75",
            "revenue": 488590
        },
        "2020-04": {
            "month": "2020-04",
            "price": "16.67",
            "revenue": 772697
        },
        "2020-05": {
            "month": "2020-05",
            "price": "17.46",
            "revenue": 706916
        },
        "2020-06": {
            "month": "2020-06",
            "price": "18.02",
            "revenue": 611254
        },
        "2020-07": {
            "month": "2020-07",
            "price": "17.55",
            "revenue": 656183
        },
        "2020-08": {
            "month": "2020-08",
            "price": "17.83",
            "revenue": 625696
        },
        "2020-09": {
            "month": "2020-09",
            "price": "19.54",
            "revenue": 675602
        },
        "2020-10": {
            "month": "2020-10",
            "price": "19.32",
            "revenue": 789783
        },
        "2020-11": {
            "month": "2020-11",
            "price": "19.78",
            "revenue": 719102
        },
        "2020-12": {
            "month": "2020-12",
            "price": "20.28",
            "revenue": 852626
        },
        "2021-01": {
            "month": "2021-01",
            "price": "19.11",
            "revenue": 739226
        },
        "2021-02": {
            "month": "2021-02",
            "price": "19.10",
            "revenue": 190339
        },
        "2021-03": {
            "month": "2021-03",
            "price": "20.59",
            "revenue": 882786
        },
        "2021-04": {
            "month": "2021-04",
            "price": "26.81",
            "revenue": 766026
        },
        "2021-05": {
            "month": "2021-05",
            "price": "26.60",
            "revenue": 627354
        },
        "2021-06": {
            "month": "2021-06",
            "price": "25.87",
            "revenue": 492001
        },
        "2021-07": {
            "month": "2021-07",
            "price": "25.71",
            "revenue": 492134
        },
        "2021-08": {
            "month": "2021-08",
            "price": "21.95",
            "revenue": 591358
        },
        "2021-09": {
            "month": "2021-09",
            "price": "22.47",
            "revenue": 376885
        },
        "2021-10": {
            "month": "2021-10",
            "price": "21.28",
            "revenue": 660615
        },
        "2021-11": {
            "month": "2021-11",
            "price": "20.94",
            "revenue": 781722
        },
        "2021-12": {
            "month": "2021-12",
            "price": "20.13",
            "revenue": 777783
        },
        "2022-01": {
            "month": "2022-01",
            "price": "20.11",
            "revenue": 566897
        },
        "2022-02": {
            "month": "2022-02",
            "price": "20.00",
            "revenue": 181644
        },
        "2022-03": {
            "month": "2022-03",
            "price": "20.18",
            "revenue": 490643
        },
        "2022-04": {
            "month": "2022-04",
            "price": "20.77",
            "revenue": 519822
        },
        "2022-05": {
            "month": "2022-05",
            "price": "19.85",
            "revenue": 654002
        },
        "2022-06": {
            "month": "2022-06",
            "price": "19.92",
            "revenue": 591868
        },
        "2022-07": {
            "month": "2022-07",
            "price": "19.77",
            "revenue": 557403
        },
        "2022-08": {
            "month": "2022-08",
            "price": "18.12",
            "revenue": 478276
        },
        "2022-09": {
            "month": "2022-09",
            "price": "16.78",
            "revenue": 634886
        },
        "2022-10": {
            "month": "2022-10",
            "price": "15.30",
            "revenue": 527209
        },
        "2022-11": {
            "month": "2022-11",
            "price": "15.44",
            "revenue": 669587
        },
        "2022-12": {
            "month": "2022-12",
            "price": "15.98",
            "revenue": 516142
        },
        "2023-01": {
            "month": "2023-01",
            "price": "15.95",
            "revenue": 298010
        },
        "2023-02": {
            "month": "2023-02",
            "price": "16.62",
            "revenue": 410951
        },
        "2023-03": {
            "month": "2023-03",
            "price": "16.98",
            "revenue": 625197
        },
        "2023-04": {
            "month": "2023-04",
            "price": "17.51",
            "revenue": 552377
        },
        "2023-05": {
            "month": "2023-05",
            "price": "18.23",
            "revenue": 627486
        },
        "2023-06": {
            "month": "2023-06",
            "price": "18.61",
            "revenue": 516592
        },
        "2023-07": {
            "month": "2023-07",
            "price": "17.60",
            "revenue": 562522
        },
        "2023-08": {
            "month": "2023-08",
            "price": "17.83",
            "revenue": 541722
        },
        "2023-09": {
            "month": "2023-09",
            "price": "17.97",
            "revenue": 490929
        },
        "2023-10": {
            "month": "2023-10",
            "price": "17.62",
            "revenue": 531941
        },
        "2023-11": {
            "month": "2023-11",
            "price": "17.88",
            "revenue": 532975
        },
        "2023-12": {
            "month": "2023-12",
            "price": "18.16",
            "revenue": 569161
        }
    }
}
