{
    "summary": {
        "stock_name": "東泥",
        "stock_id": "1110",
        "category": "水泥",
        "main_business": "(1)水泥製造與買賣(2)石灰石之開採及銷售<br>(3)水泥加工製品及預拌混凝土之製造及銷售<br>(4)廠房及大樓出租業(5)廢棄物處理業",
        "website_url": "http://www.southeastcement.com.tw",
        "ceo": "吳炎輝",
        "pe_ratio": 68,
        "report_year_from": 2001,
        "report_year_to": 2023,
        "age": 23,
        "eps_negative_percentage": 4,
        "eps_growth_avg": {
            "last_all": 5.48,
            "last_2y": 35.95,
            "last_4y": 5.9,
            "last_8y": -2.7,
            "last_12y": 10.04,
            "last_16y": 10.87,
            "last_20y": 5.48,
            "at_2006_last_3y": -17.4,
            "at_2007_last_3y": 7.19,
            "at_2008_last_3y": -5.06,
            "at_2009_last_3y": 7.06,
            "at_2010_last_3y": 13.56,
            "at_2011_last_3y": -20.81,
            "at_2012_last_3y": 28.13,
            "at_2013_last_3y": 28.13,
            "at_2014_last_3y": 38.7,
            "at_2015_last_3y": 48.08,
            "at_2016_last_3y": 17.87,
            "at_2017_last_3y": -17.66,
            "at_2018_last_3y": -13.46,
            "at_2019_last_3y": -28.05,
            "at_2020_last_3y": -27.84,
            "at_2021_last_3y": 7.69,
            "at_2022_last_3y": 6.42,
            "at_2023_last_3y": 21.96,
            "at_2024_last_3y": 21.96,
            "at_2006_last_all": -17.4,
            "at_2007_last_all": 6.08,
            "at_2008_last_all": -10.89,
            "at_2009_last_all": 4.95,
            "at_2010_last_all": -1.92,
            "at_2011_last_all": -5.87,
            "at_2012_last_all": 4.71,
            "at_2013_last_all": 13.38,
            "at_2014_last_all": 11.62,
            "at_2015_last_all": 10.73,
            "at_2016_last_all": 8.47,
            "at_2017_last_all": 5.1,
            "at_2018_last_all": 5.35,
            "at_2019_last_all": 1.6,
            "at_2020_last_all": 0.4,
            "at_2021_last_all": 5.65,
            "at_2022_last_all": 5.56,
            "at_2023_last_all": 5.48,
            "at_2024_last_all": 5.48
        },
        "latest_eps": 0.26,
        "latest_price": 17.6,
        "latest_roe": 1.76,
        "latest_gross_margin": 14.16,
        "latest_equity": 9025238,
        "latest_revenue": 631995,
        "latest_gross_profit": 89498,
        "latest_net_income": 15150,
        "latest_debt_ratio": 23.65,
        "latest_current_ratio": 142.8,
        "latest_account_receivable_turnover_ratio": 1.18,
        "latest_inventory_turnover_ratio": 0.47,
        "latest_reinvestment_rate": 164.78,
        "latest_research_to_sale_ratio": null
    },
    "eps_dividends": {
        "1992": {
            "cash": 0.4,
            "stock": 2,
            "eps": 0
        },
        "1993": {
            "cash": 1,
            "stock": 1.5,
            "eps": 0
        },
        "1995": {
            "cash": 1.8,
            "stock": 0,
            "eps": 0
        },
        "1996": {
            "cash": 0.5,
            "stock": 1,
            "eps": 0
        },
        "1997": {
            "cash": 0,
            "stock": 1.5,
            "eps": 0
        },
        "1998": {
            "cash": 0,
            "stock": 1,
            "eps": 0
        },
        "1999": {
            "cash": 0.4,
            "stock": 0,
            "eps": 0
        },
        "2000": {
            "cash": 0.25,
            "stock": 0.25,
            "eps": 0
        },
        "2001": {
            "cash": 0,
            "stock": 0,
            "eps": -0.17
        },
        "2002": {
            "cash": 0,
            "stock": 0,
            "eps": 0.61
        },
        "2003": {
            "cash": 0.5,
            "stock": 0,
            "eps": 0.62
        },
        "2004": {
            "cash": 0,
            "stock": 0.5,
            "eps": 0.33
        },
        "2005": {
            "cash": 0.25,
            "stock": 0,
            "eps": 0.5
        },
        "2006": {
            "cash": 0.5,
            "stock": 0,
            "eps": 0.12
        },
        "2007": {
            "cash": 0.3,
            "stock": 0,
            "eps": 0.47
        },
        "2008": {
            "cash": 0.4,
            "stock": 0,
            "eps": 0.02
        },
        "2009": {
            "cash": 0,
            "stock": 0,
            "eps": 0.16
        },
        "2010": {
            "cash": 0.2,
            "stock": 0,
            "eps": 0.08
        },
        "2011": {
            "cash": 0.2,
            "stock": 0,
            "eps": 0.05
        },
        "2012": {
            "cash": 0,
            "stock": 0,
            "eps": 0.12
        },
        "2013": {
            "cash": 0.1,
            "stock": 0,
            "eps": 0.26
        },
        "2014": {
            "cash": 0.2,
            "stock": 0,
            "eps": 0.24
        },
        "2015": {
            "cash": 0.2,
            "stock": 0,
            "eps": 0.24
        },
        "2016": {
            "cash": 0.2,
            "stock": 0,
            "eps": 0.19
        },
        "2017": {
            "cash": 0.1,
            "stock": 0,
            "eps": 0.11
        },
        "2018": {
            "cash": 0.1,
            "stock": 0,
            "eps": 0.12
        },
        "2019": {
            "cash": 0.1,
            "stock": 0,
            "eps": 0.05
        },
        "2020": {
            "cash": 0.1,
            "stock": 0,
            "eps": 0.04
        },
        "2021": {
            "cash": 0.1,
            "stock": 0,
            "eps": 0.25
        },
        "2022": {
            "cash": 0.2,
            "stock": 0,
            "eps": 0.26
        },
        "2023": {
            "cash": 0.1,
            "stock": 0,
            "eps": 0.27
        },
        "2024": {
            "cash": 0.2,
            "stock": 0,
            "eps": 0
        }
    },
    "dividends": {
        "1992-03-27": {
            "cash": 0.4,
            "stock": 2
        },
        "1993-03-26": {
            "cash": 1,
            "stock": 1.5
        },
        "1995-04-29": {
            "cash": 1.8,
            "stock": 0
        },
        "1996-04-27": {
            "cash": 0.5,
            "stock": 1
        },
        "1997-04-30": {
            "cash": 0,
            "stock": 1.5
        },
        "1998-05-19": {
            "cash": 0,
            "stock": 1
        },
        "1999-05-28": {
            "cash": 0.4,
            "stock": 0
        },
        "2000-05-22": {
            "cash": 0.25,
            "stock": 0.25
        },
        "2003-06-02": {
            "cash": 0.5,
            "stock": 0
        },
        "2004-04-09": {
            "cash": 0,
            "stock": 0.5
        },
        "2005-03-22": {
            "cash": 0.25,
            "stock": 0
        },
        "2006-04-13": {
            "cash": 0.5,
            "stock": 0
        },
        "2007-04-23": {
            "cash": 0.3,
            "stock": 0
        },
        "2008-04-24": {
            "cash": 0.4,
            "stock": 0
        },
        "2010-03-30": {
            "cash": 0.2,
            "stock": 0
        },
        "2011-01-01": {
            "cash": 0.1,
            "stock": 0
        },
        "2011-04-08": {
            "cash": 0.1,
            "stock": 0
        },
        "2013-03-25": {
            "cash": 0.1,
            "stock": 0
        },
        "2014-08-11": {
            "cash": 0.2,
            "stock": 0
        },
        "2015-08-11": {
            "cash": 0.2,
            "stock": 0
        },
        "2016-08-11": {
            "cash": 0.2,
            "stock": 0
        },
        "2017-08-11": {
            "cash": 0.1,
            "stock": 0
        },
        "2018-08-10": {
            "cash": 0.1,
            "stock": 0
        },
        "2019-08-09": {
            "cash": 0.1,
            "stock": 0
        },
        "2020-08-14": {
            "cash": 0.1,
            "stock": 0
        },
        "2021-10-01": {
            "cash": 0.1,
            "stock": 0
        },
        "2022-08-10": {
            "cash": 0.2,
            "stock": 0
        },
        "2023-07-26": {
            "cash": 0.1,
            "stock": 0
        },
        "2024-03-14": {
            "cash": 0.2,
            "stock": 0
        }
    },
    "prices": {
        "200101": "6.08",
        "200102": "6.25",
        "200103": "5.85",
        "200104": "5.30",
        "200105": "4.62",
        "200106": "4.71",
        "200107": "4.59",
        "200108": "4.70",
        "200109": "4.78",
        "200110": "4.49",
        "200111": "4.54",
        "200112": "5.18",
        "200201": "5.38",
        "200202": "5.39",
        "200203": "5.74",
        "200204": "6.36",
        "200205": "5.72",
        "200206": "6.10",
        "200207": "5.92",
        "200208": "5.42",
        "200209": "4.97",
        "200210": "5.12",
        "200211": "5.50",
        "200212": "6.46",
        "200301": "8.22",
        "200302": "6.77",
        "200303": "6.37",
        "200304": "7.03",
        "200305": "6.58",
        "200306": "7.01",
        "200307": "6.80",
        "200308": "6.78",
        "200309": "6.60",
        "200310": "7.66",
        "200311": "7.82",
        "200312": "7.71",
        "200401": "8.69",
        "200402": "11.36",
        "200403": "11.18",
        "200404": "10.20",
        "200405": "8.78",
        "200406": "8.62",
        "200407": "8.66",
        "200408": "8.02",
        "200409": "8.67",
        "200410": "8.59",
        "200411": "8.12",
        "200412": "8.11",
        "200501": "8.70",
        "200502": "8.28",
        "200503": "8.11",
        "200504": "7.08",
        "200505": "6.46",
        "200506": "6.96",
        "200507": "6.76",
        "200508": "6.59",
        "200509": "6.16",
        "200510": "5.92",
        "200511": "5.68",
        "200512": "5.92",
        "200601": "6.54",
        "200602": "6.36",
        "200603": "6.15",
        "200604": "6.73",
        "200605": "7.79",
        "200606": "7.07",
        "200607": "6.94",
        "200608": "6.62",
        "200609": "6.61",
        "200610": "7.43",
        "200611": "8.25",
        "200612": "11.20",
        "200701": "10.80",
        "200702": "9.94",
        "200703": "9.84",
        "200704": "11.16",
        "200705": "11.01",
        "200706": "11.16",
        "200707": "13.88",
        "200708": "13.05",
        "200709": "12.78",
        "200710": "12.72",
        "200711": "11.39",
        "200712": "11.26",
        "200801": "11.42",
        "200802": "12.72",
        "200803": "13.32",
        "200804": "15.96",
        "200805": "16.87",
        "200806": "13.55",
        "200807": "10.98",
        "200808": "10.96",
        "200809": "8.41",
        "200810": "7.23",
        "200811": "7.80",
        "200812": "8.63",
        "200901": "8.86",
        "200902": "8.47",
        "200903": "8.28",
        "200904": "9.25",
        "200905": "10.50",
        "200906": "11.32",
        "200907": "11.80",
        "200908": "11.79",
        "200909": "11.74",
        "200910": "11.90",
        "200911": "11.25",
        "200912": "11.26",
        "201001": "11.75",
        "201002": "10.49",
        "201003": "11.34",
        "201004": "12.07",
        "201005": "11.11",
        "201006": "10.89",
        "201007": "11.52",
        "201008": "12.30",
        "201009": "12.43",
        "201010": "12.68",
        "201011": "12.46",
        "201012": "12.84",
        "201101": "13.10",
        "201102": "11.97",
        "201103": "12.27",
        "201104": "13.33",
        "201105": "12.85",
        "201106": "12.09",
        "201107": "12.15",
        "201108": "11.49",
        "201109": "10.52",
        "201110": "10.45",
        "201111": "10.46",
        "201112": "10.08",
        "201201": "9.89",
        "201202": "11.03",
        "201203": "11.76",
        "201204": "12.04",
        "201205": "11.95",
        "201206": "11.79",
        "201207": "11.84",
        "201208": "12.33",
        "201209": "13.67",
        "201210": "13.09",
        "201211": "12.53",
        "201212": "13.35",
        "201301": "13.71",
        "201302": "13.45",
        "201303": "13.70",
        "201304": "14.08",
        "201305": "14.46",
        "201306": "15.38",
        "201307": "15.40",
        "201308": "14.94",
        "201309": "15.62",
        "201310": "16.44",
        "201311": "16.77",
        "201312": "17.17",
        "201401": "17.28",
        "201402": "16.88",
        "201403": "16.93",
        "201404": "16.58",
        "201405": "15.99",
        "201406": "15.61",
        "201407": "15.81",
        "201408": "15.99",
        "201409": "16.29",
        "201410": "15.43",
        "201411": "15.77",
        "201412": "16.60",
        "201501": "16.29",
        "201502": "16.48",
        "201503": "16.60",
        "201504": "16.77",
        "201505": "17.06",
        "201506": "15.08",
        "201507": "14.38",
        "201508": "13.46",
        "201509": "13.86",
        "201510": "15.35",
        "201511": "15.14",
        "201512": "14.70",
        "201601": "14.20",
        "201602": "14.48",
        "201603": "15.00",
        "201604": "15.53",
        "201605": "14.85",
        "201606": "15.27",
        "201607": "15.30",
        "201608": "15.44",
        "201609": "15.42",
        "201610": "15.16",
        "201611": "15.07",
        "201612": "15.41",
        "201701": "15.59",
        "201702": "15.66",
        "201703": "16.19",
        "201704": "16.38",
        "201705": "16.02",
        "201706": "15.53",
        "201707": "15.20",
        "201708": "15.09",
        "201709": "15.01",
        "201710": "14.87",
        "201711": "14.14",
        "201712": "14.07",
        "201801": "14.23",
        "201802": "14.00",
        "201803": "13.95",
        "201804": "13.94",
        "201805": "13.90",
        "201806": "14.08",
        "201807": "14.00",
        "201808": "13.95",
        "201809": "13.92",
        "201810": "13.88",
        "201811": "13.89",
        "201812": "14.73",
        "201901": "15.91",
        "201902": "16.36",
        "201903": "16.36",
        "201904": "16.28",
        "201905": "16.20",
        "201906": "16.61",
        "201907": "16.69",
        "201908": "16.54",
        "201909": "16.59",
        "201910": "17.04",
        "201911": "16.99",
        "201912": "17.11",
        "202001": "17.23",
        "202002": "16.87",
        "202003": "15.66",
        "202004": "15.80",
        "202005": "15.98",
        "202006": "16.30",
        "202007": "16.38",
        "202008": "16.23",
        "202009": "16.36",
        "202010": "16.74",
        "202011": "17.11",
        "202012": "17.63",
        "202101": "17.80",
        "202102": "16.96",
        "202103": "16.19",
        "202104": "17.35",
        "202105": "16.34",
        "202106": "15.67",
        "202107": "17.28",
        "202108": "17.63",
        "202109": "19.70",
        "202110": "20.07",
        "202111": "20.22",
        "202112": "19.94",
        "202201": "19.66",
        "202202": "19.22",
        "202203": "20.35",
        "202204": "20.33",
        "202205": "20.11",
        "202206": "19.75",
        "202207": "18.44",
        "202208": "18.12",
        "202209": "18.25",
        "202210": "17.50",
        "202211": "17.95",
        "202212": "17.82",
        "202301": "18.20",
        "202302": "17.92",
        "202303": "17.76",
        "202304": "18.11",
        "202305": "19.02",
        "202306": "19.04",
        "202307": "19.40",
        "202308": "19.25",
        "202309": "18.91",
        "202310": "18.52",
        "202311": "18.62",
        "202312": "18.90",
        "202401": "18.56",
        "202402": "18.20",
        "202403": "17.88"
    },
    "quarters": {
        "20011": {
            "year_quarter": 20011,
            "year": 2001,
            "quarter": 1,
            "eps": 0.07,
            "eps_growth_year": -53.33,
            "eps_4q": -0.59,
            "eps_4q_growth_year": -257.87,
            "roe": 0.51,
            "roe_4q": 0.51,
            "gross_profit": 5128,
            "gross_margin": 1.73,
            "gross_margin_4q_avg": 1.73,
            "net_income": 38147,
            "net_income_4q": null,
            "revenue": 295800,
            "revenue_4q": null,
            "common_shares": 5586360,
            "book_valuer_per_share": 13.31,
            "book_valuer_per_share_4q_avg": 13.31,
            "equity": 7437943,
            "current_ratio": 172.89,
            "debt_ratio": 23.19,
            "inventory_turnover_ratio": 0.54,
            "account_receivable_turnover_ratio": null,
            "reinvestment_rate": null,
            "research_to_sale_ratio": null,
            "price_fair": 0,
            "eps_avg_yearly": 0,
            "eps_latest_yearly": 0,
            "eps_growth_yearly": 0
        },
        "20012": {
            "year_quarter": 20012,
            "year": 2001,
            "quarter": 2,
            "eps": -0.17,
            "eps_growth_year": null,
            "eps_4q": -0.53,
            "eps_4q_growth_year": -1153.52,
            "roe": -1.29,
            "roe_4q": -0.78,
            "gross_profit": 13010,
            "gross_margin": 4.8,
            "gross_margin_4q_avg": 3.27,
            "net_income": -95077,
            "net_income_4q": null,
            "revenue": 270847,
            "revenue_4q": null,
            "common_shares": 5586360,
            "book_valuer_per_share": 13.11,
            "book_valuer_per_share_4q_avg": 13.21,
            "equity": 7323660,
            "current_ratio": 145.99,
            "debt_ratio": 24.49,
            "inventory_turnover_ratio": 0.51,
            "account_receivable_turnover_ratio": null,
            "reinvestment_rate": null,
            "research_to_sale_ratio": null,
            "price_fair": 0,
            "eps_avg_yearly": 0,
            "eps_latest_yearly": 0,
            "eps_growth_yearly": 0
        },
        "20013": {
            "year_quarter": 20013,
            "year": 2001,
            "quarter": 3,
            "eps": -0.06,
            "eps_growth_year": null,
            "eps_4q": -0.33,
            "eps_4q_growth_year": null,
            "roe": -0.42,
            "roe_4q": -1.2,
            "gross_profit": -4605,
            "gross_margin": -1.84,
            "gross_margin_4q_avg": 1.56,
            "net_income": -30949,
            "net_income_4q": null,
            "revenue": 250952,
            "revenue_4q": null,
            "common_shares": 5586360,
            "book_valuer_per_share": 13,
            "book_valuer_per_share_4q_avg": 13.14,
            "equity": 7262064,
            "current_ratio": 143.48,
            "debt_ratio": 23.71,
            "inventory_turnover_ratio": 0.51,
            "account_receivable_turnover_ratio": null,
            "reinvestment_rate": null,
            "research_to_sale_ratio": null,
            "price_fair": 0,
            "eps_avg_yearly": 0,
            "eps_latest_yearly": 0,
            "eps_growth_yearly": 0
        },
        "20014": {
            "year_quarter": 20014,
            "year": 2001,
            "quarter": 4,
            "eps": -0.01,
            "eps_growth_year": null,
            "eps_4q": -0.16,
            "eps_4q_growth_year": null,
            "roe": -0.1,
            "roe_4q": -1.3,
            "gross_profit": 57294,
            "gross_margin": 12.03,
            "gross_margin_4q_avg": 4.18,
            "net_income": -7427,
            "net_income_4q": null,
            "revenue": 476431,
            "revenue_4q": null,
            "common_shares": 5586360,
            "book_valuer_per_share": 13.09,
            "book_valuer_per_share_4q_avg": 13.13,
            "equity": 7335388,
            "current_ratio": 108.03,
            "debt_ratio": 29.71,
            "inventory_turnover_ratio": 0.85,
            "account_receivable_turnover_ratio": null,
            "reinvestment_rate": null,
            "research_to_sale_ratio": null,
            "price_fair": 0,
            "eps_avg_yearly": 0,
            "eps_latest_yearly": 0,
            "eps_growth_yearly": 0
        },
        "20021": {
            "year_quarter": 20021,
            "year": 2002,
            "quarter": 1,
            "eps": 0.06,
            "eps_growth_year": -14.29,
            "eps_4q": -0.19,
            "eps_4q_growth_year": null,
            "roe": 0.44,
            "roe_4q": -1.37,
            "gross_profit": 65587,
            "gross_margin": 15.83,
            "gross_margin_4q_avg": 7.71,
            "net_income": 31785,
            "net_income_4q": null,
            "revenue": 414327,
            "revenue_4q": null,
            "common_shares": 5586360,
            "book_valuer_per_share": 12.92,
            "book_valuer_per_share_4q_avg": 13.03,
            "equity": 7217410,
            "current_ratio": 117.23,
            "debt_ratio": 25.89,
            "inventory_turnover_ratio": 0.75,
            "account_receivable_turnover_ratio": null,
            "reinvestment_rate": null,
            "research_to_sale_ratio": null,
            "price_fair": 0,
            "eps_avg_yearly": 0,
            "eps_latest_yearly": 0,
            "eps_growth_yearly": 0
        },
        "20022": {
            "year_quarter": 20022,
            "year": 2002,
            "quarter": 2,
            "eps": 0.13,
            "eps_growth_year": null,
            "eps_4q": 0.12,
            "eps_4q_growth_year": null,
            "roe": 0.94,
            "roe_4q": 0.8599999999999999,
            "gross_profit": 76320,
            "gross_margin": 19.15,
            "gross_margin_4q_avg": 11.29,
            "net_income": 67950,
            "net_income_4q": null,
            "revenue": 398618,
            "revenue_4q": null,
            "common_shares": 5586360,
            "book_valuer_per_share": 13.04,
            "book_valuer_per_share_4q_avg": 13.01,
            "equity": 7284152,
            "current_ratio": 140.86,
            "debt_ratio": 25.21,
            "inventory_turnover_ratio": 0.75,
            "account_receivable_turnover_ratio": null,
            "reinvestment_rate": null,
            "research_to_sale_ratio": null,
            "price_fair": 18.2,
            "eps_avg_yearly": 0.52,
            "eps_latest_yearly": 0.52,
            "eps_growth_yearly": 466.67
        },
        "20023": {
            "year_quarter": 20023,
            "year": 2002,
            "quarter": 3,
            "eps": -0.06,
            "eps_growth_year": null,
            "eps_4q": 0.11,
            "eps_4q_growth_year": null,
            "roe": -0.45,
            "roe_4q": 0.83,
            "gross_profit": 85602,
            "gross_margin": 20.24,
            "gross_margin_4q_avg": 16.81,
            "net_income": -33076,
            "net_income_4q": null,
            "revenue": 423018,
            "revenue_4q": null,
            "common_shares": 5586360,
            "book_valuer_per_share": 13.28,
            "book_valuer_per_share_4q_avg": 13.08,
            "equity": 7418235,
            "current_ratio": 155.87,
            "debt_ratio": 23.69,
            "inventory_turnover_ratio": 0.84,
            "account_receivable_turnover_ratio": null,
            "reinvestment_rate": null,
            "research_to_sale_ratio": null,
            "price_fair": 18.2,
            "eps_avg_yearly": 0.52,
            "eps_latest_yearly": 0.52,
            "eps_growth_yearly": 466.67
        },
        "20024": {
            "year_quarter": 20024,
            "year": 2002,
            "quarter": 4,
            "eps": 0.48,
            "eps_growth_year": null,
            "eps_4q": 0.6,
            "eps_4q_growth_year": null,
            "roe": 3.53,
            "roe_4q": 4.46,
            "gross_profit": 88897,
            "gross_margin": 21.12,
            "gross_margin_4q_avg": 19.09,
            "net_income": 266453,
            "net_income_4q": null,
            "revenue": 420926,
            "revenue_4q": null,
            "common_shares": 5586360,
            "book_valuer_per_share": 13.74,
            "book_valuer_per_share_4q_avg": 13.25,
            "equity": 7677266,
            "current_ratio": 214.13,
            "debt_ratio": 22.92,
            "inventory_turnover_ratio": 0.86,
            "account_receivable_turnover_ratio": null,
            "reinvestment_rate": 3126.42,
            "research_to_sale_ratio": null,
            "price_fair": 18.2,
            "eps_avg_yearly": 0.52,
            "eps_latest_yearly": 0.52,
            "eps_growth_yearly": 466.67
        },
        "20031": {
            "year_quarter": 20031,
            "year": 2003,
            "quarter": 1,
            "eps": 0.05,
            "eps_growth_year": -16.67,
            "eps_4q": 0.64,
            "eps_4q_growth_year": null,
            "roe": 0.33,
            "roe_4q": 4.35,
            "gross_profit": 65477,
            "gross_margin": 16.79,
            "gross_margin_4q_avg": 19.33,
            "net_income": 25592,
            "net_income_4q": null,
            "revenue": 389945,
            "revenue_4q": null,
            "common_shares": 5586360,
            "book_valuer_per_share": 13.78,
            "book_valuer_per_share_4q_avg": 13.46,
            "equity": 7700737,
            "current_ratio": 310.84,
            "debt_ratio": 20.72,
            "inventory_turnover_ratio": 0.84,
            "account_receivable_turnover_ratio": null,
            "reinvestment_rate": 3716.14,
            "research_to_sale_ratio": null,
            "price_fair": 12.6,
            "eps_avg_yearly": 0.36,
            "eps_latest_yearly": 0.2,
            "eps_growth_yearly": 54.17
        },
        "20032": {
            "year_quarter": 20032,
            "year": 2003,
            "quarter": 2,
            "eps": 0.1,
            "eps_growth_year": -23.08,
            "eps_4q": 0.57,
            "eps_4q_growth_year": 385.89,
            "roe": 0.73,
            "roe_4q": 4.14,
            "gross_profit": 60349,
            "gross_margin": 15.91,
            "gross_margin_4q_avg": 18.52,
            "net_income": 55054,
            "net_income_4q": null,
            "revenue": 379352,
            "revenue_4q": null,
            "common_shares": 5586360,
            "book_valuer_per_share": 13.36,
            "book_valuer_per_share_4q_avg": 13.54,
            "equity": 7463384,
            "current_ratio": 166.48,
            "debt_ratio": 24.91,
            "inventory_turnover_ratio": 0.85,
            "account_receivable_turnover_ratio": null,
            "reinvestment_rate": 3763.01,
            "research_to_sale_ratio": null,
            "price_fair": 13.07,
            "eps_avg_yearly": 0.37,
            "eps_latest_yearly": 0.4,
            "eps_growth_yearly": 169.44
        },
        "20033": {
            "year_quarter": 20033,
            "year": 2003,
            "quarter": 3,
            "eps": 0.21,
            "eps_growth_year": null,
            "eps_4q": 0.83,
            "eps_4q_growth_year": 682.48,
            "roe": 1.56,
            "roe_4q": 6.15,
            "gross_profit": 83658,
            "gross_margin": 19.37,
            "gross_margin_4q_avg": 18.3,
            "net_income": 117629,
            "net_income_4q": null,
            "revenue": 431847,
            "revenue_4q": null,
            "common_shares": 5586360,
            "book_valuer_per_share": 13.57,
            "book_valuer_per_share_4q_avg": 13.61,
            "equity": 7581012,
            "current_ratio": 178.46,
            "debt_ratio": 21.57,
            "inventory_turnover_ratio": 0.92,
            "account_receivable_turnover_ratio": null,
            "reinvestment_rate": 1666.07,
            "research_to_sale_ratio": null,
            "price_fair": 17.15,
            "eps_avg_yearly": 0.49,
            "eps_latest_yearly": 0.84,
            "eps_growth_yearly": 237.08
        },
        "20034": {
            "year_quarter": 20034,
            "year": 2003,
            "quarter": 4,
            "eps": 0.26,
            "eps_growth_year": -45.83,
            "eps_4q": 0.62,
            "eps_4q_growth_year": 3.84,
            "roe": 1.85,
            "roe_4q": 4.470000000000001,
            "gross_profit": 96325,
            "gross_margin": 21.75,
            "gross_margin_4q_avg": 18.46,
            "net_income": 141974,
            "net_income_4q": null,
            "revenue": 442828,
            "revenue_4q": null,
            "common_shares": 5586360,
            "book_valuer_per_share": 13.87,
            "book_valuer_per_share_4q_avg": 13.65,
            "equity": 7746319,
            "current_ratio": 169.82,
            "debt_ratio": 21.39,
            "inventory_turnover_ratio": 0.84,
            "account_receivable_turnover_ratio": null,
            "reinvestment_rate": 1302.68,
            "research_to_sale_ratio": null,
            "price_fair": 21,
            "eps_avg_yearly": 0.6,
            "eps_latest_yearly": 1.04,
            "eps_growth_yearly": 208.71
        },
        "20041": {
            "year_quarter": 20041,
            "year": 2004,
            "quarter": 1,
            "eps": 0.29,
            "eps_growth_year": 480,
            "eps_4q": 0.87,
            "eps_4q_growth_year": 35.72,
            "roe": 2.02,
            "roe_4q": 6.16,
            "gross_profit": 88677,
            "gross_margin": 19.93,
            "gross_margin_4q_avg": 19.24,
            "net_income": 158181,
            "net_income_4q": null,
            "revenue": 444880,
            "revenue_4q": null,
            "common_shares": 5586360,
            "book_valuer_per_share": 14.15,
            "book_valuer_per_share_4q_avg": 13.74,
            "equity": 7902501,
            "current_ratio": 176.7,
            "debt_ratio": 21.71,
            "inventory_turnover_ratio": 0.79,
            "account_receivable_turnover_ratio": null,
            "reinvestment_rate": 1030.99,
            "research_to_sale_ratio": null,
            "price_fair": 24.27,
            "eps_avg_yearly": 0.69,
            "eps_latest_yearly": 1.16,
            "eps_growth_yearly": 181.62
        },
        "20042": {
            "year_quarter": 20042,
            "year": 2004,
            "quarter": 2,
            "eps": 0.08,
            "eps_growth_year": -20,
            "eps_4q": 0.87,
            "eps_4q_growth_year": 52.68,
            "roe": 0.53,
            "roe_4q": 5.960000000000001,
            "gross_profit": 91270,
            "gross_margin": 19.72,
            "gross_margin_4q_avg": 20.19,
            "net_income": 42261,
            "net_income_4q": null,
            "revenue": 462778,
            "revenue_4q": null,
            "common_shares": 5586360,
            "book_valuer_per_share": 14.19,
            "book_valuer_per_share_4q_avg": 13.95,
            "equity": 7928931,
            "current_ratio": 183.6,
            "debt_ratio": 21.65,
            "inventory_turnover_ratio": 0.78,
            "account_receivable_turnover_ratio": null,
            "reinvestment_rate": 717.29,
            "research_to_sale_ratio": null,
            "price_fair": 22.4,
            "eps_avg_yearly": 0.64,
            "eps_latest_yearly": 0.32,
            "eps_growth_yearly": 114.3
        },
        "20043": {
            "year_quarter": 20043,
            "year": 2004,
            "quarter": 3,
            "eps": 0.17,
            "eps_growth_year": -19.05,
            "eps_4q": 0.76,
            "eps_4q_growth_year": -8.01,
            "roe": 1.23,
            "roe_4q": 5.630000000000001,
            "gross_profit": 54935,
            "gross_margin": 12.23,
            "gross_margin_4q_avg": 18.41,
            "net_income": 98130,
            "net_income_4q": null,
            "revenue": 449129,
            "revenue_4q": null,
            "common_shares": 5865678,
            "book_valuer_per_share": 13.69,
            "book_valuer_per_share_4q_avg": 13.98,
            "equity": 8027892,
            "current_ratio": 251.08,
            "debt_ratio": 19.07,
            "inventory_turnover_ratio": 0.77,
            "account_receivable_turnover_ratio": null,
            "reinvestment_rate": 14.42,
            "research_to_sale_ratio": null,
            "price_fair": 22.58,
            "eps_avg_yearly": 0.65,
            "eps_latest_yearly": 0.68,
            "eps_growth_yearly": 156.26
        },
        "20044": {
            "year_quarter": 20044,
            "year": 2004,
            "quarter": 4,
            "eps": -0.21,
            "eps_growth_year": -180.77,
            "eps_4q": 0.3,
            "eps_4q_growth_year": -51.85,
            "roe": -1.55,
            "roe_4q": 2.23,
            "gross_profit": 100232,
            "gross_margin": 17.96,
            "gross_margin_4q_avg": 17.46,
            "net_income": -123745,
            "net_income_4q": null,
            "revenue": 558003,
            "revenue_4q": null,
            "common_shares": 5865678,
            "book_valuer_per_share": 13.47,
            "book_valuer_per_share_4q_avg": 13.88,
            "equity": 7903324,
            "current_ratio": 197.33,
            "debt_ratio": 18.6,
            "inventory_turnover_ratio": 0.86,
            "account_receivable_turnover_ratio": null,
            "reinvestment_rate": 14.69,
            "research_to_sale_ratio": null,
            "price_fair": 22.58,
            "eps_avg_yearly": 0.65,
            "eps_latest_yearly": 0.68,
            "eps_growth_yearly": 156.26
        },
        "20051": {
            "year_quarter": 20051,
            "year": 2005,
            "quarter": 1,
            "eps": 0.16,
            "eps_growth_year": -44.83,
            "eps_4q": 0.19,
            "eps_4q_growth_year": -78.24,
            "roe": 1.16,
            "roe_4q": 1.3699999999999999,
            "gross_profit": 121698,
            "gross_margin": 23.89,
            "gross_margin_4q_avg": 18.45,
            "net_income": 92925,
            "net_income_4q": null,
            "revenue": 509422,
            "revenue_4q": null,
            "common_shares": 5865678,
            "book_valuer_per_share": 13.89,
            "book_valuer_per_share_4q_avg": 13.81,
            "equity": 8147390,
            "current_ratio": 389.7,
            "debt_ratio": 15.54,
            "inventory_turnover_ratio": 0.75,
            "account_receivable_turnover_ratio": null,
            "reinvestment_rate": -25.21,
            "research_to_sale_ratio": null,
            "price_fair": 22.58,
            "eps_avg_yearly": 0.65,
            "eps_latest_yearly": 0.68,
            "eps_growth_yearly": 156.26
        },
        "20052": {
            "year_quarter": 20052,
            "year": 2005,
            "quarter": 2,
            "eps": 0.14,
            "eps_growth_year": 75,
            "eps_4q": 0.26,
            "eps_4q_growth_year": -70.38,
            "roe": 0.99,
            "roe_4q": 1.8299999999999998,
            "gross_profit": 102652,
            "gross_margin": 21.33,
            "gross_margin_4q_avg": 18.85,
            "net_income": 79877,
            "net_income_4q": null,
            "revenue": 481238,
            "revenue_4q": null,
            "common_shares": 5865678,
            "book_valuer_per_share": 13.75,
            "book_valuer_per_share_4q_avg": 13.7,
            "equity": 8065038,
            "current_ratio": 306.78,
            "debt_ratio": 16.53,
            "inventory_turnover_ratio": 0.75,
            "account_receivable_turnover_ratio": null,
            "reinvestment_rate": -15,
            "research_to_sale_ratio": null,
            "price_fair": 22.24,
            "eps_avg_yearly": 0.64,
            "eps_latest_yearly": 0.56,
            "eps_growth_yearly": 133.34
        },
        "20053": {
            "year_quarter": 20053,
            "year": 2005,
            "quarter": 3,
            "eps": 0.18,
            "eps_growth_year": 5.88,
            "eps_4q": 0.26,
            "eps_4q_growth_year": -65.64,
            "roe": 1.32,
            "roe_4q": 1.9199999999999997,
            "gross_profit": 96805,
            "gross_margin": 17.34,
            "gross_margin_4q_avg": 20.13,
            "net_income": 107367,
            "net_income_4q": null,
            "revenue": 558114,
            "revenue_4q": null,
            "common_shares": 5865678,
            "book_valuer_per_share": 13.93,
            "book_valuer_per_share_4q_avg": 13.76,
            "equity": 8169187,
            "current_ratio": 416.75,
            "debt_ratio": 15.33,
            "inventory_turnover_ratio": 0.94,
            "account_receivable_turnover_ratio": null,
            "reinvestment_rate": -13.84,
            "research_to_sale_ratio": null,
            "price_fair": 22.54,
            "eps_avg_yearly": 0.64,
            "eps_latest_yearly": 0.72,
            "eps_growth_yearly": 131.44
        },
        "20054": {
            "year_quarter": 20054,
            "year": 2005,
            "quarter": 4,
            "eps": 0.02,
            "eps_growth_year": null,
            "eps_4q": 0.55,
            "eps_4q_growth_year": 82.23,
            "roe": 0.13,
            "roe_4q": 3.6000000000000005,
            "gross_profit": 110105,
            "gross_margin": 19.52,
            "gross_margin_4q_avg": 20.52,
            "net_income": 10639,
            "net_income_4q": null,
            "revenue": 564151,
            "revenue_4q": null,
            "common_shares": 5865678,
            "book_valuer_per_share": 13.92,
            "book_valuer_per_share_4q_avg": 13.87,
            "equity": 8169856,
            "current_ratio": 356.59,
            "debt_ratio": 16.63,
            "inventory_turnover_ratio": 0.95,
            "account_receivable_turnover_ratio": null,
            "reinvestment_rate": -36.13,
            "research_to_sale_ratio": null,
            "price_fair": 20.75,
            "eps_avg_yearly": 0.59,
            "eps_latest_yearly": 0.08,
            "eps_growth_yearly": 87.16
        },
        "20061": {
            "year_quarter": 20061,
            "year": 2006,
            "quarter": 1,
            "eps": 0.13,
            "eps_growth_year": -18.75,
            "eps_4q": 0.48,
            "eps_4q_growth_year": 153.56,
            "roe": 0.9,
            "roe_4q": 3.34,
            "gross_profit": 99233,
            "gross_margin": 19.83,
            "gross_margin_4q_avg": 19.51,
            "net_income": 73845,
            "net_income_4q": null,
            "revenue": 500489,
            "revenue_4q": null,
            "common_shares": 5865678,
            "book_valuer_per_share": 14.19,
            "book_valuer_per_share_4q_avg": 13.95,
            "equity": 8322816,
            "current_ratio": 377.18,
            "debt_ratio": 14.86,
            "inventory_turnover_ratio": 0.82,
            "account_receivable_turnover_ratio": null,
            "reinvestment_rate": -30.42,
            "research_to_sale_ratio": null,
            "price_fair": 20.53,
            "eps_avg_yearly": 0.59,
            "eps_latest_yearly": 0.52,
            "eps_growth_yearly": 263.23
        },
        "20062": {
            "year_quarter": 20062,
            "year": 2006,
            "quarter": 2,
            "eps": 0.15,
            "eps_growth_year": 7.14,
            "eps_4q": 0.48,
            "eps_4q_growth_year": 84.37,
            "roe": 1.07,
            "roe_4q": 3.42,
            "gross_profit": 77707,
            "gross_margin": 17.92,
            "gross_margin_4q_avg": 18.65,
            "net_income": 88375,
            "net_income_4q": null,
            "revenue": 433673,
            "revenue_4q": null,
            "common_shares": 5760008,
            "book_valuer_per_share": 14.3,
            "book_valuer_per_share_4q_avg": 14.09,
            "equity": 8234255,
            "current_ratio": 204.74,
            "debt_ratio": 17.04,
            "inventory_turnover_ratio": 0.72,
            "account_receivable_turnover_ratio": null,
            "reinvestment_rate": -29.44,
            "research_to_sale_ratio": null,
            "price_fair": 20.77,
            "eps_avg_yearly": 0.59,
            "eps_latest_yearly": 0.6,
            "eps_growth_yearly": 229.47
        },
        "20063": {
            "year_quarter": 20063,
            "year": 2006,
            "quarter": 3,
            "eps": 0.15,
            "eps_growth_year": -16.67,
            "eps_4q": 0.45,
            "eps_4q_growth_year": 72.75,
            "roe": 1.04,
            "roe_4q": 3.14,
            "gross_profit": 61649,
            "gross_margin": 13.68,
            "gross_margin_4q_avg": 17.74,
            "net_income": 85565,
            "net_income_4q": null,
            "revenue": 450656,
            "revenue_4q": null,
            "common_shares": 5760008,
            "book_valuer_per_share": 14.38,
            "book_valuer_per_share_4q_avg": 14.2,
            "equity": 8280262,
            "current_ratio": 323.33,
            "debt_ratio": 14.41,
            "inventory_turnover_ratio": 0.8,
            "account_receivable_turnover_ratio": null,
            "reinvestment_rate": -27.41,
            "research_to_sale_ratio": null,
            "price_fair": 20.78,
            "eps_avg_yearly": 0.59,
            "eps_latest_yearly": 0.6,
            "eps_growth_yearly": 211.82
        },
        "20064": {
            "year_quarter": 20064,
            "year": 2006,
            "quarter": 4,
            "eps": -0.31,
            "eps_growth_year": -1650,
            "eps_4q": 0.12,
            "eps_4q_growth_year": -78.15,
            "roe": -2.18,
            "roe_4q": 0.83,
            "gross_profit": 71977,
            "gross_margin": 14.83,
            "gross_margin_4q_avg": 16.57,
            "net_income": -180005,
            "net_income_4q": null,
            "revenue": 485288,
            "revenue_4q": null,
            "common_shares": 5760008,
            "book_valuer_per_share": 14.27,
            "book_valuer_per_share_4q_avg": 14.29,
            "equity": 8221605,
            "current_ratio": 343.37,
            "debt_ratio": 15.27,
            "inventory_turnover_ratio": 0.85,
            "account_receivable_turnover_ratio": null,
            "reinvestment_rate": -40.66,
            "research_to_sale_ratio": null,
            "price_fair": 20.78,
            "eps_avg_yearly": 0.59,
            "eps_latest_yearly": 0.6,
            "eps_growth_yearly": 211.82
        },
        "20071": {
            "year_quarter": 20071,
            "year": 2007,
            "quarter": 1,
            "eps": 0.1,
            "eps_growth_year": -23.08,
            "eps_4q": 0.09,
            "eps_4q_growth_year": -81.3,
            "roe": 0.7,
            "roe_4q": 0.6299999999999999,
            "gross_profit": 69907,
            "gross_margin": 13.3,
            "gross_margin_4q_avg": 14.93,
            "net_income": 57406,
            "net_income_4q": null,
            "revenue": 525781,
            "revenue_4q": null,
            "common_shares": 5760008,
            "book_valuer_per_share": 14.4,
            "book_valuer_per_share_4q_avg": 14.34,
            "equity": 8293597,
            "current_ratio": 267.43,
            "debt_ratio": 15.83,
            "inventory_turnover_ratio": 0.87,
            "account_receivable_turnover_ratio": null,
            "reinvestment_rate": -38.86,
            "research_to_sale_ratio": null,
            "price_fair": 21.93,
            "eps_avg_yearly": 0.63,
            "eps_latest_yearly": 0.6,
            "eps_growth_yearly": 259.33
        },
        "20072": {
            "year_quarter": 20072,
            "year": 2007,
            "quarter": 2,
            "eps": 0.06,
            "eps_growth_year": -60,
            "eps_4q": -0,
            "eps_4q_growth_year": -100.08,
            "roe": 0.44,
            "roe_4q": -2.220446049250313e-16,
            "gross_profit": 40570,
            "gross_margin": 9.33,
            "gross_margin_4q_avg": 12.79,
            "net_income": 36792,
            "net_income_4q": null,
            "revenue": 434994,
            "revenue_4q": null,
            "common_shares": 5760008,
            "book_valuer_per_share": 14.5,
            "book_valuer_per_share_4q_avg": 14.39,
            "equity": 8353252,
            "current_ratio": 222.15,
            "debt_ratio": 16.22,
            "inventory_turnover_ratio": 0.71,
            "account_receivable_turnover_ratio": null,
            "reinvestment_rate": -38.88,
            "research_to_sale_ratio": null,
            "price_fair": 21.47,
            "eps_avg_yearly": 0.61,
            "eps_latest_yearly": 0.24,
            "eps_growth_yearly": 212.67
        },
        "20073": {
            "year_quarter": 20073,
            "year": 2007,
            "quarter": 3,
            "eps": 0.18,
            "eps_growth_year": 20,
            "eps_4q": 0.03,
            "eps_4q_growth_year": -94.01,
            "roe": 1.19,
            "roe_4q": 0.1499999999999999,
            "gross_profit": 40868,
            "gross_margin": 9.21,
            "gross_margin_4q_avg": 11.67,
            "net_income": 101040,
            "net_income_4q": null,
            "revenue": 443511,
            "revenue_4q": null,
            "common_shares": 5760008,
            "book_valuer_per_share": 14.98,
            "book_valuer_per_share_4q_avg": 14.54,
            "equity": 8629703,
            "current_ratio": 236.3,
            "debt_ratio": 15.55,
            "inventory_turnover_ratio": 0.64,
            "account_receivable_turnover_ratio": null,
            "reinvestment_rate": -38.54,
            "research_to_sale_ratio": null,
            "price_fair": 21.12,
            "eps_avg_yearly": 0.6,
            "eps_latest_yearly": 0.72,
            "eps_growth_yearly": 242.67
        },
        "20074": {
            "year_quarter": 20074,
            "year": 2007,
            "quarter": 4,
            "eps": 0.13,
            "eps_growth_year": null,
            "eps_4q": 0.48,
            "eps_4q_growth_year": 298.48,
            "roe": 0.86,
            "roe_4q": 3.1899999999999995,
            "gross_profit": 69978,
            "gross_margin": 13.85,
            "gross_margin_4q_avg": 11.42,
            "net_income": 73337,
            "net_income_4q": null,
            "revenue": 505369,
            "revenue_4q": null,
            "common_shares": 5760008,
            "book_valuer_per_share": 14.61,
            "book_valuer_per_share_4q_avg": 14.62,
            "equity": 8417327,
            "current_ratio": 284.68,
            "debt_ratio": 15.15,
            "inventory_turnover_ratio": 0.67,
            "account_receivable_turnover_ratio": null,
            "reinvestment_rate": -36.93,
            "research_to_sale_ratio": null,
            "price_fair": 19.6,
            "eps_avg_yearly": 0.56,
            "eps_latest_yearly": 0.52,
            "eps_growth_yearly": 225.47
        },
        "20081": {
            "year_quarter": 20081,
            "year": 2008,
            "quarter": 1,
            "eps": 0.13,
            "eps_growth_year": 30,
            "eps_4q": 0.49,
            "eps_4q_growth_year": 447.77,
            "roe": 0.9,
            "roe_4q": 3.39,
            "gross_profit": 73625,
            "gross_margin": 16.16,
            "gross_margin_4q_avg": 12.14,
            "net_income": 76252,
            "net_income_4q": null,
            "revenue": 455469,
            "revenue_4q": null,
            "common_shares": 5760008,
            "book_valuer_per_share": 14.95,
            "book_valuer_per_share_4q_avg": 14.76,
            "equity": 8616512,
            "current_ratio": 289.94,
            "debt_ratio": 14.61,
            "inventory_turnover_ratio": 0.8,
            "account_receivable_turnover_ratio": null,
            "reinvestment_rate": -40.02,
            "research_to_sale_ratio": null,
            "price_fair": 17.73,
            "eps_avg_yearly": 0.51,
            "eps_latest_yearly": 0.52,
            "eps_growth_yearly": 221.63
        },
        "20082": {
            "year_quarter": 20082,
            "year": 2008,
            "quarter": 2,
            "eps": 0.1,
            "eps_growth_year": 66.67,
            "eps_4q": 0.55,
            "eps_4q_growth_year": null,
            "roe": 0.65,
            "roe_4q": 3.6,
            "gross_profit": 57638,
            "gross_margin": 13.88,
            "gross_margin_4q_avg": 13.28,
            "net_income": 55467,
            "net_income_4q": null,
            "revenue": 415237,
            "revenue_4q": null,
            "common_shares": 5760008,
            "book_valuer_per_share": 14.68,
            "book_valuer_per_share_4q_avg": 14.81,
            "equity": 8457069,
            "current_ratio": 208.4,
            "debt_ratio": 16.6,
            "inventory_turnover_ratio": 0.87,
            "account_receivable_turnover_ratio": null,
            "reinvestment_rate": -38.25,
            "research_to_sale_ratio": null,
            "price_fair": 17.97,
            "eps_avg_yearly": 0.51,
            "eps_latest_yearly": 0.4,
            "eps_growth_yearly": 238.07
        },
        "20083": {
            "year_quarter": 20083,
            "year": 2008,
            "quarter": 3,
            "eps": 0.04,
            "eps_growth_year": -77.78,
            "eps_4q": 0.45,
            "eps_4q_growth_year": 1550.87,
            "roe": 0.24,
            "roe_4q": 2.65,
            "gross_profit": 41122,
            "gross_margin": 11.16,
            "gross_margin_4q_avg": 13.76,
            "net_income": 20102,
            "net_income_4q": null,
            "revenue": 368431,
            "revenue_4q": null,
            "common_shares": 5760008,
            "book_valuer_per_share": 14.27,
            "book_valuer_per_share_4q_avg": 14.63,
            "equity": 8219820,
            "current_ratio": 268.61,
            "debt_ratio": 14.45,
            "inventory_turnover_ratio": 0.66,
            "account_receivable_turnover_ratio": null,
            "reinvestment_rate": -23.87,
            "research_to_sale_ratio": null,
            "price_fair": 16.45,
            "eps_avg_yearly": 0.47,
            "eps_latest_yearly": 0.16,
            "eps_growth_yearly": 180.57
        },
        "20084": {
            "year_quarter": 20084,
            "year": 2008,
            "quarter": 4,
            "eps": -0.25,
            "eps_growth_year": -292.31,
            "eps_4q": 0.01,
            "eps_4q_growth_year": -97.9,
            "roe": -1.78,
            "roe_4q": 0.010000000000000009,
            "gross_profit": 68927,
            "gross_margin": 12.83,
            "gross_margin_4q_avg": 13.51,
            "net_income": -144097,
            "net_income_4q": null,
            "revenue": 537207,
            "revenue_4q": null,
            "common_shares": 5720008,
            "book_valuer_per_share": 13.96,
            "book_valuer_per_share_4q_avg": 14.47,
            "equity": 7989274,
            "current_ratio": 278.81,
            "debt_ratio": 14.34,
            "inventory_turnover_ratio": 0.85,
            "account_receivable_turnover_ratio": 4.04,
            "reinvestment_rate": -88.02,
            "research_to_sale_ratio": null,
            "price_fair": 16.45,
            "eps_avg_yearly": 0.47,
            "eps_latest_yearly": 0.16,
            "eps_growth_yearly": 180.57
        },
        "20091": {
            "year_quarter": 20091,
            "year": 2009,
            "quarter": 1,
            "eps": 0.06,
            "eps_growth_year": -53.85,
            "eps_4q": -0.06,
            "eps_4q_growth_year": -112.24,
            "roe": 0.43,
            "roe_4q": -0.4600000000000001,
            "gross_profit": 47747,
            "gross_margin": 11.38,
            "gross_margin_4q_avg": 12.31,
            "net_income": 34244,
            "net_income_4q": null,
            "revenue": 419468,
            "revenue_4q": null,
            "common_shares": 5720008,
            "book_valuer_per_share": 14.16,
            "book_valuer_per_share_4q_avg": 14.27,
            "equity": 8103023,
            "current_ratio": 292.86,
            "debt_ratio": 13.64,
            "inventory_turnover_ratio": 0.67,
            "account_receivable_turnover_ratio": 1.43,
            "reinvestment_rate": -96.44,
            "research_to_sale_ratio": null,
            "price_fair": 16.45,
            "eps_avg_yearly": 0.47,
            "eps_latest_yearly": 0.16,
            "eps_growth_yearly": 180.57
        },
        "20092": {
            "year_quarter": 20092,
            "year": 2009,
            "quarter": 2,
            "eps": 0.12,
            "eps_growth_year": 20,
            "eps_4q": -0.03,
            "eps_4q_growth_year": -105.99,
            "roe": 0.86,
            "roe_4q": -0.25,
            "gross_profit": 44723,
            "gross_margin": 11.55,
            "gross_margin_4q_avg": 11.73,
            "net_income": 70391,
            "net_income_4q": null,
            "revenue": 387273,
            "revenue_4q": null,
            "common_shares": 5720008,
            "book_valuer_per_share": 14.54,
            "book_valuer_per_share_4q_avg": 14.23,
            "equity": 8318100,
            "current_ratio": 212.68,
            "debt_ratio": 16.79,
            "inventory_turnover_ratio": 0.69,
            "account_receivable_turnover_ratio": 1.11,
            "reinvestment_rate": -108.75,
            "research_to_sale_ratio": null,
            "price_fair": 16.22,
            "eps_avg_yearly": 0.46,
            "eps_latest_yearly": 0.48,
            "eps_growth_yearly": 218.07
        },
        "20093": {
            "year_quarter": 20093,
            "year": 2009,
            "quarter": 3,
            "eps": 0.16,
            "eps_growth_year": 300,
            "eps_4q": 0.09,
            "eps_4q_growth_year": -80.22,
            "roe": 1.06,
            "roe_4q": 0.5700000000000001,
            "gross_profit": 51898,
            "gross_margin": 12.17,
            "gross_margin_4q_avg": 11.98,
            "net_income": 88904,
            "net_income_4q": null,
            "revenue": 426327,
            "revenue_4q": null,
            "common_shares": 5720008,
            "book_valuer_per_share": 14.73,
            "book_valuer_per_share_4q_avg": 14.35,
            "equity": 8427327,
            "current_ratio": 303.7,
            "debt_ratio": 13.61,
            "inventory_turnover_ratio": 0.8,
            "account_receivable_turnover_ratio": 1.14,
            "reinvestment_rate": -112.17,
            "research_to_sale_ratio": null,
            "price_fair": 15.98,
            "eps_avg_yearly": 0.46,
            "eps_latest_yearly": 0.64,
            "eps_growth_yearly": 219.66
        },
        "20094": {
            "year_quarter": 20094,
            "year": 2009,
            "quarter": 4,
            "eps": -0.18,
            "eps_growth_year": null,
            "eps_4q": 0.16,
            "eps_4q_growth_year": 1493.7,
            "roe": -1.23,
            "roe_4q": 1.12,
            "gross_profit": 59483,
            "gross_margin": 14.7,
            "gross_margin_4q_avg": 12.45,
            "net_income": -102856,
            "net_income_4q": null,
            "revenue": 404767,
            "revenue_4q": null,
            "common_shares": 5720008,
            "book_valuer_per_share": 14.62,
            "book_valuer_per_share_4q_avg": 14.51,
            "equity": 8305407,
            "current_ratio": 315.42,
            "debt_ratio": 13.58,
            "inventory_turnover_ratio": 0.79,
            "account_receivable_turnover_ratio": 2.52,
            "reinvestment_rate": 391.84,
            "research_to_sale_ratio": null,
            "price_fair": 17.18,
            "eps_avg_yearly": 0.49,
            "eps_latest_yearly": 0.64,
            "eps_growth_yearly": 271.95
        },
        "20101": {
            "year_quarter": 20101,
            "year": 2010,
            "quarter": 1,
            "eps": 0.03,
            "eps_growth_year": -50,
            "eps_4q": 0.13,
            "eps_4q_growth_year": null,
            "roe": 0.22,
            "roe_4q": 0.91,
            "gross_profit": 35739,
            "gross_margin": 10.45,
            "gross_margin_4q_avg": 12.22,
            "net_income": 18496,
            "net_income_4q": null,
            "revenue": 341970,
            "revenue_4q": null,
            "common_shares": 5720008,
            "book_valuer_per_share": 14.61,
            "book_valuer_per_share_4q_avg": 14.63,
            "equity": 8299983,
            "current_ratio": 341.47,
            "debt_ratio": 12.98,
            "inventory_turnover_ratio": 0.75,
            "account_receivable_turnover_ratio": 1.02,
            "reinvestment_rate": 448.21,
            "research_to_sale_ratio": null,
            "price_fair": 17.08,
            "eps_avg_yearly": 0.49,
            "eps_latest_yearly": 0.64,
            "eps_growth_yearly": 79.15
        },
        "20102": {
            "year_quarter": 20102,
            "year": 2010,
            "quarter": 2,
            "eps": 0.04,
            "eps_growth_year": -69.94,
            "eps_4q": 0.04,
            "eps_4q_growth_year": null,
            "roe": 0.25,
            "roe_4q": 0.30000000000000004,
            "gross_profit": 42757,
            "gross_margin": 11.5,
            "gross_margin_4q_avg": 12.21,
            "net_income": 20649,
            "net_income_4q": null,
            "revenue": 371829,
            "revenue_4q": null,
            "common_shares": 5720008,
            "book_valuer_per_share": 14.33,
            "book_valuer_per_share_4q_avg": 14.57,
            "equity": 8193644,
            "current_ratio": 283.95,
            "debt_ratio": 13.98,
            "inventory_turnover_ratio": 0.76,
            "account_receivable_turnover_ratio": 1.05,
            "reinvestment_rate": 534.54,
            "research_to_sale_ratio": null,
            "price_fair": 15.54,
            "eps_avg_yearly": 0.44,
            "eps_latest_yearly": 0.16,
            "eps_growth_yearly": 86.32
        },
        "20103": {
            "year_quarter": 20103,
            "year": 2010,
            "quarter": 3,
            "eps": 0.11,
            "eps_growth_year": -28.23,
            "eps_4q": 0,
            "eps_4q_growth_year": -96.21,
            "roe": 0.8,
            "roe_4q": 0.040000000000000036,
            "gross_profit": 21336,
            "gross_margin": 5.88,
            "gross_margin_4q_avg": 10.63,
            "net_income": 65805,
            "net_income_4q": null,
            "revenue": 363037,
            "revenue_4q": null,
            "common_shares": 5720008,
            "book_valuer_per_share": 14.38,
            "book_valuer_per_share_4q_avg": 14.49,
            "equity": 8226968,
            "current_ratio": 308.91,
            "debt_ratio": 13.31,
            "inventory_turnover_ratio": 0.73,
            "account_receivable_turnover_ratio": 0.95,
            "reinvestment_rate": 571.36,
            "research_to_sale_ratio": null,
            "price_fair": 14.98,
            "eps_avg_yearly": 0.43,
            "eps_latest_yearly": 0.44,
            "eps_growth_yearly": 156.32
        },
        "20104": {
            "year_quarter": 20104,
            "year": 2010,
            "quarter": 4,
            "eps": -0.1,
            "eps_growth_year": null,
            "eps_4q": 0.09,
            "eps_4q_growth_year": -44.7,
            "roe": -0.66,
            "roe_4q": 0.61,
            "gross_profit": 17243,
            "gross_margin": 4.65,
            "gross_margin_4q_avg": 8.12,
            "net_income": -54312,
            "net_income_4q": null,
            "revenue": 370444,
            "revenue_4q": null,
            "common_shares": 5720008,
            "book_valuer_per_share": 14.36,
            "book_valuer_per_share_4q_avg": 14.42,
            "equity": 8217631,
            "current_ratio": 290,
            "debt_ratio": 13.21,
            "inventory_turnover_ratio": 0.77,
            "account_receivable_turnover_ratio": 0.97,
            "reinvestment_rate": 396.7,
            "research_to_sale_ratio": null,
            "price_fair": 14.98,
            "eps_avg_yearly": 0.43,
            "eps_latest_yearly": 0.44,
            "eps_growth_yearly": 156.32
        },
        "20111": {
            "year_quarter": 20111,
            "year": 2011,
            "quarter": 1,
            "eps": 0.04,
            "eps_growth_year": 33.33,
            "eps_4q": 0.1,
            "eps_4q_growth_year": -26.71,
            "roe": 0.28,
            "roe_4q": 0.67,
            "gross_profit": 29472,
            "gross_margin": 8.35,
            "gross_margin_4q_avg": 7.6,
            "net_income": 23273,
            "net_income_4q": null,
            "revenue": 352847,
            "revenue_4q": null,
            "common_shares": 5720008,
            "book_valuer_per_share": 14.48,
            "book_valuer_per_share_4q_avg": 14.39,
            "equity": 8286780,
            "current_ratio": 374.8,
            "debt_ratio": 11.43,
            "inventory_turnover_ratio": 0.75,
            "account_receivable_turnover_ratio": 1.06,
            "reinvestment_rate": 452.96,
            "research_to_sale_ratio": null,
            "price_fair": 14.98,
            "eps_avg_yearly": 0.43,
            "eps_latest_yearly": 0.44,
            "eps_growth_yearly": 156.32
        },
        "20112": {
            "year_quarter": 20112,
            "year": 2011,
            "quarter": 2,
            "eps": 0.07,
            "eps_growth_year": 84.92,
            "eps_4q": 0.13,
            "eps_4q_growth_year": 190.23,
            "roe": 0.46,
            "roe_4q": 0.88,
            "gross_profit": 39304,
            "gross_margin": 10.66,
            "gross_margin_4q_avg": 7.39,
            "net_income": 38195,
            "net_income_4q": null,
            "revenue": 368846,
            "revenue_4q": null,
            "common_shares": 5720008,
            "book_valuer_per_share": 14.55,
            "book_valuer_per_share_4q_avg": 14.44,
            "equity": 8324381,
            "current_ratio": 297.2,
            "debt_ratio": 12.55,
            "inventory_turnover_ratio": 0.81,
            "account_receivable_turnover_ratio": 1.29,
            "reinvestment_rate": 464.75,
            "research_to_sale_ratio": null,
            "price_fair": 15.12,
            "eps_avg_yearly": 0.43,
            "eps_latest_yearly": 0.28,
            "eps_growth_yearly": 202.32
        },
        "20113": {
            "year_quarter": 20113,
            "year": 2011,
            "quarter": 3,
            "eps": 0.01,
            "eps_growth_year": -92.92,
            "eps_4q": 0.02,
            "eps_4q_growth_year": 507.05,
            "roe": 0.06,
            "roe_4q": 0.14,
            "gross_profit": -6156,
            "gross_margin": -2.04,
            "gross_margin_4q_avg": 5.41,
            "net_income": 4589,
            "net_income_4q": null,
            "revenue": 302280,
            "revenue_4q": null,
            "common_shares": 5720008,
            "book_valuer_per_share": 14.41,
            "book_valuer_per_share_4q_avg": 14.45,
            "equity": 8243310,
            "current_ratio": 388.91,
            "debt_ratio": 11.01,
            "inventory_turnover_ratio": 0.67,
            "account_receivable_turnover_ratio": 1.27,
            "reinvestment_rate": 588.54,
            "research_to_sale_ratio": null,
            "price_fair": 12.74,
            "eps_avg_yearly": 0.36,
            "eps_latest_yearly": 0.04,
            "eps_growth_yearly": 88.04
        },
        "20114": {
            "year_quarter": 20114,
            "year": 2011,
            "quarter": 4,
            "eps": -0.07,
            "eps_growth_year": null,
            "eps_4q": 0.04,
            "eps_4q_growth_year": -53.47,
            "roe": -0.52,
            "roe_4q": 0.28,
            "gross_profit": 53537,
            "gross_margin": 12.81,
            "gross_margin_4q_avg": 7.45,
            "net_income": -42569,
            "net_income_4q": null,
            "revenue": 417868,
            "revenue_4q": null,
            "common_shares": 5720008,
            "book_valuer_per_share": 14.34,
            "book_valuer_per_share_4q_avg": 14.45,
            "equity": 8206468,
            "current_ratio": 274.77,
            "debt_ratio": 12.67,
            "inventory_turnover_ratio": 0.71,
            "account_receivable_turnover_ratio": 1.55,
            "reinvestment_rate": 1087.82,
            "research_to_sale_ratio": null,
            "price_fair": 12.13,
            "eps_avg_yearly": 0.35,
            "eps_latest_yearly": 0.04,
            "eps_growth_yearly": 110.17
        },
        "20121": {
            "year_quarter": 20121,
            "year": 2012,
            "quarter": 1,
            "eps": 0.16,
            "eps_growth_year": 300,
            "eps_4q": 0.16,
            "eps_4q_growth_year": 62.89,
            "roe": 1.08,
            "roe_4q": 1.08,
            "gross_profit": 36125,
            "gross_margin": 9.45,
            "gross_margin_4q_avg": 7.72,
            "net_income": 89646,
            "net_income_4q": null,
            "revenue": 382475,
            "revenue_4q": null,
            "common_shares": 5720008,
            "book_valuer_per_share": 14.63,
            "book_valuer_per_share_4q_avg": 14.48,
            "equity": 8368929,
            "current_ratio": 299.03,
            "debt_ratio": 9.69,
            "inventory_turnover_ratio": 0.72,
            "account_receivable_turnover_ratio": 1.22,
            "reinvestment_rate": 1047.81,
            "research_to_sale_ratio": null,
            "price_fair": 11.38,
            "eps_avg_yearly": 0.33,
            "eps_latest_yearly": 0.04,
            "eps_growth_yearly": 123.94
        },
        "20122": {
            "year_quarter": 20122,
            "year": 2012,
            "quarter": 2,
            "eps": 0.01,
            "eps_growth_year": -78.59,
            "eps_4q": 0.1,
            "eps_4q_growth_year": -17.83,
            "roe": 0.1,
            "roe_4q": 0.7200000000000002,
            "gross_profit": 30602,
            "gross_margin": 8.94,
            "gross_margin_4q_avg": 7.29,
            "net_income": 8253,
            "net_income_4q": null,
            "revenue": 342390,
            "revenue_4q": null,
            "common_shares": 5720008,
            "book_valuer_per_share": 14.6,
            "book_valuer_per_share_4q_avg": 14.5,
            "equity": 8354556,
            "current_ratio": 291.73,
            "debt_ratio": 9.53,
            "inventory_turnover_ratio": 0.7,
            "account_receivable_turnover_ratio": 1.24,
            "reinvestment_rate": 1428.65,
            "research_to_sale_ratio": null,
            "price_fair": 9.8,
            "eps_avg_yearly": 0.28,
            "eps_latest_yearly": 0.04,
            "eps_growth_yearly": 88.6
        },
        "20123": {
            "year_quarter": 20123,
            "year": 2012,
            "quarter": 3,
            "eps": 0.11,
            "eps_growth_year": 1291.81,
            "eps_4q": 0.21,
            "eps_4q_growth_year": 926.94,
            "roe": 0.77,
            "roe_4q": 1.4300000000000002,
            "gross_profit": 30420,
            "gross_margin": 7.63,
            "gross_margin_4q_avg": 9.71,
            "net_income": 64691,
            "net_income_4q": null,
            "revenue": 398777,
            "revenue_4q": null,
            "common_shares": 5720008,
            "book_valuer_per_share": 14.71,
            "book_valuer_per_share_4q_avg": 14.57,
            "equity": 8417948,
            "current_ratio": 292.65,
            "debt_ratio": 9.75,
            "inventory_turnover_ratio": 0.83,
            "account_receivable_turnover_ratio": 1.36,
            "reinvestment_rate": 1073.72,
            "research_to_sale_ratio": null,
            "price_fair": 11.03,
            "eps_avg_yearly": 0.32,
            "eps_latest_yearly": 0.44,
            "eps_growth_yearly": 618.6
        },
        "20124": {
            "year_quarter": 20124,
            "year": 2012,
            "quarter": 4,
            "eps": -0.16,
            "eps_growth_year": null,
            "eps_4q": 0.12,
            "eps_4q_growth_year": 193.87,
            "roe": -1.11,
            "roe_4q": 0.84,
            "gross_profit": 57890,
            "gross_margin": 11.32,
            "gross_margin_4q_avg": 9.34,
            "net_income": -93266,
            "net_income_4q": null,
            "revenue": 511377,
            "revenue_4q": null,
            "common_shares": 5720008,
            "book_valuer_per_share": 14.58,
            "book_valuer_per_share_4q_avg": 14.63,
            "equity": 8340911,
            "current_ratio": 310.81,
            "debt_ratio": 9.64,
            "inventory_turnover_ratio": 0.95,
            "account_receivable_turnover_ratio": 1.42,
            "reinvestment_rate": 971.72,
            "research_to_sale_ratio": null,
            "price_fair": 11.03,
            "eps_avg_yearly": 0.32,
            "eps_latest_yearly": 0.44,
            "eps_growth_yearly": 618.6
        },
        "20131": {
            "year_quarter": 20131,
            "year": 2013,
            "quarter": 1,
            "eps": 0.11,
            "eps_growth_year": -31.25,
            "eps_4q": 0.07,
            "eps_4q_growth_year": -55.24,
            "roe": 0.72,
            "roe_4q": 0.47999999999999987,
            "gross_profit": 66597,
            "gross_margin": 14.47,
            "gross_margin_4q_avg": 10.59,
            "net_income": 61097,
            "net_income_4q": null,
            "revenue": 460227,
            "revenue_4q": null,
            "common_shares": 5720008,
            "book_valuer_per_share": 15.01,
            "book_valuer_per_share_4q_avg": 14.73,
            "equity": 8590987,
            "current_ratio": 425.67,
            "debt_ratio": 8.13,
            "inventory_turnover_ratio": 0.9,
            "account_receivable_turnover_ratio": 1.25,
            "reinvestment_rate": -816.56,
            "research_to_sale_ratio": null,
            "price_fair": 11.03,
            "eps_avg_yearly": 0.32,
            "eps_latest_yearly": 0.44,
            "eps_growth_yearly": 618.6
        },
        "20132": {
            "year_quarter": 20132,
            "year": 2013,
            "quarter": 2,
            "eps": 0.03,
            "eps_growth_year": 110.08,
            "eps_4q": 0.09,
            "eps_4q_growth_year": -17.79,
            "roe": 0.2,
            "roe_4q": 0.5799999999999998,
            "gross_profit": 67673,
            "gross_margin": 13.88,
            "gross_margin_4q_avg": 11.83,
            "net_income": 17151,
            "net_income_4q": null,
            "revenue": 487650,
            "revenue_4q": null,
            "common_shares": 5720008,
            "book_valuer_per_share": 14.86,
            "book_valuer_per_share_4q_avg": 14.79,
            "equity": 8504676,
            "current_ratio": 392.04,
            "debt_ratio": 9.12,
            "inventory_turnover_ratio": 1.04,
            "account_receivable_turnover_ratio": 1.32,
            "reinvestment_rate": -1074.45,
            "research_to_sale_ratio": null,
            "price_fair": 9.45,
            "eps_avg_yearly": 0.27,
            "eps_latest_yearly": 0.12,
            "eps_growth_yearly": 532.24
        },
        "20133": {
            "year_quarter": 20133,
            "year": 2013,
            "quarter": 3,
            "eps": 0.19,
            "eps_growth_year": 67.85,
            "eps_4q": 0.16,
            "eps_4q_growth_year": -21.9,
            "roe": 1.27,
            "roe_4q": 1.0799999999999998,
            "gross_profit": 64527,
            "gross_margin": 12.88,
            "gross_margin_4q_avg": 13.14,
            "net_income": 109032,
            "net_income_4q": null,
            "revenue": 500996,
            "revenue_4q": null,
            "common_shares": 5720008,
            "book_valuer_per_share": 15.15,
            "book_valuer_per_share_4q_avg": 14.9,
            "equity": 8668372,
            "current_ratio": 493.79,
            "debt_ratio": 8.12,
            "inventory_turnover_ratio": 1.07,
            "account_receivable_turnover_ratio": 1.35,
            "reinvestment_rate": -950.54,
            "research_to_sale_ratio": null,
            "price_fair": 9.98,
            "eps_avg_yearly": 0.29,
            "eps_latest_yearly": 0.76,
            "eps_growth_yearly": 782.24
        },
        "20134": {
            "year_quarter": 20134,
            "year": 2013,
            "quarter": 4,
            "eps": -0.07,
            "eps_growth_year": null,
            "eps_4q": 0.26,
            "eps_4q_growth_year": 112.65,
            "roe": -0.46,
            "roe_4q": 1.73,
            "gross_profit": 58874,
            "gross_margin": 10.23,
            "gross_margin_4q_avg": 12.87,
            "net_income": -40420,
            "net_income_4q": null,
            "revenue": 575731,
            "revenue_4q": null,
            "common_shares": 5720008,
            "book_valuer_per_share": 15.23,
            "book_valuer_per_share_4q_avg": 15.06,
            "equity": 8714799,
            "current_ratio": 466.32,
            "debt_ratio": 8.25,
            "inventory_turnover_ratio": 1.32,
            "account_receivable_turnover_ratio": 1.49,
            "reinvestment_rate": -1517.65,
            "research_to_sale_ratio": null,
            "price_fair": 9.98,
            "eps_avg_yearly": 0.29,
            "eps_latest_yearly": 0.76,
            "eps_growth_yearly": 782.24
        },
        "20141": {
            "year_quarter": 20141,
            "year": 2014,
            "quarter": 1,
            "eps": 0.12,
            "eps_growth_year": 9.09,
            "eps_4q": 0.27,
            "eps_4q_growth_year": 282.27,
            "roe": 0.78,
            "roe_4q": 1.79,
            "gross_profit": 72028,
            "gross_margin": 14.53,
            "gross_margin_4q_avg": 12.88,
            "net_income": 68173,
            "net_income_4q": null,
            "revenue": 495721,
            "revenue_4q": null,
            "common_shares": 5720008,
            "book_valuer_per_share": 15.5,
            "book_valuer_per_share_4q_avg": 15.19,
            "equity": 8866521,
            "current_ratio": 414.68,
            "debt_ratio": 8.9,
            "inventory_turnover_ratio": 0.99,
            "account_receivable_turnover_ratio": 1.27,
            "reinvestment_rate": -1267.29,
            "research_to_sale_ratio": null,
            "price_fair": 9.98,
            "eps_avg_yearly": 0.29,
            "eps_latest_yearly": 0.76,
            "eps_growth_yearly": 782.24
        },
        "20142": {
            "year_quarter": 20142,
            "year": 2014,
            "quarter": 2,
            "eps": 0.06,
            "eps_growth_year": 100,
            "eps_4q": 0.3,
            "eps_4q_growth_year": 253.01,
            "roe": 0.41,
            "roe_4q": 2,
            "gross_profit": 53706,
            "gross_margin": 10.56,
            "gross_margin_4q_avg": 12.05,
            "net_income": 36589,
            "net_income_4q": null,
            "revenue": 508589,
            "revenue_4q": null,
            "common_shares": 5720008,
            "book_valuer_per_share": 15.5,
            "book_valuer_per_share_4q_avg": 15.35,
            "equity": 8869812,
            "current_ratio": 437.39,
            "debt_ratio": 8.82,
            "inventory_turnover_ratio": 1,
            "account_receivable_turnover_ratio": 1.41,
            "reinvestment_rate": -1212.3,
            "research_to_sale_ratio": null,
            "price_fair": 10.33,
            "eps_avg_yearly": 0.3,
            "eps_latest_yearly": 0.24,
            "eps_growth_yearly": 740.57
        },
        "20143": {
            "year_quarter": 20143,
            "year": 2014,
            "quarter": 3,
            "eps": 0.11,
            "eps_growth_year": -42.11,
            "eps_4q": 0.22,
            "eps_4q_growth_year": 36.38,
            "roe": 0.71,
            "roe_4q": 1.44,
            "gross_profit": 28157,
            "gross_margin": 5.85,
            "gross_margin_4q_avg": 10.29,
            "net_income": 63447,
            "net_income_4q": null,
            "revenue": 481447,
            "revenue_4q": null,
            "common_shares": 5720008,
            "book_valuer_per_share": 15.56,
            "book_valuer_per_share_4q_avg": 15.45,
            "equity": 8901673,
            "current_ratio": 577.81,
            "debt_ratio": 7.73,
            "inventory_turnover_ratio": 1.08,
            "account_receivable_turnover_ratio": 1.36,
            "reinvestment_rate": -1214.43,
            "research_to_sale_ratio": null,
            "price_fair": 10.33,
            "eps_avg_yearly": 0.3,
            "eps_latest_yearly": 0.44,
            "eps_growth_yearly": 694.74
        },
        "20144": {
            "year_quarter": 20144,
            "year": 2014,
            "quarter": 4,
            "eps": -0.05,
            "eps_growth_year": null,
            "eps_4q": 0.25,
            "eps_4q_growth_year": -2.92,
            "roe": -0.29,
            "roe_4q": 1.6099999999999999,
            "gross_profit": 58443,
            "gross_margin": 9.86,
            "gross_margin_4q_avg": 10.2,
            "net_income": -25908,
            "net_income_4q": null,
            "revenue": 592467,
            "revenue_4q": null,
            "common_shares": 5720008,
            "book_valuer_per_share": 15.49,
            "book_valuer_per_share_4q_avg": 15.51,
            "equity": 8859325,
            "current_ratio": 607.3,
            "debt_ratio": 7.74,
            "inventory_turnover_ratio": 1.28,
            "account_receivable_turnover_ratio": 1.47,
            "reinvestment_rate": -1121.05,
            "research_to_sale_ratio": null,
            "price_fair": 10.33,
            "eps_avg_yearly": 0.3,
            "eps_latest_yearly": 0.44,
            "eps_growth_yearly": 694.74
        },
        "20151": {
            "year_quarter": 20151,
            "year": 2015,
            "quarter": 1,
            "eps": 0.06,
            "eps_growth_year": -50,
            "eps_4q": 0.19,
            "eps_4q_growth_year": -28.44,
            "roe": 0.4,
            "roe_4q": 1.23,
            "gross_profit": 46764,
            "gross_margin": 9.84,
            "gross_margin_4q_avg": 9.03,
            "net_income": 35987,
            "net_income_4q": null,
            "revenue": 475433,
            "revenue_4q": null,
            "common_shares": 5720008,
            "book_valuer_per_share": 15.65,
            "book_valuer_per_share_4q_avg": 15.55,
            "equity": 8955192,
            "current_ratio": 774.32,
            "debt_ratio": 7.21,
            "inventory_turnover_ratio": 0.94,
            "account_receivable_turnover_ratio": 1.16,
            "reinvestment_rate": -1118.51,
            "research_to_sale_ratio": null,
            "price_fair": 10.33,
            "eps_avg_yearly": 0.3,
            "eps_latest_yearly": 0.44,
            "eps_growth_yearly": 694.74
        },
        "20152": {
            "year_quarter": 20152,
            "year": 2015,
            "quarter": 2,
            "eps": 0.04,
            "eps_growth_year": -33.33,
            "eps_4q": 0.17,
            "eps_4q_growth_year": -43.31,
            "roe": 0.28,
            "roe_4q": 1.1,
            "gross_profit": 38792,
            "gross_margin": 8.02,
            "gross_margin_4q_avg": 8.39,
            "net_income": 24910,
            "net_income_4q": null,
            "revenue": 483408,
            "revenue_4q": null,
            "common_shares": 5720008,
            "book_valuer_per_share": 15.41,
            "book_valuer_per_share_4q_avg": 15.53,
            "equity": 8813796,
            "current_ratio": 465.86,
            "debt_ratio": 7.89,
            "inventory_turnover_ratio": 0.81,
            "account_receivable_turnover_ratio": 1.37,
            "reinvestment_rate": -1184.97,
            "research_to_sale_ratio": null,
            "price_fair": 9.8,
            "eps_avg_yearly": 0.28,
            "eps_latest_yearly": 0.16,
            "eps_growth_yearly": 640.57
        },
        "20153": {
            "year_quarter": 20153,
            "year": 2015,
            "quarter": 3,
            "eps": 0.1,
            "eps_growth_year": -9.09,
            "eps_4q": 0.17,
            "eps_4q_growth_year": -24.55,
            "roe": 0.71,
            "roe_4q": 1.1,
            "gross_profit": 26960,
            "gross_margin": 6.53,
            "gross_margin_4q_avg": 8.56,
            "net_income": 61391,
            "net_income_4q": null,
            "revenue": 413010,
            "revenue_4q": null,
            "common_shares": 5720008,
            "book_valuer_per_share": 15.03,
            "book_valuer_per_share_4q_avg": 15.4,
            "equity": 8597414,
            "current_ratio": 651.35,
            "debt_ratio": 6.86,
            "inventory_turnover_ratio": 0.66,
            "account_receivable_turnover_ratio": 1.25,
            "reinvestment_rate": -1067.93,
            "research_to_sale_ratio": null,
            "price_fair": 11.38,
            "eps_avg_yearly": 0.33,
            "eps_latest_yearly": 0.4,
            "eps_growth_yearly": 758.43
        },
        "20154": {
            "year_quarter": 20154,
            "year": 2015,
            "quarter": 4,
            "eps": 0.04,
            "eps_growth_year": null,
            "eps_4q": 0.25,
            "eps_4q_growth_year": 1.57,
            "roe": 0.26,
            "roe_4q": 1.65,
            "gross_profit": 26571,
            "gross_margin": 5.47,
            "gross_margin_4q_avg": 7.47,
            "net_income": 22178,
            "net_income_4q": null,
            "revenue": 485438,
            "revenue_4q": null,
            "common_shares": 5720008,
            "book_valuer_per_share": 15.1,
            "book_valuer_per_share_4q_avg": 15.3,
            "equity": 8639693,
            "current_ratio": 505.38,
            "debt_ratio": 7.92,
            "inventory_turnover_ratio": 0.84,
            "account_receivable_turnover_ratio": 1.31,
            "reinvestment_rate": -964.24,
            "research_to_sale_ratio": null,
            "price_fair": 10.73,
            "eps_avg_yearly": 0.31,
            "eps_latest_yearly": 0.16,
            "eps_growth_yearly": 647.49
        },
        "20161": {
            "year_quarter": 20161,
            "year": 2016,
            "quarter": 1,
            "eps": 0.21,
            "eps_growth_year": 250,
            "eps_4q": 0.4,
            "eps_4q_growth_year": 105.8,
            "roe": 2.47,
            "roe_4q": 3.7200000000000006,
            "gross_profit": 36523,
            "gross_margin": 9.52,
            "gross_margin_4q_avg": 7.39,
            "net_income": 216613,
            "net_income_4q": null,
            "revenue": 383670,
            "revenue_4q": null,
            "common_shares": 5720008,
            "book_valuer_per_share": 15.41,
            "book_valuer_per_share_4q_avg": 15.24,
            "equity": 8916640,
            "current_ratio": 824.29,
            "debt_ratio": 6.04,
            "inventory_turnover_ratio": 0.63,
            "account_receivable_turnover_ratio": 1.06,
            "reinvestment_rate": -927.55,
            "research_to_sale_ratio": null,
            "price_fair": 12.6,
            "eps_avg_yearly": 0.36,
            "eps_latest_yearly": 0.84,
            "eps_growth_yearly": 752.74
        },
        "20162": {
            "year_quarter": 20162,
            "year": 2016,
            "quarter": 2,
            "eps": 0.03,
            "eps_growth_year": -25,
            "eps_4q": 0.38,
            "eps_4q_growth_year": 123.69,
            "roe": 0.21,
            "roe_4q": 3.6500000000000004,
            "gross_profit": 19418,
            "gross_margin": 4.81,
            "gross_margin_4q_avg": 6.58,
            "net_income": 18707,
            "net_income_4q": null,
            "revenue": 403918,
            "revenue_4q": null,
            "common_shares": 5720008,
            "book_valuer_per_share": 15.09,
            "book_valuer_per_share_4q_avg": 15.16,
            "equity": 8732738,
            "current_ratio": 491.79,
            "debt_ratio": 8.07,
            "inventory_turnover_ratio": 0.67,
            "account_receivable_turnover_ratio": 1.25,
            "reinvestment_rate": -930.42,
            "research_to_sale_ratio": null,
            "price_fair": 12.88,
            "eps_avg_yearly": 0.37,
            "eps_latest_yearly": 0.12,
            "eps_growth_yearly": 755.96
        },
        "20163": {
            "year_quarter": 20163,
            "year": 2016,
            "quarter": 3,
            "eps": -0.02,
            "eps_growth_year": -120,
            "eps_4q": 0.26,
            "eps_4q_growth_year": 55.09,
            "roe": -0.1,
            "roe_4q": 2.84,
            "gross_profit": -45757,
            "gross_margin": -15.25,
            "gross_margin_4q_avg": 1.14,
            "net_income": -8727,
            "net_income_4q": null,
            "revenue": 300124,
            "revenue_4q": null,
            "common_shares": 5720008,
            "book_valuer_per_share": 15.03,
            "book_valuer_per_share_4q_avg": 15.16,
            "equity": 8701916,
            "current_ratio": 641.41,
            "debt_ratio": 6.85,
            "inventory_turnover_ratio": 0.56,
            "account_receivable_turnover_ratio": 0.98,
            "reinvestment_rate": -1079.66,
            "research_to_sale_ratio": null,
            "price_fair": 12.6,
            "eps_avg_yearly": 0.36,
            "eps_latest_yearly": 0.12,
            "eps_growth_yearly": 395.51
        },
        "20164": {
            "year_quarter": 20164,
            "year": 2016,
            "quarter": 4,
            "eps": -0.03,
            "eps_growth_year": -182.69,
            "eps_4q": 0.19,
            "eps_4q_growth_year": -24.71,
            "roe": -0.22,
            "roe_4q": 2.3600000000000003,
            "gross_profit": 87,
            "gross_margin": 0.02,
            "gross_margin_4q_avg": -0.23,
            "net_income": -18990,
            "net_income_4q": null,
            "revenue": 390803,
            "revenue_4q": null,
            "common_shares": 5720008,
            "book_valuer_per_share": 14.93,
            "book_valuer_per_share_4q_avg": 15.12,
            "equity": 8640850,
            "current_ratio": 793.17,
            "debt_ratio": 6.16,
            "inventory_turnover_ratio": 0.64,
            "account_receivable_turnover_ratio": 1.42,
            "reinvestment_rate": -917.22,
            "research_to_sale_ratio": null,
            "price_fair": 12.6,
            "eps_avg_yearly": 0.36,
            "eps_latest_yearly": 0.12,
            "eps_growth_yearly": 395.51
        },
        "20171": {
            "year_quarter": 20171,
            "year": 2017,
            "quarter": 1,
            "eps": 0.04,
            "eps_growth_year": -80.95,
            "eps_4q": 0.03,
            "eps_4q_growth_year": -92.82,
            "roe": 0.27,
            "roe_4q": 0.16,
            "gross_profit": -10125,
            "gross_margin": -2.87,
            "gross_margin_4q_avg": -3.32,
            "net_income": 23327,
            "net_income_4q": null,
            "revenue": 352667,
            "revenue_4q": null,
            "common_shares": 5720008,
            "book_valuer_per_share": 15.1,
            "book_valuer_per_share_4q_avg": 15.04,
            "equity": 8735315,
            "current_ratio": 736.23,
            "debt_ratio": 6.22,
            "inventory_turnover_ratio": 0.61,
            "account_receivable_turnover_ratio": 1.22,
            "reinvestment_rate": -75.64,
            "research_to_sale_ratio": null,
            "price_fair": 12.6,
            "eps_avg_yearly": 0.36,
            "eps_latest_yearly": 0.12,
            "eps_growth_yearly": 395.51
        },
        "20172": {
            "year_quarter": 20172,
            "year": 2017,
            "quarter": 2,
            "eps": -0.05,
            "eps_growth_year": -266.67,
            "eps_4q": -0.06,
            "eps_4q_growth_year": -116.12,
            "roe": -0.39,
            "roe_4q": -0.43999999999999995,
            "gross_profit": -17745,
            "gross_margin": -5.35,
            "gross_margin_4q_avg": -5.86,
            "net_income": -33359,
            "net_income_4q": null,
            "revenue": 331849,
            "revenue_4q": null,
            "common_shares": 5720008,
            "book_valuer_per_share": 14.97,
            "book_valuer_per_share_4q_avg": 15.01,
            "equity": 8573009,
            "current_ratio": 459.39,
            "debt_ratio": 7.91,
            "inventory_turnover_ratio": 0.57,
            "account_receivable_turnover_ratio": 1.16,
            "reinvestment_rate": -57.01,
            "research_to_sale_ratio": null,
            "price_fair": 13.65,
            "eps_avg_yearly": 0.39,
            "eps_latest_yearly": 0.12,
            "eps_growth_yearly": 481.31
        },
        "20173": {
            "year_quarter": 20173,
            "year": 2017,
            "quarter": 3,
            "eps": 0.03,
            "eps_growth_year": null,
            "eps_4q": -0.02,
            "eps_4q_growth_year": -107.36,
            "roe": 0.18,
            "roe_4q": -0.16,
            "gross_profit": -12953,
            "gross_margin": -2.83,
            "gross_margin_4q_avg": -2.76,
            "net_income": 15355,
            "net_income_4q": null,
            "revenue": 457098,
            "revenue_4q": null,
            "common_shares": 5720008,
            "book_valuer_per_share": 14.92,
            "book_valuer_per_share_4q_avg": 14.98,
            "equity": 8546049,
            "current_ratio": 489.17,
            "debt_ratio": 7.69,
            "inventory_turnover_ratio": 0.79,
            "account_receivable_turnover_ratio": 1.59,
            "reinvestment_rate": -103.95,
            "research_to_sale_ratio": null,
            "price_fair": 11.8,
            "eps_avg_yearly": 0.34,
            "eps_latest_yearly": 0.12,
            "eps_growth_yearly": 245.31
        },
        "20174": {
            "year_quarter": 20174,
            "year": 2017,
            "quarter": 4,
            "eps": 0.09,
            "eps_growth_year": null,
            "eps_4q": 0.11,
            "eps_4q_growth_year": -43.36,
            "roe": 0.62,
            "roe_4q": 0.68,
            "gross_profit": -2382,
            "gross_margin": -0.41,
            "gross_margin_4q_avg": -2.87,
            "net_income": 52984,
            "net_income_4q": null,
            "revenue": 575111,
            "revenue_4q": null,
            "common_shares": 5720008,
            "book_valuer_per_share": 14.99,
            "book_valuer_per_share_4q_avg": 15,
            "equity": 8579809,
            "current_ratio": 459.41,
            "debt_ratio": 8.39,
            "inventory_turnover_ratio": 1.18,
            "account_receivable_turnover_ratio": 1.84,
            "reinvestment_rate": -118.3,
            "research_to_sale_ratio": null,
            "price_fair": 11.9,
            "eps_avg_yearly": 0.34,
            "eps_latest_yearly": 0.36,
            "eps_growth_yearly": 314.64
        },
        "20181": {
            "year_quarter": 20181,
            "year": 2018,
            "quarter": 1,
            "eps": 0.03,
            "eps_growth_year": -25,
            "eps_4q": 0.09,
            "eps_4q_growth_year": 217.73,
            "roe": 0.18,
            "roe_4q": 0.59,
            "gross_profit": 34457,
            "gross_margin": 8.35,
            "gross_margin_4q_avg": -0.06,
            "net_income": 15349,
            "net_income_4q": null,
            "revenue": 412490,
            "revenue_4q": null,
            "common_shares": 5720008,
            "book_valuer_per_share": 14.94,
            "book_valuer_per_share_4q_avg": 14.96,
            "equity": 8552798,
            "current_ratio": 551.54,
            "debt_ratio": 7.76,
            "inventory_turnover_ratio": 0.69,
            "account_receivable_turnover_ratio": 1.22,
            "reinvestment_rate": -466.32,
            "research_to_sale_ratio": null,
            "price_fair": 11.04,
            "eps_avg_yearly": 0.32,
            "eps_latest_yearly": 0.12,
            "eps_growth_yearly": 250.05
        },
        "20182": {
            "year_quarter": 20182,
            "year": 2018,
            "quarter": 2,
            "eps": 0.07,
            "eps_growth_year": null,
            "eps_4q": 0.22,
            "eps_4q_growth_year": null,
            "roe": 0.47,
            "roe_4q": 1.45,
            "gross_profit": 33524,
            "gross_margin": 8.83,
            "gross_margin_4q_avg": 3.49,
            "net_income": 40073,
            "net_income_4q": null,
            "revenue": 379704,
            "revenue_4q": null,
            "common_shares": 5720008,
            "book_valuer_per_share": 14.93,
            "book_valuer_per_share_4q_avg": 14.95,
            "equity": 8537031,
            "current_ratio": 470.04,
            "debt_ratio": 8.65,
            "inventory_turnover_ratio": 0.52,
            "account_receivable_turnover_ratio": 1.07,
            "reinvestment_rate": -452.51,
            "research_to_sale_ratio": null,
            "price_fair": 11.2,
            "eps_avg_yearly": 0.32,
            "eps_latest_yearly": 0.28,
            "eps_growth_yearly": 331.53
        },
        "20183": {
            "year_quarter": 20183,
            "year": 2018,
            "quarter": 3,
            "eps": 0.06,
            "eps_growth_year": 100,
            "eps_4q": 0.25,
            "eps_4q_growth_year": null,
            "roe": 0.41,
            "roe_4q": 1.6799999999999997,
            "gross_profit": 26129,
            "gross_margin": 6.8,
            "gross_margin_4q_avg": 5.89,
            "net_income": 35382,
            "net_income_4q": null,
            "revenue": 383970,
            "revenue_4q": null,
            "common_shares": 5720008,
            "book_valuer_per_share": 15.05,
            "book_valuer_per_share_4q_avg": 14.98,
            "equity": 8603635,
            "current_ratio": 600.74,
            "debt_ratio": 7.37,
            "inventory_turnover_ratio": 0.58,
            "account_receivable_turnover_ratio": 1.12,
            "reinvestment_rate": -488.61,
            "research_to_sale_ratio": null,
            "price_fair": 10.42,
            "eps_avg_yearly": 0.3,
            "eps_latest_yearly": 0.24,
            "eps_growth_yearly": 288.15
        },
        "20184": {
            "year_quarter": 20184,
            "year": 2018,
            "quarter": 4,
            "eps": -0.04,
            "eps_growth_year": -146.06,
            "eps_4q": 0.12,
            "eps_4q_growth_year": 6.96,
            "roe": -0.29,
            "roe_4q": 0.77,
            "gross_profit": 50344,
            "gross_margin": 10.07,
            "gross_margin_4q_avg": 8.51,
            "net_income": -25215,
            "net_income_4q": null,
            "revenue": 500023,
            "revenue_4q": null,
            "common_shares": 5720008,
            "book_valuer_per_share": 14.89,
            "book_valuer_per_share_4q_avg": 14.95,
            "equity": 8512138,
            "current_ratio": 491.82,
            "debt_ratio": 7.95,
            "inventory_turnover_ratio": 0.78,
            "account_receivable_turnover_ratio": 1.42,
            "reinvestment_rate": -495.9,
            "research_to_sale_ratio": null,
            "price_fair": 10.42,
            "eps_avg_yearly": 0.3,
            "eps_latest_yearly": 0.24,
            "eps_growth_yearly": 288.15
        },
        "20191": {
            "year_quarter": 20191,
            "year": 2019,
            "quarter": 1,
            "eps": 0.05,
            "eps_growth_year": 66.67,
            "eps_4q": 0.14,
            "eps_4q_growth_year": 55.69,
            "roe": 0.35,
            "roe_4q": 0.94,
            "gross_profit": 34933,
            "gross_margin": 8.38,
            "gross_margin_4q_avg": 8.52,
            "net_income": 29820,
            "net_income_4q": null,
            "revenue": 417039,
            "revenue_4q": null,
            "common_shares": 5720008,
            "book_valuer_per_share": 15.09,
            "book_valuer_per_share_4q_avg": 14.99,
            "equity": 8659129,
            "current_ratio": 386.53,
            "debt_ratio": 10.81,
            "inventory_turnover_ratio": 0.68,
            "account_receivable_turnover_ratio": 1.17,
            "reinvestment_rate": -483.23,
            "research_to_sale_ratio": null,
            "price_fair": 10.42,
            "eps_avg_yearly": 0.3,
            "eps_latest_yearly": 0.24,
            "eps_growth_yearly": 288.15
        },
        "20192": {
            "year_quarter": 20192,
            "year": 2019,
            "quarter": 2,
            "eps": -0.01,
            "eps_growth_year": -114.29,
            "eps_4q": 0.06,
            "eps_4q_growth_year": -71.74,
            "roe": -0.06,
            "roe_4q": 0.41,
            "gross_profit": -749,
            "gross_margin": -0.21,
            "gross_margin_4q_avg": 6.26,
            "net_income": -4784,
            "net_income_4q": null,
            "revenue": 364558,
            "revenue_4q": null,
            "common_shares": 5720008,
            "book_valuer_per_share": 14.99,
            "book_valuer_per_share_4q_avg": 15.01,
            "equity": 8590331,
            "current_ratio": 319.17,
            "debt_ratio": 11.86,
            "inventory_turnover_ratio": 0.64,
            "account_receivable_turnover_ratio": 1.04,
            "reinvestment_rate": -507.78,
            "research_to_sale_ratio": null,
            "price_fair": 11.03,
            "eps_avg_yearly": 0.32,
            "eps_latest_yearly": 0.24,
            "eps_growth_yearly": 340.83
        },
        "20193": {
            "year_quarter": 20193,
            "year": 2019,
            "quarter": 3,
            "eps": 0.02,
            "eps_growth_year": -66.67,
            "eps_4q": 0.02,
            "eps_4q_growth_year": -90.34,
            "roe": 0.16,
            "roe_4q": 0.15999999999999998,
            "gross_profit": 17162,
            "gross_margin": 4.8,
            "gross_margin_4q_avg": 5.76,
            "net_income": 14011,
            "net_income_4q": null,
            "revenue": 357219,
            "revenue_4q": null,
            "common_shares": 5720008,
            "book_valuer_per_share": 14.93,
            "book_valuer_per_share_4q_avg": 14.98,
            "equity": 8557481,
            "current_ratio": 339.13,
            "debt_ratio": 11.23,
            "inventory_turnover_ratio": 0.57,
            "account_receivable_turnover_ratio": 1.03,
            "reinvestment_rate": -494.51,
            "research_to_sale_ratio": null,
            "price_fair": 10.6,
            "eps_avg_yearly": 0.3,
            "eps_latest_yearly": 0.24,
            "eps_growth_yearly": 303.81
        },
        "20194": {
            "year_quarter": 20194,
            "year": 2019,
            "quarter": 4,
            "eps": -0.01,
            "eps_growth_year": null,
            "eps_4q": 0.06,
            "eps_4q_growth_year": -49.55,
            "roe": -0.07,
            "roe_4q": 0.38,
            "gross_profit": 30943,
            "gross_margin": 6.94,
            "gross_margin_4q_avg": 4.98,
            "net_income": -5804,
            "net_income_4q": null,
            "revenue": 446124,
            "revenue_4q": null,
            "common_shares": 5720008,
            "book_valuer_per_share": 14.96,
            "book_valuer_per_share_4q_avg": 14.99,
            "equity": 8570984,
            "current_ratio": 306.23,
            "debt_ratio": 12.01,
            "inventory_turnover_ratio": 0.67,
            "account_receivable_turnover_ratio": 1.24,
            "reinvestment_rate": -564.32,
            "research_to_sale_ratio": null,
            "price_fair": 11.43,
            "eps_avg_yearly": 0.33,
            "eps_latest_yearly": 0.24,
            "eps_growth_yearly": 394.44
        },
        "20201": {
            "year_quarter": 20201,
            "year": 2020,
            "quarter": 1,
            "eps": -0.05,
            "eps_growth_year": -200,
            "eps_4q": -0.05,
            "eps_4q_growth_year": -134.15,
            "roe": -0.37,
            "roe_4q": -0.34,
            "gross_profit": 8835,
            "gross_margin": 2.28,
            "gross_margin_4q_avg": 3.45,
            "net_income": -30941,
            "net_income_4q": null,
            "revenue": 387944,
            "revenue_4q": null,
            "common_shares": 5720008,
            "book_valuer_per_share": 14.6,
            "book_valuer_per_share_4q_avg": 14.87,
            "equity": 8376480,
            "current_ratio": 348.48,
            "debt_ratio": 10.9,
            "inventory_turnover_ratio": 0.59,
            "account_receivable_turnover_ratio": 1.09,
            "reinvestment_rate": -1222.42,
            "research_to_sale_ratio": null,
            "price_fair": 7.84,
            "eps_avg_yearly": 0.22,
            "eps_latest_yearly": 0.24,
            "eps_growth_yearly": 133.33
        },
        "20202": {
            "year_quarter": 20202,
            "year": 2020,
            "quarter": 2,
            "eps": 0.02,
            "eps_growth_year": null,
            "eps_4q": -0.02,
            "eps_4q_growth_year": -132.01,
            "roe": 0.12,
            "roe_4q": -0.16,
            "gross_profit": 11632,
            "gross_margin": 3.04,
            "gross_margin_4q_avg": 4.27,
            "net_income": 9774,
            "net_income_4q": null,
            "revenue": 382547,
            "revenue_4q": null,
            "common_shares": 5720008,
            "book_valuer_per_share": 14.63,
            "book_valuer_per_share_4q_avg": 14.78,
            "equity": 8392012,
            "current_ratio": 322.06,
            "debt_ratio": 12.5,
            "inventory_turnover_ratio": 0.56,
            "account_receivable_turnover_ratio": 1.22,
            "reinvestment_rate": -1240.35,
            "research_to_sale_ratio": null,
            "price_fair": 8.75,
            "eps_avg_yearly": 0.25,
            "eps_latest_yearly": 0.24,
            "eps_growth_yearly": 252.38
        },
        "20203": {
            "year_quarter": 20203,
            "year": 2020,
            "quarter": 3,
            "eps": 0.04,
            "eps_growth_year": 100,
            "eps_4q": -0,
            "eps_4q_growth_year": -102.68,
            "roe": 0.28,
            "roe_4q": -0.03999999999999998,
            "gross_profit": 18655,
            "gross_margin": 5.09,
            "gross_margin_4q_avg": 4.34,
            "net_income": 23235,
            "net_income_4q": null,
            "revenue": 366532,
            "revenue_4q": null,
            "common_shares": 5720008,
            "book_valuer_per_share": 14.77,
            "book_valuer_per_share_4q_avg": 14.74,
            "equity": 8480856,
            "current_ratio": 339.87,
            "debt_ratio": 11.81,
            "inventory_turnover_ratio": 0.46,
            "account_receivable_turnover_ratio": 1.15,
            "reinvestment_rate": -919.67,
            "research_to_sale_ratio": null,
            "price_fair": 8.12,
            "eps_avg_yearly": 0.23,
            "eps_latest_yearly": 0.16,
            "eps_growth_yearly": 281.9
        },
        "20204": {
            "year_quarter": 20204,
            "year": 2020,
            "quarter": 4,
            "eps": 0.03,
            "eps_growth_year": null,
            "eps_4q": 0.04,
            "eps_4q_growth_year": -33.13,
            "roe": 0.17,
            "roe_4q": 0.20000000000000007,
            "gross_profit": 28250,
            "gross_margin": 6.22,
            "gross_margin_4q_avg": 4.16,
            "net_income": 14881,
            "net_income_4q": null,
            "revenue": 453963,
            "revenue_4q": null,
            "common_shares": 5720008,
            "book_valuer_per_share": 14.9,
            "book_valuer_per_share_4q_avg": 14.73,
            "equity": 8548719,
            "current_ratio": 271.27,
            "debt_ratio": 13.35,
            "inventory_turnover_ratio": 0.49,
            "account_receivable_turnover_ratio": 1.22,
            "reinvestment_rate": -697.2,
            "research_to_sale_ratio": null,
            "price_fair": 7.47,
            "eps_avg_yearly": 0.21,
            "eps_latest_yearly": 0.12,
            "eps_growth_yearly": 218.25
        },
        "20211": {
            "year_quarter": 20211,
            "year": 2021,
            "quarter": 1,
            "eps": 0.03,
            "eps_growth_year": null,
            "eps_4q": 0.12,
            "eps_4q_growth_year": null,
            "roe": 0.17,
            "roe_4q": 0.7400000000000001,
            "gross_profit": 25329,
            "gross_margin": 6.54,
            "gross_margin_4q_avg": 5.22,
            "net_income": 14207,
            "net_income_4q": null,
            "revenue": 387342,
            "revenue_4q": null,
            "common_shares": 5720008,
            "book_valuer_per_share": 14.95,
            "book_valuer_per_share_4q_avg": 14.81,
            "equity": 8587912,
            "current_ratio": 274.49,
            "debt_ratio": 13.4,
            "inventory_turnover_ratio": 0.4,
            "account_receivable_turnover_ratio": 0.99,
            "reinvestment_rate": -835.05,
            "research_to_sale_ratio": null,
            "price_fair": 7,
            "eps_avg_yearly": 0.2,
            "eps_latest_yearly": 0.12,
            "eps_growth_yearly": 187.07
        },
        "20212": {
            "year_quarter": 20212,
            "year": 2021,
            "quarter": 2,
            "eps": 0.05,
            "eps_growth_year": 150,
            "eps_4q": 0.15,
            "eps_4q_growth_year": null,
            "roe": 0.29,
            "roe_4q": 0.91,
            "gross_profit": 54285,
            "gross_margin": 9.91,
            "gross_margin_4q_avg": 6.94,
            "net_income": 25345,
            "net_income_4q": null,
            "revenue": 547777,
            "revenue_4q": null,
            "common_shares": 5720008,
            "book_valuer_per_share": 15.07,
            "book_valuer_per_share_4q_avg": 14.92,
            "equity": 8674384,
            "current_ratio": 128.6,
            "debt_ratio": 18.89,
            "inventory_turnover_ratio": 0.55,
            "account_receivable_turnover_ratio": 1.64,
            "reinvestment_rate": -247.43,
            "research_to_sale_ratio": null,
            "price_fair": 7,
            "eps_avg_yearly": 0.2,
            "eps_latest_yearly": 0.2,
            "eps_growth_yearly": 197.02
        },
        "20213": {
            "year_quarter": 20213,
            "year": 2021,
            "quarter": 3,
            "eps": 0.14,
            "eps_growth_year": 250,
            "eps_4q": 0.24,
            "eps_4q_growth_year": null,
            "roe": 0.88,
            "roe_4q": 1.5099999999999998,
            "gross_profit": 3872,
            "gross_margin": 0.95,
            "gross_margin_4q_avg": 5.91,
            "net_income": 76097,
            "net_income_4q": null,
            "revenue": 408540,
            "revenue_4q": null,
            "common_shares": 5720008,
            "book_valuer_per_share": 14.98,
            "book_valuer_per_share_4q_avg": 14.98,
            "equity": 8627432,
            "current_ratio": 128.5,
            "debt_ratio": 18.13,
            "inventory_turnover_ratio": 0.47,
            "account_receivable_turnover_ratio": 1.49,
            "reinvestment_rate": -160.04,
            "research_to_sale_ratio": null,
            "price_fair": 8.4,
            "eps_avg_yearly": 0.24,
            "eps_latest_yearly": 0.56,
            "eps_growth_yearly": 255.13
        },
        "20214": {
            "year_quarter": 20214,
            "year": 2021,
            "quarter": 4,
            "eps": 0.03,
            "eps_growth_year": 13.33,
            "eps_4q": 0.25,
            "eps_4q_growth_year": 531.76,
            "roe": 0.21,
            "roe_4q": 1.55,
            "gross_profit": 51082,
            "gross_margin": 10.15,
            "gross_margin_4q_avg": 6.89,
            "net_income": 18162,
            "net_income_4q": null,
            "revenue": 503126,
            "revenue_4q": null,
            "common_shares": 5720008,
            "book_valuer_per_share": 15.13,
            "book_valuer_per_share_4q_avg": 15.03,
            "equity": 8710709,
            "current_ratio": 121.98,
            "debt_ratio": 20.51,
            "inventory_turnover_ratio": 0.53,
            "account_receivable_turnover_ratio": 1.7,
            "reinvestment_rate": -135.62,
            "research_to_sale_ratio": null,
            "price_fair": 7.47,
            "eps_avg_yearly": 0.21,
            "eps_latest_yearly": 0.12,
            "eps_growth_yearly": 131.32
        },
        "20221": {
            "year_quarter": 20221,
            "year": 2022,
            "quarter": 1,
            "eps": 0.05,
            "eps_growth_year": 66.67,
            "eps_4q": 0.27,
            "eps_4q_growth_year": 123.89,
            "roe": 0.32,
            "roe_4q": 1.7000000000000002,
            "gross_profit": 51079,
            "gross_margin": 11.52,
            "gross_margin_4q_avg": 8.13,
            "net_income": 27624,
            "net_income_4q": null,
            "revenue": 443221,
            "revenue_4q": null,
            "common_shares": 5720008,
            "book_valuer_per_share": 15.23,
            "book_valuer_per_share_4q_avg": 15.1,
            "equity": 8762290,
            "current_ratio": 123.09,
            "debt_ratio": 21.27,
            "inventory_turnover_ratio": 0.46,
            "account_receivable_turnover_ratio": 1.34,
            "reinvestment_rate": 347.67,
            "research_to_sale_ratio": null,
            "price_fair": 7.78,
            "eps_avg_yearly": 0.22,
            "eps_latest_yearly": 0.2,
            "eps_growth_yearly": 190.58
        },
        "20222": {
            "year_quarter": 20222,
            "year": 2022,
            "quarter": 2,
            "eps": -0.1,
            "eps_growth_year": -300,
            "eps_4q": 0.12,
            "eps_4q_growth_year": -21.24,
            "roe": -0.74,
            "roe_4q": 0.67,
            "gross_profit": -5462,
            "gross_margin": -1.77,
            "gross_margin_4q_avg": 5.21,
            "net_income": -63861,
            "net_income_4q": null,
            "revenue": 309290,
            "revenue_4q": null,
            "common_shares": 5720008,
            "book_valuer_per_share": 14.79,
            "book_valuer_per_share_4q_avg": 15.03,
            "equity": 8559576,
            "current_ratio": 111.43,
            "debt_ratio": 23.55,
            "inventory_turnover_ratio": 0.35,
            "account_receivable_turnover_ratio": 1.08,
            "reinvestment_rate": 563.34,
            "research_to_sale_ratio": null,
            "price_fair": 7.53,
            "eps_avg_yearly": 0.22,
            "eps_latest_yearly": 0.2,
            "eps_growth_yearly": 147.74
        },
        "20223": {
            "year_quarter": 20223,
            "year": 2022,
            "quarter": 3,
            "eps": 0.12,
            "eps_growth_year": -14.29,
            "eps_4q": 0.11,
            "eps_4q_growth_year": -56.33,
            "roe": 0.61,
            "roe_4q": 0.4,
            "gross_profit": 53071,
            "gross_margin": 11.09,
            "gross_margin_4q_avg": 7.75,
            "net_income": 52130,
            "net_income_4q": null,
            "revenue": 478502,
            "revenue_4q": null,
            "common_shares": 5720008,
            "book_valuer_per_share": 14.87,
            "book_valuer_per_share_4q_avg": 15.01,
            "equity": 8584821,
            "current_ratio": 111.38,
            "debt_ratio": 23.89,
            "inventory_turnover_ratio": 0.44,
            "account_receivable_turnover_ratio": 1.58,
            "reinvestment_rate": 491.38,
            "research_to_sale_ratio": null,
            "price_fair": 7.4,
            "eps_avg_yearly": 0.21,
            "eps_latest_yearly": 0.2,
            "eps_growth_yearly": 177.01
        },
        "20224": {
            "year_quarter": 20224,
            "year": 2022,
            "quarter": 4,
            "eps": 0.19,
            "eps_growth_year": 467.53,
            "eps_4q": 0.26,
            "eps_4q_growth_year": 6.47,
            "roe": 1.07,
            "roe_4q": 1.2600000000000002,
            "gross_profit": 22591,
            "gross_margin": 4.01,
            "gross_margin_4q_avg": 6.21,
            "net_income": 92231,
            "net_income_4q": null,
            "revenue": 563002,
            "revenue_4q": null,
            "common_shares": 5720008,
            "book_valuer_per_share": 15.15,
            "book_valuer_per_share_4q_avg": 15.01,
            "equity": 8726668,
            "current_ratio": 104.41,
            "debt_ratio": 27.22,
            "inventory_turnover_ratio": 0.54,
            "account_receivable_turnover_ratio": 1.55,
            "reinvestment_rate": 390.66,
            "research_to_sale_ratio": null,
            "price_fair": 9.8,
            "eps_avg_yearly": 0.28,
            "eps_latest_yearly": 0.76,
            "eps_growth_yearly": 184.05
        },
        "20231": {
            "year_quarter": 20231,
            "year": 2023,
            "quarter": 1,
            "eps": 0.06,
            "eps_growth_year": 20,
            "eps_4q": 0.27,
            "eps_4q_growth_year": -0.08,
            "roe": 0.22,
            "roe_4q": 1.16,
            "gross_profit": 48909,
            "gross_margin": 9.26,
            "gross_margin_4q_avg": 5.65,
            "net_income": 19301,
            "net_income_4q": null,
            "revenue": 528054,
            "revenue_4q": null,
            "common_shares": 5720008,
            "book_valuer_per_share": 15.28,
            "book_valuer_per_share_4q_avg": 15.02,
            "equity": 8788935,
            "current_ratio": 104.86,
            "debt_ratio": 27.76,
            "inventory_turnover_ratio": 0.46,
            "account_receivable_turnover_ratio": 1.38,
            "reinvestment_rate": 414.68,
            "research_to_sale_ratio": null,
            "price_fair": 9.64,
            "eps_avg_yearly": 0.28,
            "eps_latest_yearly": 0.24,
            "eps_growth_yearly": 133.19
        },
        "20232": {
            "year_quarter": 20232,
            "year": 2023,
            "quarter": 2,
            "eps": 0.12,
            "eps_growth_year": null,
            "eps_4q": 0.49,
            "eps_4q_growth_year": 317.92,
            "roe": 0.74,
            "roe_4q": 2.64,
            "gross_profit": 98144,
            "gross_margin": 15.95,
            "gross_margin_4q_avg": 10.08,
            "net_income": 65494,
            "net_income_4q": null,
            "revenue": 615383,
            "revenue_4q": null,
            "common_shares": 5720008,
            "book_valuer_per_share": 15.48,
            "book_valuer_per_share_4q_avg": 15.2,
            "equity": 8902427,
            "current_ratio": 130.74,
            "debt_ratio": 28.6,
            "inventory_turnover_ratio": 0.47,
            "account_receivable_turnover_ratio": 1.43,
            "reinvestment_rate": 141.6,
            "research_to_sale_ratio": null,
            "price_fair": 10.36,
            "eps_avg_yearly": 0.3,
            "eps_latest_yearly": 0.48,
            "eps_growth_yearly": 159.87
        },
        "20233": {
            "year_quarter": 20233,
            "year": 2023,
            "quarter": 3,
            "eps": 0.1,
            "eps_growth_year": -16.67,
            "eps_4q": 0.47,
            "eps_4q_growth_year": 340.74,
            "roe": 0.63,
            "roe_4q": 2.66,
            "gross_profit": -32672,
            "gross_margin": -6.56,
            "gross_margin_4q_avg": 5.67,
            "net_income": 56108,
            "net_income_4q": null,
            "revenue": 498086,
            "revenue_4q": null,
            "common_shares": 5720008,
            "book_valuer_per_share": 15.63,
            "book_valuer_per_share_4q_avg": 15.39,
            "equity": 8984191,
            "current_ratio": 159.06,
            "debt_ratio": 21.62,
            "inventory_turnover_ratio": 0.48,
            "account_receivable_turnover_ratio": 1.07,
            "reinvestment_rate": 127.89,
            "research_to_sale_ratio": null,
            "price_fair": 10.69,
            "eps_avg_yearly": 0.31,
            "eps_latest_yearly": 0.4,
            "eps_growth_yearly": 139.28
        },
        "20234": {
            "year_quarter": 20234,
            "year": 2023,
            "quarter": 4,
            "eps": -0.01,
            "eps_growth_year": -107.15,
            "eps_4q": 0.26,
            "eps_4q_growth_year": 0.32,
            "roe": 0.17,
            "roe_4q": 1.76,
            "gross_profit": 89498,
            "gross_margin": 14.16,
            "gross_margin_4q_avg": 8.2,
            "net_income": 15150,
            "net_income_4q": null,
            "revenue": 631995,
            "revenue_4q": null,
            "common_shares": 5720008,
            "book_valuer_per_share": 15.66,
            "book_valuer_per_share_4q_avg": 15.51,
            "equity": 9025238,
            "current_ratio": 142.8,
            "debt_ratio": 23.65,
            "inventory_turnover_ratio": 0.47,
            "account_receivable_turnover_ratio": 1.18,
            "reinvestment_rate": 164.78,
            "research_to_sale_ratio": null,
            "price_fair": 10.69,
            "eps_avg_yearly": 0.31,
            "eps_latest_yearly": 0.4,
            "eps_growth_yearly": 139.28
        }
    },
    "months": {
        "2001-10": {
            "month": "2001-10",
            "price": "4.49",
            "revenue": 149323
        },
        "2001-11": {
            "month": "2001-11",
            "price": "4.54",
            "revenue": 168845
        },
        "2001-12": {
            "month": "2001-12",
            "price": "5.18",
            "revenue": 157110
        },
        "2002-01": {
            "month": "2002-01",
            "price": "5.38",
            "revenue": 169101
        },
        "2002-02": {
            "month": "2002-02",
            "price": "5.39",
            "revenue": 92701
        },
        "2002-03": {
            "month": "2002-03",
            "price": "5.74",
            "revenue": 152526
        },
        "2002-04": {
            "month": "2002-04",
            "price": "6.36",
            "revenue": 144844
        },
        "2002-05": {
            "month": "2002-05",
            "price": "5.72",
            "revenue": 122315
        },
        "2002-06": {
            "month": "2002-06",
            "price": "6.10",
            "revenue": 130823
        },
        "2002-07": {
            "month": "2002-07",
            "price": "5.92",
            "revenue": 143262
        },
        "2002-08": {
            "month": "2002-08",
            "price": "5.42",
            "revenue": 148060
        },
        "2002-09": {
            "month": "2002-09",
            "price": "4.97",
            "revenue": 132331
        },
        "2002-10": {
            "month": "2002-10",
            "price": "5.12",
            "revenue": 148947
        },
        "2002-11": {
            "month": "2002-11",
            "price": "5.50",
            "revenue": 140453
        },
        "2002-12": {
            "month": "2002-12",
            "price": "6.46",
            "revenue": 131400
        },
        "2003-01": {
            "month": "2003-01",
            "price": "8.22",
            "revenue": 146551
        },
        "2003-02": {
            "month": "2003-02",
            "price": "6.77",
            "revenue": 98501
        },
        "2003-03": {
            "month": "2003-03",
            "price": "6.37",
            "revenue": 144893
        },
        "2003-04": {
            "month": "2003-04",
            "price": "7.03",
            "revenue": 129255
        },
        "2003-05": {
            "month": "2003-05",
            "price": "6.58",
            "revenue": 131470
        },
        "2003-06": {
            "month": "2003-06",
            "price": "7.01",
            "revenue": 118625
        },
        "2003-07": {
            "month": "2003-07",
            "price": "6.80",
            "revenue": 143199
        },
        "2003-08": {
            "month": "2003-08",
            "price": "6.78",
            "revenue": 149119
        },
        "2003-09": {
            "month": "2003-09",
            "price": "6.60",
            "revenue": 139530
        },
        "2003-10": {
            "month": "2003-10",
            "price": "7.66",
            "revenue": 146941
        },
        "2003-11": {
            "month": "2003-11",
            "price": "7.82",
            "revenue": 144413
        },
        "2003-12": {
            "month": "2003-12",
            "price": "7.71",
            "revenue": 151475
        },
        "2004-01": {
            "month": "2004-01",
            "price": "8.69",
            "revenue": 128079
        },
        "2004-02": {
            "month": "2004-02",
            "price": "11.36",
            "revenue": 151494
        },
        "2004-03": {
            "month": "2004-03",
            "price": "11.18",
            "revenue": 165309
        },
        "2004-04": {
            "month": "2004-04",
            "price": "10.20",
            "revenue": 157003
        },
        "2004-05": {
            "month": "2004-05",
            "price": "8.78",
            "revenue": 155977
        },
        "2004-06": {
            "month": "2004-06",
            "price": "8.62",
            "revenue": 149798
        },
        "2004-07": {
            "month": "2004-07",
            "price": "8.66",
            "revenue": 150306
        },
        "2004-08": {
            "month": "2004-08",
            "price": "8.02",
            "revenue": 148981
        },
        "2004-09": {
            "month": "2004-09",
            "price": "8.67",
            "revenue": 149843
        },
        "2004-10": {
            "month": "2004-10",
            "price": "8.59",
            "revenue": 181993
        },
        "2004-11": {
            "month": "2004-11",
            "price": "8.12",
            "revenue": 187495
        },
        "2004-12": {
            "month": "2004-12",
            "price": "8.11",
            "revenue": 188487
        },
        "2005-01": {
            "month": "2005-01",
            "price": "8.70",
            "revenue": 195701
        },
        "2005-02": {
            "month": "2005-02",
            "price": "8.28",
            "revenue": 124268
        },
        "2005-03": {
            "month": "2005-03",
            "price": "8.11",
            "revenue": 189452
        },
        "2005-04": {
            "month": "2005-04",
            "price": "7.08",
            "revenue": 178292
        },
        "2005-05": {
            "month": "2005-05",
            "price": "6.46",
            "revenue": 169457
        },
        "2005-06": {
            "month": "2005-06",
            "price": "6.96",
            "revenue": 133491
        },
        "2005-07": {
            "month": "2005-07",
            "price": "6.76",
            "revenue": 187692
        },
        "2005-08": {
            "month": "2005-08",
            "price": "6.59",
            "revenue": 182572
        },
        "2005-09": {
            "month": "2005-09",
            "price": "6.16",
            "revenue": 187849
        },
        "2005-10": {
            "month": "2005-10",
            "price": "5.92",
            "revenue": 186502
        },
        "2005-11": {
            "month": "2005-11",
            "price": "5.68",
            "revenue": 187358
        },
        "2005-12": {
            "month": "2005-12",
            "price": "5.92",
            "revenue": 190293
        },
        "2006-01": {
            "month": "2006-01",
            "price": "6.54",
            "revenue": 179691
        },
        "2006-02": {
            "month": "2006-02",
            "price": "6.36",
            "revenue": 134551
        },
        "2006-03": {
            "month": "2006-03",
            "price": "6.15",
            "revenue": 186248
        },
        "2006-04": {
            "month": "2006-04",
            "price": "6.73",
            "revenue": 142106
        },
        "2006-05": {
            "month": "2006-05",
            "price": "7.79",
            "revenue": 156025
        },
        "2006-06": {
            "month": "2006-06",
            "price": "7.07",
            "revenue": 135535
        },
        "2006-07": {
            "month": "2006-07",
            "price": "6.94",
            "revenue": 132475
        },
        "2006-08": {
            "month": "2006-08",
            "price": "6.62",
            "revenue": 163854
        },
        "2006-09": {
            "month": "2006-09",
            "price": "6.61",
            "revenue": 154333
        },
        "2006-10": {
            "month": "2006-10",
            "price": "7.43",
            "revenue": 150920
        },
        "2006-11": {
            "month": "2006-11",
            "price": "8.25",
            "revenue": 138663
        },
        "2006-12": {
            "month": "2006-12",
            "price": "11.20",
            "revenue": 195663
        },
        "2007-01": {
            "month": "2007-01",
            "price": "10.80",
            "revenue": 221178
        },
        "2007-02": {
            "month": "2007-02",
            "price": "9.94",
            "revenue": 143641
        },
        "2007-03": {
            "month": "2007-03",
            "price": "9.84",
            "revenue": 160998
        },
        "2007-04": {
            "month": "2007-04",
            "price": "11.16",
            "revenue": 146702
        },
        "2007-05": {
            "month": "2007-05",
            "price": "11.01",
            "revenue": 153721
        },
        "2007-06": {
            "month": "2007-06",
            "price": "11.16",
            "revenue": 134537
        },
        "2007-07": {
            "month": "2007-07",
            "price": "13.88",
            "revenue": 168040
        },
        "2007-08": {
            "month": "2007-08",
            "price": "13.05",
            "revenue": 103839
        },
        "2007-09": {
            "month": "2007-09",
            "price": "12.78",
            "revenue": 171631
        },
        "2007-10": {
            "month": "2007-10",
            "price": "12.72",
            "revenue": 166865
        },
        "2007-11": {
            "month": "2007-11",
            "price": "11.39",
            "revenue": 172756
        },
        "2007-12": {
            "month": "2007-12",
            "price": "11.26",
            "revenue": 165748
        },
        "2008-01": {
            "month": "2008-01",
            "price": "11.42",
            "revenue": 169274
        },
        "2008-02": {
            "month": "2008-02",
            "price": "12.72",
            "revenue": 117245
        },
        "2008-03": {
            "month": "2008-03",
            "price": "13.32",
            "revenue": 168915
        },
        "2008-04": {
            "month": "2008-04",
            "price": "15.96",
            "revenue": 138427
        },
        "2008-05": {
            "month": "2008-05",
            "price": "16.87",
            "revenue": 161131
        },
        "2008-06": {
            "month": "2008-06",
            "price": "13.55",
            "revenue": 115599
        },
        "2008-07": {
            "month": "2008-07",
            "price": "10.98",
            "revenue": 113457
        },
        "2008-08": {
            "month": "2008-08",
            "price": "10.96",
            "revenue": 133652
        },
        "2008-09": {
            "month": "2008-09",
            "price": "8.41",
            "revenue": 121061
        },
        "2008-10": {
            "month": "2008-10",
            "price": "7.23",
            "revenue": 189241
        },
        "2008-11": {
            "month": "2008-11",
            "price": "7.80",
            "revenue": 167470
        },
        "2008-12": {
            "month": "2008-12",
            "price": "8.63",
            "revenue": 180431
        },
        "2009-01": {
            "month": "2009-01",
            "price": "8.86",
            "revenue": 127719
        },
        "2009-02": {
            "month": "2009-02",
            "price": "8.47",
            "revenue": 118822
        },
        "2009-03": {
            "month": "2009-03",
            "price": "8.28",
            "revenue": 172877
        },
        "2009-04": {
            "month": "2009-04",
            "price": "9.25",
            "revenue": 128955
        },
        "2009-05": {
            "month": "2009-05",
            "price": "10.50",
            "revenue": 137971
        },
        "2009-06": {
            "month": "2009-06",
            "price": "11.32",
            "revenue": 120312
        },
        "2009-07": {
            "month": "2009-07",
            "price": "11.80",
            "revenue": 145973
        },
        "2009-08": {
            "month": "2009-08",
            "price": "11.79",
            "revenue": 140306
        },
        "2009-09": {
            "month": "2009-09",
            "price": "11.74",
            "revenue": 140002
        },
        "2009-10": {
            "month": "2009-10",
            "price": "11.90",
            "revenue": 148253
        },
        "2009-11": {
            "month": "2009-11",
            "price": "11.25",
            "revenue": 132969
        },
        "2009-12": {
            "month": "2009-12",
            "price": "11.26",
            "revenue": 123543
        },
        "2010-01": {
            "month": "2010-01",
            "price": "11.75",
            "revenue": 133687
        },
        "2010-02": {
            "month": "2010-02",
            "price": "10.49",
            "revenue": 78613
        },
        "2010-03": {
            "month": "2010-03",
            "price": "11.34",
            "revenue": 129671
        },
        "2010-04": {
            "month": "2010-04",
            "price": "12.07",
            "revenue": 119016
        },
        "2010-05": {
            "month": "2010-05",
            "price": "11.11",
            "revenue": 127040
        },
        "2010-06": {
            "month": "2010-06",
            "price": "10.89",
            "revenue": 106742
        },
        "2010-07": {
            "month": "2010-07",
            "price": "11.52",
            "revenue": 124873
        },
        "2010-08": {
            "month": "2010-08",
            "price": "12.30",
            "revenue": 114473
        },
        "2010-09": {
            "month": "2010-09",
            "price": "12.43",
            "revenue": 99898
        },
        "2010-10": {
            "month": "2010-10",
            "price": "12.68",
            "revenue": 126547
        },
        "2010-11": {
            "month": "2010-11",
            "price": "12.46",
            "revenue": 137734
        },
        "2010-12": {
            "month": "2010-12",
            "price": "12.84",
            "revenue": 148986
        },
        "2011-01": {
            "month": "2011-01",
            "price": "13.10",
            "revenue": 127459
        },
        "2011-02": {
            "month": "2011-02",
            "price": "11.97",
            "revenue": 88192
        },
        "2011-03": {
            "month": "2011-03",
            "price": "12.27",
            "revenue": 137196
        },
        "2011-04": {
            "month": "2011-04",
            "price": "13.33",
            "revenue": 122392
        },
        "2011-05": {
            "month": "2011-05",
            "price": "12.85",
            "revenue": 116926
        },
        "2011-06": {
            "month": "2011-06",
            "price": "12.09",
            "revenue": 129529
        },
        "2011-07": {
            "month": "2011-07",
            "price": "12.15",
            "revenue": 109222
        },
        "2011-08": {
            "month": "2011-08",
            "price": "11.49",
            "revenue": 95690
        },
        "2011-09": {
            "month": "2011-09",
            "price": "10.52",
            "revenue": 97367
        },
        "2011-10": {
            "month": "2011-10",
            "price": "10.45",
            "revenue": 113734
        },
        "2011-11": {
            "month": "2011-11",
            "price": "10.46",
            "revenue": 130836
        },
        "2011-12": {
            "month": "2011-12",
            "price": "10.08",
            "revenue": 173302
        },
        "2012-01": {
            "month": "2012-01",
            "price": "9.89",
            "revenue": 115318
        },
        "2012-02": {
            "month": "2012-02",
            "price": "11.03",
            "revenue": 129548
        },
        "2012-03": {
            "month": "2012-03",
            "price": "11.76",
            "revenue": 136957
        },
        "2012-04": {
            "month": "2012-04",
            "price": "12.04",
            "revenue": 118461
        },
        "2012-05": {
            "month": "2012-05",
            "price": "11.95",
            "revenue": 124122
        },
        "2012-06": {
            "month": "2012-06",
            "price": "11.79",
            "revenue": 99248
        },
        "2012-07": {
            "month": "2012-07",
            "price": "11.84",
            "revenue": 142873
        },
        "2012-08": {
            "month": "2012-08",
            "price": "12.33",
            "revenue": 114224
        },
        "2012-09": {
            "month": "2012-09",
            "price": "13.67",
            "revenue": 141108
        },
        "2012-10": {
            "month": "2012-10",
            "price": "13.09",
            "revenue": 175008
        },
        "2012-11": {
            "month": "2012-11",
            "price": "12.53",
            "revenue": 171133
        },
        "2012-12": {
            "month": "2012-12",
            "price": "13.35",
            "revenue": 165428
        },
        "2013-01": {
            "month": "2013-01",
            "price": "13.71",
            "revenue": 179660
        },
        "2013-02": {
            "month": "2013-02",
            "price": "13.45",
            "revenue": 113585
        },
        "2013-03": {
            "month": "2013-03",
            "price": "13.70",
            "revenue": 166981
        },
        "2013-04": {
            "month": "2013-04",
            "price": "14.08",
            "revenue": 171547
        },
        "2013-05": {
            "month": "2013-05",
            "price": "14.46",
            "revenue": 161033
        },
        "2013-06": {
            "month": "2013-06",
            "price": "15.38",
            "revenue": 155070
        },
        "2013-07": {
            "month": "2013-07",
            "price": "15.40",
            "revenue": 184526
        },
        "2013-08": {
            "month": "2013-08",
            "price": "14.94",
            "revenue": 154518
        },
        "2013-09": {
            "month": "2013-09",
            "price": "15.62",
            "revenue": 161952
        },
        "2013-10": {
            "month": "2013-10",
            "price": "16.44",
            "revenue": 188902
        },
        "2013-11": {
            "month": "2013-11",
            "price": "16.77",
            "revenue": 182625
        },
        "2013-12": {
            "month": "2013-12",
            "price": "17.17",
            "revenue": 204062
        },
        "2014-01": {
            "month": "2014-01",
            "price": "17.28",
            "revenue": 180997
        },
        "2014-02": {
            "month": "2014-02",
            "price": "16.88",
            "revenue": 136914
        },
        "2014-03": {
            "month": "2014-03",
            "price": "16.93",
            "revenue": 177810
        },
        "2014-04": {
            "month": "2014-04",
            "price": "16.58",
            "revenue": 178352
        },
        "2014-05": {
            "month": "2014-05",
            "price": "15.99",
            "revenue": 169148
        },
        "2014-06": {
            "month": "2014-06",
            "price": "15.61",
            "revenue": 161089
        },
        "2014-07": {
            "month": "2014-07",
            "price": "15.81",
            "revenue": 161173
        },
        "2014-08": {
            "month": "2014-08",
            "price": "15.99",
            "revenue": 139921
        },
        "2014-09": {
            "month": "2014-09",
            "price": "16.29",
            "revenue": 180353
        },
        "2014-10": {
            "month": "2014-10",
            "price": "15.43",
            "revenue": 196402
        },
        "2014-11": {
            "month": "2014-11",
            "price": "15.77",
            "revenue": 190034
        },
        "2014-12": {
            "month": "2014-12",
            "price": "16.60",
            "revenue": 206019
        },
        "2015-01": {
            "month": "2015-01",
            "price": "16.29",
            "revenue": 189102
        },
        "2015-02": {
            "month": "2015-02",
            "price": "16.48",
            "revenue": 121668
        },
        "2015-03": {
            "month": "2015-03",
            "price": "16.60",
            "revenue": 164664
        },
        "2015-04": {
            "month": "2015-04",
            "price": "16.77",
            "revenue": 167054
        },
        "2015-05": {
            "month": "2015-05",
            "price": "17.06",
            "revenue": 148426
        },
        "2015-06": {
            "month": "2015-06",
            "price": "15.08",
            "revenue": 167928
        },
        "2015-07": {
            "month": "2015-07",
            "price": "14.38",
            "revenue": 147765
        },
        "2015-08": {
            "month": "2015-08",
            "price": "13.46",
            "revenue": 126418
        },
        "2015-09": {
            "month": "2015-09",
            "price": "13.86",
            "revenue": 138827
        },
        "2015-10": {
            "month": "2015-10",
            "price": "15.35",
            "revenue": 149670
        },
        "2015-11": {
            "month": "2015-11",
            "price": "15.14",
            "revenue": 161982
        },
        "2015-12": {
            "month": "2015-12",
            "price": "14.70",
            "revenue": 173766
        },
        "2016-01": {
            "month": "2016-01",
            "price": "14.20",
            "revenue": 140339
        },
        "2016-02": {
            "month": "2016-02",
            "price": "14.48",
            "revenue": 99952
        },
        "2016-03": {
            "month": "2016-03",
            "price": "15.00",
            "revenue": 143256
        },
        "2016-04": {
            "month": "2016-04",
            "price": "15.53",
            "revenue": 146295
        },
        "2016-05": {
            "month": "2016-05",
            "price": "14.85",
            "revenue": 138201
        },
        "2016-06": {
            "month": "2016-06",
            "price": "15.27",
            "revenue": 119422
        },
        "2016-07": {
            "month": "2016-07",
            "price": "15.30",
            "revenue": 113528
        },
        "2016-08": {
            "month": "2016-08",
            "price": "15.44",
            "revenue": 103040
        },
        "2016-09": {
            "month": "2016-09",
            "price": "15.42",
            "revenue": 83555
        },
        "2016-10": {
            "month": "2016-10",
            "price": "15.16",
            "revenue": 110525
        },
        "2016-11": {
            "month": "2016-11",
            "price": "15.07",
            "revenue": 137849
        },
        "2016-12": {
            "month": "2016-12",
            "price": "15.41",
            "revenue": 142422
        },
        "2017-01": {
            "month": "2017-01",
            "price": "15.59",
            "revenue": 104003
        },
        "2017-02": {
            "month": "2017-02",
            "price": "15.66",
            "revenue": 115850
        },
        "2017-03": {
            "month": "2017-03",
            "price": "16.19",
            "revenue": 132814
        },
        "2017-04": {
            "month": "2017-04",
            "price": "16.38",
            "revenue": 113910
        },
        "2017-05": {
            "month": "2017-05",
            "price": "16.02",
            "revenue": 110025
        },
        "2017-06": {
            "month": "2017-06",
            "price": "15.53",
            "revenue": 107913
        },
        "2017-07": {
            "month": "2017-07",
            "price": "15.20",
            "revenue": 113787
        },
        "2017-08": {
            "month": "2017-08",
            "price": "15.09",
            "revenue": 110747
        },
        "2017-09": {
            "month": "2017-09",
            "price": "15.01",
            "revenue": 122257
        },
        "2017-10": {
            "month": "2017-10",
            "price": "14.87",
            "revenue": 170205
        },
        "2017-11": {
            "month": "2017-11",
            "price": "14.14",
            "revenue": 183382
        },
        "2017-12": {
            "month": "2017-12",
            "price": "14.07",
            "revenue": 221910
        },
        "2018-01": {
            "month": "2018-01",
            "price": "14.23",
            "revenue": 153308
        },
        "2018-02": {
            "month": "2018-02",
            "price": "14.00",
            "revenue": 97264
        },
        "2018-03": {
            "month": "2018-03",
            "price": "13.95",
            "revenue": 161920
        },
        "2018-04": {
            "month": "2018-04",
            "price": "13.94",
            "revenue": 117755
        },
        "2018-05": {
            "month": "2018-05",
            "price": "13.90",
            "revenue": 142543
        },
        "2018-06": {
            "month": "2018-06",
            "price": "14.08",
            "revenue": 119405
        },
        "2018-07": {
            "month": "2018-07",
            "price": "14.00",
            "revenue": 157245
        },
        "2018-08": {
            "month": "2018-08",
            "price": "13.95",
            "revenue": 98994
        },
        "2018-09": {
            "month": "2018-09",
            "price": "13.92",
            "revenue": 127730
        },
        "2018-10": {
            "month": "2018-10",
            "price": "13.88",
            "revenue": 177767
        },
        "2018-11": {
            "month": "2018-11",
            "price": "13.89",
            "revenue": 138622
        },
        "2018-12": {
            "month": "2018-12",
            "price": "14.73",
            "revenue": 183634
        },
        "2019-01": {
            "month": "2019-01",
            "price": "15.91",
            "revenue": 186293
        },
        "2019-02": {
            "month": "2019-02",
            "price": "16.36",
            "revenue": 82927
        },
        "2019-03": {
            "month": "2019-03",
            "price": "16.36",
            "revenue": 147819
        },
        "2019-04": {
            "month": "2019-04",
            "price": "16.28",
            "revenue": 118229
        },
        "2019-05": {
            "month": "2019-05",
            "price": "16.20",
            "revenue": 132249
        },
        "2019-06": {
            "month": "2019-06",
            "price": "16.61",
            "revenue": 114080
        },
        "2019-07": {
            "month": "2019-07",
            "price": "16.69",
            "revenue": 114772
        },
        "2019-08": {
            "month": "2019-08",
            "price": "16.54",
            "revenue": 120521
        },
        "2019-09": {
            "month": "2019-09",
            "price": "16.59",
            "revenue": 121926
        },
        "2019-10": {
            "month": "2019-10",
            "price": "17.04",
            "revenue": 143344
        },
        "2019-11": {
            "month": "2019-11",
            "price": "16.99",
            "revenue": 151996
        },
        "2019-12": {
            "month": "2019-12",
            "price": "17.11",
            "revenue": 150784
        },
        "2020-01": {
            "month": "2020-01",
            "price": "17.23",
            "revenue": 126262
        },
        "2020-02": {
            "month": "2020-02",
            "price": "16.87",
            "revenue": 115270
        },
        "2020-03": {
            "month": "2020-03",
            "price": "15.66",
            "revenue": 146412
        },
        "2020-04": {
            "month": "2020-04",
            "price": "15.80",
            "revenue": 145822
        },
        "2020-05": {
            "month": "2020-05",
            "price": "15.98",
            "revenue": 106356
        },
        "2020-06": {
            "month": "2020-06",
            "price": "16.30",
            "revenue": 130369
        },
        "2020-07": {
            "month": "2020-07",
            "price": "16.38",
            "revenue": 124643
        },
        "2020-08": {
            "month": "2020-08",
            "price": "16.23",
            "revenue": 98636
        },
        "2020-09": {
            "month": "2020-09",
            "price": "16.36",
            "revenue": 143254
        },
        "2020-10": {
            "month": "2020-10",
            "price": "16.74",
            "revenue": 143594
        },
        "2020-11": {
            "month": "2020-11",
            "price": "17.11",
            "revenue": 149741
        },
        "2020-12": {
            "month": "2020-12",
            "price": "17.63",
            "revenue": 160628
        },
        "2021-01": {
            "month": "2021-01",
            "price": "17.80",
            "revenue": 137866
        },
        "2021-02": {
            "month": "2021-02",
            "price": "16.96",
            "revenue": 103108
        },
        "2021-03": {
            "month": "2021-03",
            "price": "16.19",
            "revenue": 146368
        },
        "2021-04": {
            "month": "2021-04",
            "price": "17.35",
            "revenue": 143902
        },
        "2021-05": {
            "month": "2021-05",
            "price": "16.34",
            "revenue": 141730
        },
        "2021-06": {
            "month": "2021-06",
            "price": "15.67",
            "revenue": 262145
        },
        "2021-07": {
            "month": "2021-07",
            "price": "17.28",
            "revenue": 159247
        },
        "2021-08": {
            "month": "2021-08",
            "price": "17.63",
            "revenue": 109276
        },
        "2021-09": {
            "month": "2021-09",
            "price": "19.70",
            "revenue": 140017
        },
        "2021-10": {
            "month": "2021-10",
            "price": "20.07",
            "revenue": 151364
        },
        "2021-11": {
            "month": "2021-11",
            "price": "20.22",
            "revenue": 160698
        },
        "2021-12": {
            "month": "2021-12",
            "price": "19.94",
            "revenue": 184874
        },
        "2022-01": {
            "month": "2022-01",
            "price": "19.66",
            "revenue": 166858
        },
        "2022-02": {
            "month": "2022-02",
            "price": "19.22",
            "revenue": 97391
        },
        "2022-03": {
            "month": "2022-03",
            "price": "20.35",
            "revenue": 178972
        },
        "2022-04": {
            "month": "2022-04",
            "price": "20.33",
            "revenue": 114127
        },
        "2022-05": {
            "month": "2022-05",
            "price": "20.11",
            "revenue": 89660
        },
        "2022-06": {
            "month": "2022-06",
            "price": "19.75",
            "revenue": 115133
        },
        "2022-07": {
            "month": "2022-07",
            "price": "18.44",
            "revenue": 134470
        },
        "2022-08": {
            "month": "2022-08",
            "price": "18.12",
            "revenue": 176935
        },
        "2022-09": {
            "month": "2022-09",
            "price": "18.25",
            "revenue": 157462
        },
        "2022-10": {
            "month": "2022-10",
            "price": "17.50",
            "revenue": 197515
        },
        "2022-11": {
            "month": "2022-11",
            "price": "17.95",
            "revenue": 198316
        },
        "2022-12": {
            "month": "2022-12",
            "price": "17.82",
            "revenue": 167733
        },
        "2023-01": {
            "month": "2023-01",
            "price": "18.20",
            "revenue": 137873
        },
        "2023-02": {
            "month": "2023-02",
            "price": "17.92",
            "revenue": 174115
        },
        "2023-03": {
            "month": "2023-03",
            "price": "17.76",
            "revenue": 216150
        },
        "2023-04": {
            "month": "2023-04",
            "price": "18.11",
            "revenue": 219472
        },
        "2023-05": {
            "month": "2023-05",
            "price": "19.02",
            "revenue": 213937
        },
        "2023-06": {
            "month": "2023-06",
            "price": "19.04",
            "revenue": 181890
        },
        "2023-07": {
            "month": "2023-07",
            "price": "19.40",
            "revenue": 168514
        },
        "2023-08": {
            "month": "2023-08",
            "price": "19.25",
            "revenue": 160207
        },
        "2023-09": {
            "month": "2023-09",
            "price": "18.91",
            "revenue": 169364
        },
        "2023-10": {
            "month": "2023-10",
            "price": "18.52",
            "revenue": 191120
        },
        "2023-11": {
            "month": "2023-11",
            "price": "18.62",
            "revenue": 229619
        },
        "2023-12": {
            "month": "2023-12",
            "price": "18.90",
            "revenue": 211257
        },
        "2024-01": {
            "month": "2024-01",
            "price": "18.56",
            "revenue": 180539
        },
        "2024-02": {
            "month": "2024-02",
            "price": "18.20",
            "revenue": 175185
        }
    }
}
