{
    "summary": {
        "stock_name": "味全",
        "stock_id": "1201",
        "category": "食品",
        "main_business": "食品製造及販賣",
        "website_url": "http://www.weichuan.com.tw",
        "ceo": "張教華",
        "pe_ratio": 67,
        "report_year_from": 2001,
        "report_year_to": 2023,
        "age": 23,
        "eps_negative_percentage": 22,
        "eps_growth_avg": {
            "last_all": -2.73,
            "last_2y": -20.84,
            "last_4y": -16.9,
            "last_8y": -6.19,
            "last_12y": -16.84,
            "last_16y": -1.47,
            "last_20y": -2.73,
            "at_2006_last_3y": -8.62,
            "at_2007_last_3y": -16.57,
            "at_2008_last_3y": 22.38,
            "at_2009_last_3y": 24.24,
            "at_2010_last_3y": 36.95,
            "at_2011_last_3y": 22.04,
            "at_2012_last_3y": 20.81,
            "at_2013_last_3y": 17.19,
            "at_2014_last_3y": -32.81,
            "at_2015_last_3y": -24.24,
            "at_2016_last_3y": -42.33,
            "at_2017_last_3y": -100,
            "at_2018_last_3y": 47.33,
            "at_2019_last_3y": 43.09,
            "at_2020_last_3y": 8.46,
            "at_2021_last_3y": 5.39,
            "at_2022_last_3y": -19.56,
            "at_2023_last_3y": -30.84,
            "at_2024_last_3y": -30.84,
            "at_2006_last_all": -8.62,
            "at_2007_last_all": -6.18,
            "at_2008_last_all": -1.57,
            "at_2009_last_all": 3.66,
            "at_2010_last_all": 17.42,
            "at_2011_last_all": 7.93,
            "at_2012_last_all": 8.38,
            "at_2013_last_all": 9.07,
            "at_2014_last_all": -0.84,
            "at_2015_last_all": -0.84,
            "at_2016_last_all": -0.84,
            "at_2017_last_all": -0.84,
            "at_2018_last_all": 3.17,
            "at_2019_last_all": 5.92,
            "at_2020_last_all": 1.15,
            "at_2021_last_all": 0.82,
            "at_2022_last_all": -2.51,
            "at_2023_last_all": -2.73,
            "at_2024_last_all": -2.73
        },
        "latest_eps": 0.28,
        "latest_price": 18.65,
        "latest_roe": 1.92,
        "latest_gross_margin": 27.41,
        "latest_equity": 7400670,
        "latest_revenue": 5956412,
        "latest_gross_profit": 1632489,
        "latest_net_income": 62232,
        "latest_debt_ratio": 60.91,
        "latest_current_ratio": 96.19,
        "latest_account_receivable_turnover_ratio": 2.03,
        "latest_inventory_turnover_ratio": 2.49,
        "latest_reinvestment_rate": -78.88,
        "latest_research_to_sale_ratio": 1.07
    },
    "eps_dividends": {
        "1990": {
            "cash": 0,
            "stock": 1.5,
            "eps": 0
        },
        "1991": {
            "cash": 0.8,
            "stock": 0.5,
            "eps": 0
        },
        "1994": {
            "cash": 0,
            "stock": 1.2,
            "eps": 0
        },
        "1996": {
            "cash": 0,
            "stock": 1,
            "eps": 0
        },
        "1997": {
            "cash": 0,
            "stock": 0.8,
            "eps": 0
        },
        "2001": {
            "cash": 0,
            "stock": 0,
            "eps": -0.77
        },
        "2002": {
            "cash": 0,
            "stock": 0,
            "eps": 0.12
        },
        "2003": {
            "cash": 0,
            "stock": 0,
            "eps": 0.15
        },
        "2004": {
            "cash": 0,
            "stock": 0,
            "eps": -1.91
        },
        "2005": {
            "cash": 0,
            "stock": 0,
            "eps": 0.59
        },
        "2006": {
            "cash": 0,
            "stock": 0,
            "eps": 0.88
        },
        "2007": {
            "cash": 0,
            "stock": 0,
            "eps": 0.89
        },
        "2008": {
            "cash": 0,
            "stock": 0,
            "eps": 1.04
        },
        "2009": {
            "cash": 0,
            "stock": 0,
            "eps": 1.35
        },
        "2010": {
            "cash": 0.6,
            "stock": 0,
            "eps": 3.23
        },
        "2011": {
            "cash": 1.2,
            "stock": 0,
            "eps": 1.34
        },
        "2012": {
            "cash": 0,
            "stock": 0,
            "eps": 1.5
        },
        "2013": {
            "cash": 0.6,
            "stock": 0,
            "eps": 1.73
        },
        "2014": {
            "cash": 0.6,
            "stock": 0,
            "eps": -0.47
        },
        "2015": {
            "cash": 0,
            "stock": 0,
            "eps": -3.78
        },
        "2016": {
            "cash": 0,
            "stock": 0,
            "eps": -1.54
        },
        "2017": {
            "cash": 0,
            "stock": 0,
            "eps": 1.31
        },
        "2018": {
            "cash": 0,
            "stock": 0,
            "eps": 1.93
        },
        "2019": {
            "cash": 0.8,
            "stock": 0,
            "eps": 2.68
        },
        "2020": {
            "cash": 1.33,
            "stock": 0,
            "eps": 1.05
        },
        "2021": {
            "cash": 0.53,
            "stock": 0,
            "eps": 1.01
        },
        "2022": {
            "cash": 0.5,
            "stock": 0,
            "eps": 0.48
        },
        "2023": {
            "cash": 0.24,
            "stock": 0,
            "eps": 0.45
        }
    },
    "dividends": {
        "1990-04-28": {
            "cash": 0,
            "stock": 1.5
        },
        "1991-06-24": {
            "cash": 0.8,
            "stock": 0.5
        },
        "1994-06-04": {
            "cash": 0,
            "stock": 1.2
        },
        "1996-06-11": {
            "cash": 0,
            "stock": 1
        },
        "1997-06-28": {
            "cash": 0,
            "stock": 0.8
        },
        "2010-03-30": {
            "cash": 0.6,
            "stock": 0
        },
        "2011-01-01": {
            "cash": 0.6,
            "stock": 0
        },
        "2011-04-07": {
            "cash": 0.6,
            "stock": 0
        },
        "2013-03-28": {
            "cash": 0.6,
            "stock": 0
        },
        "2014-06-26": {
            "cash": 0.6,
            "stock": 0
        },
        "2019-08-27": {
            "cash": 0.8,
            "stock": 0
        },
        "2020-08-19": {
            "cash": 1.33,
            "stock": 0
        },
        "2021-10-06": {
            "cash": 0.53,
            "stock": 0
        },
        "2022-08-24": {
            "cash": 0.5,
            "stock": 0
        },
        "2023-07-18": {
            "cash": 0.24,
            "stock": 0
        }
    },
    "prices": {
        "200101": "7.74",
        "200102": "8.72",
        "200103": "11.34",
        "200104": "11.53",
        "200105": "9.22",
        "200106": "9.08",
        "200107": "8.14",
        "200108": "7.42",
        "200109": "6.26",
        "200110": "5.05",
        "200111": "5.02",
        "200112": "5.79",
        "200201": "6.52",
        "200202": "6.07",
        "200203": "6.60",
        "200204": "7.65",
        "200205": "7.82",
        "200206": "7.78",
        "200207": "7.77",
        "200208": "7.33",
        "200209": "6.48",
        "200210": "6.25",
        "200211": "9.23",
        "200212": "11.43",
        "200301": "13.32",
        "200302": "11.66",
        "200303": "10.34",
        "200304": "9.65",
        "200305": "7.96",
        "200306": "9.22",
        "200307": "9.40",
        "200308": "9.36",
        "200309": "8.66",
        "200310": "9.08",
        "200311": "9.80",
        "200312": "9.37",
        "200401": "12.02",
        "200402": "13.76",
        "200403": "14.36",
        "200404": "15.17",
        "200405": "13.85",
        "200406": "12.62",
        "200407": "12.15",
        "200408": "11.08",
        "200409": "11.71",
        "200410": "11.58",
        "200411": "11.03",
        "200412": "11.33",
        "200501": "11.95",
        "200502": "11.47",
        "200503": "11.15",
        "200504": "9.57",
        "200505": "9.59",
        "200506": "10.68",
        "200507": "10.30",
        "200508": "10.50",
        "200509": "9.61",
        "200510": "8.76",
        "200511": "8.94",
        "200512": "9.53",
        "200601": "9.26",
        "200602": "9.19",
        "200603": "8.67",
        "200604": "9.26",
        "200605": "12.42",
        "200606": "12.33",
        "200607": "11.77",
        "200608": "11.66",
        "200609": "12.14",
        "200610": "14.24",
        "200611": "17.50",
        "200612": "20.08",
        "200701": "23.90",
        "200702": "25.37",
        "200703": "23.60",
        "200704": "26.97",
        "200705": "26.73",
        "200706": "26.44",
        "200707": "27.33",
        "200708": "23.88",
        "200709": "23.54",
        "200710": "23.33",
        "200711": "18.92",
        "200712": "16.77",
        "200801": "18.18",
        "200802": "18.55",
        "200803": "21.05",
        "200804": "22.05",
        "200805": "22.43",
        "200806": "18.59",
        "200807": "16.55",
        "200808": "19.34",
        "200809": "17.29",
        "200810": "16.86",
        "200811": "18.53",
        "200812": "20.17",
        "200901": "21.60",
        "200902": "18.72",
        "200903": "19.15",
        "200904": "25.49",
        "200905": "29.28",
        "200906": "32.81",
        "200907": "41.60",
        "200908": "38.88",
        "200909": "42.52",
        "200910": "44.06",
        "200911": "45.60",
        "200912": "45.16",
        "201001": "40.02",
        "201002": "32.25",
        "201003": "36.53",
        "201004": "37.58",
        "201005": "33.31",
        "201006": "36.41",
        "201007": "37.51",
        "201008": "37.20",
        "201009": "34.67",
        "201010": "36.54",
        "201011": "34.65",
        "201012": "36.04",
        "201101": "36.37",
        "201102": "33.90",
        "201103": "32.35",
        "201104": "32.74",
        "201105": "33.77",
        "201106": "32.01",
        "201107": "34.84",
        "201108": "36.56",
        "201109": "32.46",
        "201110": "30.82",
        "201111": "32.46",
        "201112": "31.99",
        "201201": "32.16",
        "201202": "34.57",
        "201203": "34.57",
        "201204": "32.64",
        "201205": "32.53",
        "201206": "30.19",
        "201207": "30.85",
        "201208": "31.82",
        "201209": "34.71",
        "201210": "33.59",
        "201211": "33.33",
        "201212": "35.07",
        "201301": "40.57",
        "201302": "43.25",
        "201303": "44.82",
        "201304": "43.97",
        "201305": "48.25",
        "201306": "50.33",
        "201307": "55.60",
        "201308": "55.69",
        "201309": "57.60",
        "201310": "57.60",
        "201311": "48.42",
        "201312": "50.58",
        "201401": "49.64",
        "201402": "49.51",
        "201403": "47.78",
        "201404": "45.31",
        "201405": "43.83",
        "201406": "45.12",
        "201407": "47.42",
        "201408": "45.09",
        "201409": "38.95",
        "201410": "28.44",
        "201411": "27.35",
        "201412": "25.43",
        "201501": "25.01",
        "201502": "25.28",
        "201503": "25.38",
        "201504": "24.28",
        "201505": "22.60",
        "201506": "20.06",
        "201507": "20.19",
        "201508": "21.29",
        "201509": "19.39",
        "201510": "20.10",
        "201511": "19.27",
        "201512": "17.59",
        "201601": "17.35",
        "201602": "17.95",
        "201603": "20.33",
        "201604": "19.94",
        "201605": "19.15",
        "201606": "20.75",
        "201607": "20.41",
        "201608": "19.75",
        "201609": "18.49",
        "201610": "17.94",
        "201611": "17.76",
        "201612": "17.79",
        "201701": "17.85",
        "201702": "19.21",
        "201703": "18.75",
        "201704": "17.89",
        "201705": "18.88",
        "201706": "18.92",
        "201707": "18.78",
        "201708": "18.64",
        "201709": "18.79",
        "201710": "19.82",
        "201711": "19.60",
        "201712": "19.90",
        "201801": "22.72",
        "201802": "22.35",
        "201803": "23.19",
        "201804": "23.93",
        "201805": "23.15",
        "201806": "23.96",
        "201807": "23.83",
        "201808": "23.25",
        "201809": "22.42",
        "201810": "19.94",
        "201811": "20.72",
        "201812": "22.64",
        "201901": "22.29",
        "201902": "21.50",
        "201903": "23.50",
        "201904": "24.62",
        "201905": "27.95",
        "201906": "31.93",
        "201907": "31.97",
        "201908": "27.34",
        "201909": "26.26",
        "201910": "25.71",
        "201911": "25.27",
        "201912": "24.70",
        "202001": "24.26",
        "202002": "21.88",
        "202003": "19.08",
        "202004": "20.63",
        "202005": "22.12",
        "202006": "22.57",
        "202007": "21.84",
        "202008": "20.40",
        "202009": "20.15",
        "202010": "20.13",
        "202011": "20.65",
        "202012": "21.43",
        "202101": "20.87",
        "202102": "20.39",
        "202103": "21.30",
        "202104": "22.80",
        "202105": "22.06",
        "202106": "21.55",
        "202107": "21.78",
        "202108": "20.97",
        "202109": "21.36",
        "202110": "23.13",
        "202111": "22.39",
        "202112": "22.10",
        "202201": "21.96",
        "202202": "21.86",
        "202203": "21.62",
        "202204": "21.94",
        "202205": "21.13",
        "202206": "20.60",
        "202207": "20.41",
        "202208": "19.96",
        "202209": "19.99",
        "202210": "18.74",
        "202211": "18.77",
        "202212": "19.07",
        "202301": "18.99",
        "202302": "20.19",
        "202303": "20.42",
        "202304": "20.06",
        "202305": "20.31",
        "202306": "20.35",
        "202307": "19.80",
        "202308": "19.22",
        "202309": "18.72",
        "202310": "18.56",
        "202311": "19.01",
        "202312": "19.22"
    },
    "quarters": {
        "20011": {
            "year_quarter": 20011,
            "year": 2001,
            "quarter": 1,
            "eps": 0.41,
            "eps_growth_year": -60.19,
            "eps_4q": -0.62,
            "eps_4q_growth_year": null,
            "roe": 5.18,
            "roe_4q": 5.18,
            "gross_profit": 699031,
            "gross_margin": 35.75,
            "gross_margin_4q_avg": 35.75,
            "net_income": 205914,
            "net_income_4q": null,
            "revenue": 1955433,
            "revenue_4q": null,
            "common_shares": 5060629,
            "book_valuer_per_share": 8.32,
            "book_valuer_per_share_4q_avg": 8.32,
            "equity": 4211564,
            "current_ratio": 64.06,
            "debt_ratio": 67.73,
            "inventory_turnover_ratio": 1.19,
            "account_receivable_turnover_ratio": null,
            "reinvestment_rate": null,
            "research_to_sale_ratio": null,
            "price_fair": 0,
            "eps_avg_yearly": 0,
            "eps_latest_yearly": 0,
            "eps_growth_yearly": 0
        },
        "20012": {
            "year_quarter": 20012,
            "year": 2001,
            "quarter": 2,
            "eps": -0.46,
            "eps_growth_year": null,
            "eps_4q": -0.13,
            "eps_4q_growth_year": null,
            "roe": -5.7,
            "roe_4q": -0.5200000000000005,
            "gross_profit": 814355,
            "gross_margin": 34.09,
            "gross_margin_4q_avg": 34.92,
            "net_income": -233757,
            "net_income_4q": null,
            "revenue": 2388717,
            "revenue_4q": null,
            "common_shares": 5060629,
            "book_valuer_per_share": 7.89,
            "book_valuer_per_share_4q_avg": 8.11,
            "equity": 3994778,
            "current_ratio": 68.84,
            "debt_ratio": 69.53,
            "inventory_turnover_ratio": 1.91,
            "account_receivable_turnover_ratio": null,
            "reinvestment_rate": null,
            "research_to_sale_ratio": null,
            "price_fair": 0,
            "eps_avg_yearly": 0,
            "eps_latest_yearly": 0,
            "eps_growth_yearly": 0
        },
        "20013": {
            "year_quarter": 20013,
            "year": 2001,
            "quarter": 3,
            "eps": -0.36,
            "eps_growth_year": -3700,
            "eps_4q": -0.5,
            "eps_4q_growth_year": null,
            "roe": -4.6,
            "roe_4q": -5.120000000000001,
            "gross_profit": 892891,
            "gross_margin": 33.95,
            "gross_margin_4q_avg": 34.6,
            "net_income": -179745,
            "net_income_4q": null,
            "revenue": 2630286,
            "revenue_4q": null,
            "common_shares": 5060629,
            "book_valuer_per_share": 7.54,
            "book_valuer_per_share_4q_avg": 7.92,
            "equity": 3814583,
            "current_ratio": 70.01,
            "debt_ratio": 70.64,
            "inventory_turnover_ratio": 2.1,
            "account_receivable_turnover_ratio": null,
            "reinvestment_rate": null,
            "research_to_sale_ratio": null,
            "price_fair": 0,
            "eps_avg_yearly": 0,
            "eps_latest_yearly": 0,
            "eps_growth_yearly": 0
        },
        "20014": {
            "year_quarter": 20014,
            "year": 2001,
            "quarter": 4,
            "eps": -0.36,
            "eps_growth_year": null,
            "eps_4q": -0.77,
            "eps_4q_growth_year": -4463.38,
            "roe": -5.08,
            "roe_4q": -10.2,
            "gross_profit": 744427,
            "gross_margin": 33.85,
            "gross_margin_4q_avg": 34.41,
            "net_income": -183836,
            "net_income_4q": null,
            "revenue": 2199468,
            "revenue_4q": null,
            "common_shares": 5060629,
            "book_valuer_per_share": 6.76,
            "book_valuer_per_share_4q_avg": 7.63,
            "equity": 3423265,
            "current_ratio": 76.9,
            "debt_ratio": 75.5,
            "inventory_turnover_ratio": 1.4,
            "account_receivable_turnover_ratio": null,
            "reinvestment_rate": null,
            "research_to_sale_ratio": null,
            "price_fair": 0,
            "eps_avg_yearly": 0,
            "eps_latest_yearly": 0,
            "eps_growth_yearly": 0
        },
        "20021": {
            "year_quarter": 20021,
            "year": 2002,
            "quarter": 1,
            "eps": -0.14,
            "eps_growth_year": -134.15,
            "eps_4q": -1.44,
            "eps_4q_growth_year": null,
            "roe": -1.89,
            "roe_4q": -17.27,
            "gross_profit": 656956,
            "gross_margin": 35.09,
            "gross_margin_4q_avg": 34.25,
            "net_income": -64288,
            "net_income_4q": null,
            "revenue": 1872070,
            "revenue_4q": null,
            "common_shares": 5060629,
            "book_valuer_per_share": 6.65,
            "book_valuer_per_share_4q_avg": 7.21,
            "equity": 3364253,
            "current_ratio": 74.66,
            "debt_ratio": 71.94,
            "inventory_turnover_ratio": 1.16,
            "account_receivable_turnover_ratio": null,
            "reinvestment_rate": null,
            "research_to_sale_ratio": null,
            "price_fair": 0,
            "eps_avg_yearly": 0,
            "eps_latest_yearly": 0,
            "eps_growth_yearly": 0
        },
        "20022": {
            "year_quarter": 20022,
            "year": 2002,
            "quarter": 2,
            "eps": 0.2,
            "eps_growth_year": null,
            "eps_4q": -0.7,
            "eps_4q_growth_year": null,
            "roe": 2.78,
            "roe_4q": -8.79,
            "gross_profit": 869607,
            "gross_margin": 35.19,
            "gross_margin_4q_avg": 34.52,
            "net_income": 94796,
            "net_income_4q": null,
            "revenue": 2471206,
            "revenue_4q": null,
            "common_shares": 5060629,
            "book_valuer_per_share": 6.8,
            "book_valuer_per_share_4q_avg": 6.94,
            "equity": 3443382,
            "current_ratio": 77.64,
            "debt_ratio": 72.33,
            "inventory_turnover_ratio": 1.99,
            "account_receivable_turnover_ratio": null,
            "reinvestment_rate": null,
            "research_to_sale_ratio": null,
            "price_fair": 0,
            "eps_avg_yearly": 0,
            "eps_latest_yearly": 0,
            "eps_growth_yearly": 0
        },
        "20023": {
            "year_quarter": 20023,
            "year": 2002,
            "quarter": 3,
            "eps": 0.18,
            "eps_growth_year": null,
            "eps_4q": -0.14,
            "eps_4q_growth_year": null,
            "roe": 2.49,
            "roe_4q": -1.7000000000000002,
            "gross_profit": 1002789,
            "gross_margin": 35.94,
            "gross_margin_4q_avg": 35.02,
            "net_income": 86869,
            "net_income_4q": null,
            "revenue": 2790403,
            "revenue_4q": null,
            "common_shares": 5060629,
            "book_valuer_per_share": 6.99,
            "book_valuer_per_share_4q_avg": 6.8,
            "equity": 3535777,
            "current_ratio": 74.31,
            "debt_ratio": 70.86,
            "inventory_turnover_ratio": 2.36,
            "account_receivable_turnover_ratio": null,
            "reinvestment_rate": null,
            "research_to_sale_ratio": null,
            "price_fair": 2.16,
            "eps_avg_yearly": 0.72,
            "eps_latest_yearly": 0.72,
            "eps_growth_yearly": -40
        },
        "20024": {
            "year_quarter": 20024,
            "year": 2002,
            "quarter": 4,
            "eps": -0.12,
            "eps_growth_year": null,
            "eps_4q": 0.13,
            "eps_4q_growth_year": null,
            "roe": -1.58,
            "roe_4q": 1.8,
            "gross_profit": 727023,
            "gross_margin": 32.28,
            "gross_margin_4q_avg": 34.63,
            "net_income": -57196,
            "net_income_4q": null,
            "revenue": 2252582,
            "revenue_4q": null,
            "common_shares": 5060629,
            "book_valuer_per_share": 7.29,
            "book_valuer_per_share_4q_avg": 6.93,
            "equity": 3717733,
            "current_ratio": 74.1,
            "debt_ratio": 72.19,
            "inventory_turnover_ratio": 1.66,
            "account_receivable_turnover_ratio": null,
            "reinvestment_rate": null,
            "research_to_sale_ratio": null,
            "price_fair": 2.16,
            "eps_avg_yearly": 0.72,
            "eps_latest_yearly": 0.72,
            "eps_growth_yearly": -40
        },
        "20031": {
            "year_quarter": 20031,
            "year": 2003,
            "quarter": 1,
            "eps": -0.07,
            "eps_growth_year": null,
            "eps_4q": 0.19,
            "eps_4q_growth_year": null,
            "roe": -0.89,
            "roe_4q": 2.8,
            "gross_profit": 739342,
            "gross_margin": 33.62,
            "gross_margin_4q_avg": 34.26,
            "net_income": -32955,
            "net_income_4q": null,
            "revenue": 2199261,
            "revenue_4q": null,
            "common_shares": 5060629,
            "book_valuer_per_share": 7.24,
            "book_valuer_per_share_4q_avg": 7.08,
            "equity": 3662764,
            "current_ratio": 85.27,
            "debt_ratio": 68.89,
            "inventory_turnover_ratio": 1.53,
            "account_receivable_turnover_ratio": null,
            "reinvestment_rate": null,
            "research_to_sale_ratio": null,
            "price_fair": 2.16,
            "eps_avg_yearly": 0.72,
            "eps_latest_yearly": 0.72,
            "eps_growth_yearly": -40
        },
        "20032": {
            "year_quarter": 20032,
            "year": 2003,
            "quarter": 2,
            "eps": -0.03,
            "eps_growth_year": -115,
            "eps_4q": -0.04,
            "eps_4q_growth_year": null,
            "roe": -0.42,
            "roe_4q": -0.3999999999999999,
            "gross_profit": 796915,
            "gross_margin": 29.89,
            "gross_margin_4q_avg": 32.93,
            "net_income": -15169,
            "net_income_4q": null,
            "revenue": 2666504,
            "revenue_4q": null,
            "common_shares": 5060629,
            "book_valuer_per_share": 7.21,
            "book_valuer_per_share_4q_avg": 7.18,
            "equity": 3647036,
            "current_ratio": 82.29,
            "debt_ratio": 70.03,
            "inventory_turnover_ratio": 2.23,
            "account_receivable_turnover_ratio": null,
            "reinvestment_rate": null,
            "research_to_sale_ratio": null,
            "price_fair": 2.16,
            "eps_avg_yearly": 0.72,
            "eps_latest_yearly": 0.72,
            "eps_growth_yearly": -40
        },
        "20033": {
            "year_quarter": 20033,
            "year": 2003,
            "quarter": 3,
            "eps": 0.13,
            "eps_growth_year": -27.78,
            "eps_4q": -0.08,
            "eps_4q_growth_year": null,
            "roe": 1.77,
            "roe_4q": -1.12,
            "gross_profit": 926683,
            "gross_margin": 30.48,
            "gross_margin_4q_avg": 31.57,
            "net_income": 65239,
            "net_income_4q": null,
            "revenue": 3040095,
            "revenue_4q": null,
            "common_shares": 5060629,
            "book_valuer_per_share": 7.33,
            "book_valuer_per_share_4q_avg": 7.27,
            "equity": 3709634,
            "current_ratio": 79.39,
            "debt_ratio": 69.52,
            "inventory_turnover_ratio": 2.63,
            "account_receivable_turnover_ratio": null,
            "reinvestment_rate": null,
            "research_to_sale_ratio": null,
            "price_fair": 2.16,
            "eps_avg_yearly": 0.72,
            "eps_latest_yearly": 0.72,
            "eps_growth_yearly": -40
        },
        "20034": {
            "year_quarter": 20034,
            "year": 2003,
            "quarter": 4,
            "eps": 0.12,
            "eps_growth_year": null,
            "eps_4q": 0.15,
            "eps_4q_growth_year": 18.37,
            "roe": 1.59,
            "roe_4q": 2.0500000000000003,
            "gross_profit": 723783,
            "gross_margin": 32,
            "gross_margin_4q_avg": 31.5,
            "net_income": 59259,
            "net_income_4q": null,
            "revenue": 2262178,
            "revenue_4q": null,
            "common_shares": 5060629,
            "book_valuer_per_share": 7.3,
            "book_valuer_per_share_4q_avg": 7.27,
            "equity": 3741698,
            "current_ratio": 90.91,
            "debt_ratio": 72.93,
            "inventory_turnover_ratio": 1.5,
            "account_receivable_turnover_ratio": null,
            "reinvestment_rate": null,
            "research_to_sale_ratio": null,
            "price_fair": 1.8,
            "eps_avg_yearly": 0.6,
            "eps_latest_yearly": 0.48,
            "eps_growth_yearly": -35.38
        },
        "20041": {
            "year_quarter": 20041,
            "year": 2004,
            "quarter": 1,
            "eps": 0.05,
            "eps_growth_year": null,
            "eps_4q": 0.25,
            "eps_4q_growth_year": 29.73,
            "roe": 0.73,
            "roe_4q": 3.67,
            "gross_profit": 694980,
            "gross_margin": 35.56,
            "gross_margin_4q_avg": 31.98,
            "net_income": 27038,
            "net_income_4q": null,
            "revenue": 1954189,
            "revenue_4q": null,
            "common_shares": 5060629,
            "book_valuer_per_share": 7.34,
            "book_valuer_per_share_4q_avg": 7.3,
            "equity": 3715426,
            "current_ratio": 92.37,
            "debt_ratio": 68.09,
            "inventory_turnover_ratio": 1.21,
            "account_receivable_turnover_ratio": null,
            "reinvestment_rate": null,
            "research_to_sale_ratio": null,
            "price_fair": 1.4,
            "eps_avg_yearly": 0.47,
            "eps_latest_yearly": 0.2,
            "eps_growth_yearly": -101.37
        },
        "20042": {
            "year_quarter": 20042,
            "year": 2004,
            "quarter": 2,
            "eps": 0.05,
            "eps_growth_year": null,
            "eps_4q": 0.32,
            "eps_4q_growth_year": null,
            "roe": 0.74,
            "roe_4q": 4.83,
            "gross_profit": 853097,
            "gross_margin": 34.66,
            "gross_margin_4q_avg": 33.18,
            "net_income": 27586,
            "net_income_4q": null,
            "revenue": 2461319,
            "revenue_4q": null,
            "common_shares": 5060629,
            "book_valuer_per_share": 7.39,
            "book_valuer_per_share_4q_avg": 7.34,
            "equity": 3740798,
            "current_ratio": 94.5,
            "debt_ratio": 68.82,
            "inventory_turnover_ratio": 1.99,
            "account_receivable_turnover_ratio": null,
            "reinvestment_rate": null,
            "research_to_sale_ratio": null,
            "price_fair": 1.2,
            "eps_avg_yearly": 0.4,
            "eps_latest_yearly": 0.2,
            "eps_growth_yearly": -76.03
        },
        "20043": {
            "year_quarter": 20043,
            "year": 2004,
            "quarter": 3,
            "eps": 0.18,
            "eps_growth_year": 38.46,
            "eps_4q": 0.41,
            "eps_4q_growth_year": null,
            "roe": 2.39,
            "roe_4q": 5.45,
            "gross_profit": 966285,
            "gross_margin": 32.14,
            "gross_margin_4q_avg": 33.59,
            "net_income": 90450,
            "net_income_4q": null,
            "revenue": 3006121,
            "revenue_4q": null,
            "common_shares": 5060629,
            "book_valuer_per_share": 7.57,
            "book_valuer_per_share_4q_avg": 7.4,
            "equity": 3831497,
            "current_ratio": 96.18,
            "debt_ratio": 68.22,
            "inventory_turnover_ratio": 2.51,
            "account_receivable_turnover_ratio": null,
            "reinvestment_rate": null,
            "research_to_sale_ratio": null,
            "price_fair": 16.24,
            "eps_avg_yearly": 0.46,
            "eps_latest_yearly": 0.72,
            "eps_growth_yearly": 147.18
        },
        "20044": {
            "year_quarter": 20044,
            "year": 2004,
            "quarter": 4,
            "eps": -2.19,
            "eps_growth_year": -1925,
            "eps_4q": -1.9,
            "eps_4q_growth_year": -1327.61,
            "roe": -30.6,
            "roe_4q": -26.740000000000002,
            "gross_profit": 813594,
            "gross_margin": 36.07,
            "gross_margin_4q_avg": 34.61,
            "net_income": -1109104,
            "net_income_4q": null,
            "revenue": 2255462,
            "revenue_4q": null,
            "common_shares": 5060629,
            "book_valuer_per_share": 6.66,
            "book_valuer_per_share_4q_avg": 7.24,
            "equity": 3418267,
            "current_ratio": 95.84,
            "debt_ratio": 73.11,
            "inventory_turnover_ratio": 1.26,
            "account_receivable_turnover_ratio": null,
            "reinvestment_rate": null,
            "research_to_sale_ratio": null,
            "price_fair": 16.24,
            "eps_avg_yearly": 0.46,
            "eps_latest_yearly": 0.72,
            "eps_growth_yearly": 147.18
        },
        "20051": {
            "year_quarter": 20051,
            "year": 2005,
            "quarter": 1,
            "eps": 0.11,
            "eps_growth_year": 120,
            "eps_4q": -1.91,
            "eps_4q_growth_year": -859.1,
            "roe": 1.57,
            "roe_4q": -25.900000000000002,
            "gross_profit": 663192,
            "gross_margin": 35.36,
            "gross_margin_4q_avg": 34.56,
            "net_income": 53855,
            "net_income_4q": null,
            "revenue": 1875436,
            "revenue_4q": null,
            "common_shares": 5060629,
            "book_valuer_per_share": 6.76,
            "book_valuer_per_share_4q_avg": 7.1,
            "equity": 3422584,
            "current_ratio": 100.65,
            "debt_ratio": 65.77,
            "inventory_turnover_ratio": 1.06,
            "account_receivable_turnover_ratio": null,
            "reinvestment_rate": null,
            "research_to_sale_ratio": null,
            "price_fair": 16.24,
            "eps_avg_yearly": 0.46,
            "eps_latest_yearly": 0.72,
            "eps_growth_yearly": 147.18
        },
        "20052": {
            "year_quarter": 20052,
            "year": 2005,
            "quarter": 2,
            "eps": 0.16,
            "eps_growth_year": 220,
            "eps_4q": -1.74,
            "eps_4q_growth_year": -635.14,
            "roe": 2.35,
            "roe_4q": -24.29,
            "gross_profit": 918240,
            "gross_margin": 35.48,
            "gross_margin_4q_avg": 34.76,
            "net_income": 81358,
            "net_income_4q": null,
            "revenue": 2588025,
            "revenue_4q": null,
            "common_shares": 5060629,
            "book_valuer_per_share": 6.92,
            "book_valuer_per_share_4q_avg": 6.98,
            "equity": 3502008,
            "current_ratio": 102.35,
            "debt_ratio": 67.33,
            "inventory_turnover_ratio": 2.18,
            "account_receivable_turnover_ratio": null,
            "reinvestment_rate": null,
            "research_to_sale_ratio": null,
            "price_fair": 17.27,
            "eps_avg_yearly": 0.49,
            "eps_latest_yearly": 0.64,
            "eps_growth_yearly": 152.95
        },
        "20053": {
            "year_quarter": 20053,
            "year": 2005,
            "quarter": 3,
            "eps": 0.31,
            "eps_growth_year": 72.22,
            "eps_4q": -1.58,
            "eps_4q_growth_year": -489.74,
            "roe": 4.44,
            "roe_4q": -22.240000000000002,
            "gross_profit": 1006832,
            "gross_margin": 33.94,
            "gross_margin_4q_avg": 35.21,
            "net_income": 159333,
            "net_income_4q": null,
            "revenue": 2966482,
            "revenue_4q": null,
            "common_shares": 5060629,
            "book_valuer_per_share": 7.25,
            "book_valuer_per_share_4q_avg": 6.9,
            "equity": 3667067,
            "current_ratio": 105.8,
            "debt_ratio": 65.73,
            "inventory_turnover_ratio": 2.73,
            "account_receivable_turnover_ratio": null,
            "reinvestment_rate": null,
            "research_to_sale_ratio": null,
            "price_fair": 21,
            "eps_avg_yearly": 0.6,
            "eps_latest_yearly": 1.24,
            "eps_growth_yearly": 184.67
        },
        "20054": {
            "year_quarter": 20054,
            "year": 2005,
            "quarter": 4,
            "eps": 0.01,
            "eps_growth_year": null,
            "eps_4q": 0.58,
            "eps_4q_growth_year": null,
            "roe": 0.16,
            "roe_4q": 8.520000000000001,
            "gross_profit": 838256,
            "gross_margin": 35.23,
            "gross_margin_4q_avg": 35,
            "net_income": 6108,
            "net_income_4q": null,
            "revenue": 2379277,
            "revenue_4q": null,
            "common_shares": 5060629,
            "book_valuer_per_share": 7.25,
            "book_valuer_per_share_4q_avg": 7.05,
            "equity": 3781849,
            "current_ratio": 101.43,
            "debt_ratio": 70.38,
            "inventory_turnover_ratio": 1.39,
            "account_receivable_turnover_ratio": null,
            "reinvestment_rate": null,
            "research_to_sale_ratio": null,
            "price_fair": 18.55,
            "eps_avg_yearly": 0.53,
            "eps_latest_yearly": 0.04,
            "eps_growth_yearly": 113.2
        },
        "20061": {
            "year_quarter": 20061,
            "year": 2006,
            "quarter": 1,
            "eps": 0.16,
            "eps_growth_year": 45.45,
            "eps_4q": 0.65,
            "eps_4q_growth_year": null,
            "roe": 2.14,
            "roe_4q": 9.09,
            "gross_profit": 773387,
            "gross_margin": 36.73,
            "gross_margin_4q_avg": 35.35,
            "net_income": 80496,
            "net_income_4q": null,
            "revenue": 2105488,
            "revenue_4q": null,
            "common_shares": 5060629,
            "book_valuer_per_share": 7.41,
            "book_valuer_per_share_4q_avg": 7.21,
            "equity": 3749135,
            "current_ratio": 104.24,
            "debt_ratio": 62.84,
            "inventory_turnover_ratio": 1.16,
            "account_receivable_turnover_ratio": null,
            "reinvestment_rate": null,
            "research_to_sale_ratio": null,
            "price_fair": 18.98,
            "eps_avg_yearly": 0.54,
            "eps_latest_yearly": 0.64,
            "eps_growth_yearly": 767.29
        },
        "20062": {
            "year_quarter": 20062,
            "year": 2006,
            "quarter": 2,
            "eps": 0.23,
            "eps_growth_year": 43.75,
            "eps_4q": 0.71,
            "eps_4q_growth_year": null,
            "roe": 3.12,
            "roe_4q": 9.86,
            "gross_profit": 988247,
            "gross_margin": 35.23,
            "gross_margin_4q_avg": 35.28,
            "net_income": 118698,
            "net_income_4q": null,
            "revenue": 2805283,
            "revenue_4q": null,
            "common_shares": 5060629,
            "book_valuer_per_share": 7.64,
            "book_valuer_per_share_4q_avg": 7.39,
            "equity": 3868459,
            "current_ratio": 104.37,
            "debt_ratio": 63.94,
            "inventory_turnover_ratio": 2.23,
            "account_receivable_turnover_ratio": null,
            "reinvestment_rate": null,
            "research_to_sale_ratio": null,
            "price_fair": 20.3,
            "eps_avg_yearly": 0.58,
            "eps_latest_yearly": 0.92,
            "eps_growth_yearly": 708.06
        },
        "20063": {
            "year_quarter": 20063,
            "year": 2006,
            "quarter": 3,
            "eps": 0.3,
            "eps_growth_year": -3.23,
            "eps_4q": 0.7,
            "eps_4q_growth_year": null,
            "roe": 3.86,
            "roe_4q": 9.280000000000001,
            "gross_profit": 1103451,
            "gross_margin": 35.4,
            "gross_margin_4q_avg": 35.65,
            "net_income": 152527,
            "net_income_4q": null,
            "revenue": 3117202,
            "revenue_4q": null,
            "common_shares": 5060629,
            "book_valuer_per_share": 7.96,
            "book_valuer_per_share_4q_avg": 7.57,
            "equity": 4028190,
            "current_ratio": 109.21,
            "debt_ratio": 61.82,
            "inventory_turnover_ratio": 2.43,
            "account_receivable_turnover_ratio": null,
            "reinvestment_rate": null,
            "research_to_sale_ratio": null,
            "price_fair": 21.98,
            "eps_avg_yearly": 0.63,
            "eps_latest_yearly": 1.2,
            "eps_growth_yearly": 724.24
        },
        "20064": {
            "year_quarter": 20064,
            "year": 2006,
            "quarter": 4,
            "eps": 0.19,
            "eps_growth_year": 1800,
            "eps_4q": 0.87,
            "eps_4q_growth_year": 49.57,
            "roe": 2.39,
            "roe_4q": 11.510000000000002,
            "gross_profit": 905942,
            "gross_margin": 35.58,
            "gross_margin_4q_avg": 35.74,
            "net_income": 97709,
            "net_income_4q": null,
            "revenue": 2546032,
            "revenue_4q": null,
            "common_shares": 5060629,
            "book_valuer_per_share": 8.04,
            "book_valuer_per_share_4q_avg": 7.76,
            "equity": 4158939,
            "current_ratio": 100.98,
            "debt_ratio": 67.77,
            "inventory_turnover_ratio": 1.26,
            "account_receivable_turnover_ratio": null,
            "reinvestment_rate": null,
            "research_to_sale_ratio": null,
            "price_fair": 22.4,
            "eps_avg_yearly": 0.64,
            "eps_latest_yearly": 0.76,
            "eps_growth_yearly": 645.06
        },
        "20071": {
            "year_quarter": 20071,
            "year": 2007,
            "quarter": 1,
            "eps": 0.23,
            "eps_growth_year": 43.75,
            "eps_4q": 0.97,
            "eps_4q_growth_year": 49.87,
            "roe": 2.73,
            "roe_4q": 12.100000000000001,
            "gross_profit": 857804,
            "gross_margin": 38.82,
            "gross_margin_4q_avg": 36.26,
            "net_income": 113900,
            "net_income_4q": null,
            "revenue": 2209644,
            "revenue_4q": null,
            "common_shares": 5060629,
            "book_valuer_per_share": 8.28,
            "book_valuer_per_share_4q_avg": 7.98,
            "equity": 4190001,
            "current_ratio": 101.61,
            "debt_ratio": 58.3,
            "inventory_turnover_ratio": 1.01,
            "account_receivable_turnover_ratio": null,
            "reinvestment_rate": 1143.11,
            "research_to_sale_ratio": null,
            "price_fair": 23.22,
            "eps_avg_yearly": 0.66,
            "eps_latest_yearly": 0.92,
            "eps_growth_yearly": 598.33
        },
        "20072": {
            "year_quarter": 20072,
            "year": 2007,
            "quarter": 2,
            "eps": 0.14,
            "eps_growth_year": -39.13,
            "eps_4q": 0.84,
            "eps_4q_growth_year": 18.93,
            "roe": 1.72,
            "roe_4q": 10.7,
            "gross_profit": 955785,
            "gross_margin": 34.93,
            "gross_margin_4q_avg": 36.18,
            "net_income": 72798,
            "net_income_4q": null,
            "revenue": 2736572,
            "revenue_4q": null,
            "common_shares": 5060629,
            "book_valuer_per_share": 8.43,
            "book_valuer_per_share_4q_avg": 8.18,
            "equity": 4264950,
            "current_ratio": 102.52,
            "debt_ratio": 59.3,
            "inventory_turnover_ratio": 1.96,
            "account_receivable_turnover_ratio": null,
            "reinvestment_rate": -10.9,
            "research_to_sale_ratio": null,
            "price_fair": 22.94,
            "eps_avg_yearly": 0.66,
            "eps_latest_yearly": 0.56,
            "eps_growth_yearly": 540.26
        },
        "20073": {
            "year_quarter": 20073,
            "year": 2007,
            "quarter": 3,
            "eps": 0.25,
            "eps_growth_year": -16.67,
            "eps_4q": 0.8,
            "eps_4q_growth_year": 14.01,
            "roe": 2.97,
            "roe_4q": 9.81,
            "gross_profit": 1094813,
            "gross_margin": 33.05,
            "gross_margin_4q_avg": 35.6,
            "net_income": 128715,
            "net_income_4q": null,
            "revenue": 3312649,
            "revenue_4q": null,
            "common_shares": 5060629,
            "book_valuer_per_share": 8.68,
            "book_valuer_per_share_4q_avg": 8.36,
            "equity": 4393279,
            "current_ratio": 102.78,
            "debt_ratio": 58.8,
            "inventory_turnover_ratio": 2.38,
            "account_receivable_turnover_ratio": null,
            "reinvestment_rate": -92.26,
            "research_to_sale_ratio": null,
            "price_fair": 23.8,
            "eps_avg_yearly": 0.68,
            "eps_latest_yearly": 1,
            "eps_growth_yearly": 524.12
        },
        "20074": {
            "year_quarter": 20074,
            "year": 2007,
            "quarter": 4,
            "eps": 0.27,
            "eps_growth_year": 42.11,
            "eps_4q": 0.9,
            "eps_4q_growth_year": 2.72,
            "roe": 3.04,
            "roe_4q": 10.459999999999999,
            "gross_profit": 901497,
            "gross_margin": 33.77,
            "gross_margin_4q_avg": 35.14,
            "net_income": 135671,
            "net_income_4q": null,
            "revenue": 2669847,
            "revenue_4q": null,
            "common_shares": 5060629,
            "book_valuer_per_share": 8.84,
            "book_valuer_per_share_4q_avg": 8.56,
            "equity": 4542941,
            "current_ratio": 101.15,
            "debt_ratio": 66.25,
            "inventory_turnover_ratio": 1.11,
            "account_receivable_turnover_ratio": null,
            "reinvestment_rate": 216.64,
            "research_to_sale_ratio": null,
            "price_fair": 25.3,
            "eps_avg_yearly": 0.72,
            "eps_latest_yearly": 1.08,
            "eps_growth_yearly": 528.6
        },
        "20081": {
            "year_quarter": 20081,
            "year": 2008,
            "quarter": 1,
            "eps": 0.24,
            "eps_growth_year": 4.35,
            "eps_4q": 0.93,
            "eps_4q_growth_year": -4.73,
            "roe": 2.57,
            "roe_4q": 10.3,
            "gross_profit": 1465267,
            "gross_margin": 33.25,
            "gross_margin_4q_avg": 33.75,
            "net_income": 118224,
            "net_income_4q": null,
            "revenue": 4406960,
            "revenue_4q": null,
            "common_shares": 5060629,
            "book_valuer_per_share": 9.05,
            "book_valuer_per_share_4q_avg": 8.75,
            "equity": 4643277,
            "current_ratio": 107.62,
            "debt_ratio": 64.62,
            "inventory_turnover_ratio": 1.27,
            "account_receivable_turnover_ratio": null,
            "reinvestment_rate": 506.3,
            "research_to_sale_ratio": null,
            "price_fair": 27.2,
            "eps_avg_yearly": 0.78,
            "eps_latest_yearly": 0.96,
            "eps_growth_yearly": 542.09
        },
        "20082": {
            "year_quarter": 20082,
            "year": 2008,
            "quarter": 2,
            "eps": 0.31,
            "eps_growth_year": 121.43,
            "eps_4q": 1.08,
            "eps_4q_growth_year": 28.8,
            "roe": 3.29,
            "roe_4q": 11.87,
            "gross_profit": 1603333,
            "gross_margin": 33.17,
            "gross_margin_4q_avg": 33.31,
            "net_income": 155332,
            "net_income_4q": null,
            "revenue": 4834036,
            "revenue_4q": null,
            "common_shares": 5060629,
            "book_valuer_per_share": 9.36,
            "book_valuer_per_share_4q_avg": 8.98,
            "equity": 4794386,
            "current_ratio": 113.71,
            "debt_ratio": 65.26,
            "inventory_turnover_ratio": 1.31,
            "account_receivable_turnover_ratio": null,
            "reinvestment_rate": 355.62,
            "research_to_sale_ratio": null,
            "price_fair": 29.8,
            "eps_avg_yearly": 0.85,
            "eps_latest_yearly": 1.24,
            "eps_growth_yearly": 550.43
        },
        "20083": {
            "year_quarter": 20083,
            "year": 2008,
            "quarter": 3,
            "eps": 0.24,
            "eps_growth_year": -4,
            "eps_4q": 1.04,
            "eps_4q_growth_year": 29.69,
            "roe": 2.54,
            "roe_4q": 11.440000000000001,
            "gross_profit": 1826445,
            "gross_margin": 30.29,
            "gross_margin_4q_avg": 32.62,
            "net_income": 123589,
            "net_income_4q": null,
            "revenue": 6030739,
            "revenue_4q": null,
            "common_shares": 5060629,
            "book_valuer_per_share": 9.63,
            "book_valuer_per_share_4q_avg": 9.22,
            "equity": 4934174,
            "current_ratio": 115.2,
            "debt_ratio": 64.67,
            "inventory_turnover_ratio": 1.74,
            "account_receivable_turnover_ratio": null,
            "reinvestment_rate": 322.25,
            "research_to_sale_ratio": null,
            "price_fair": 30.4,
            "eps_avg_yearly": 0.87,
            "eps_latest_yearly": 0.96,
            "eps_growth_yearly": 469.69
        },
        "20084": {
            "year_quarter": 20084,
            "year": 2008,
            "quarter": 4,
            "eps": 0.25,
            "eps_growth_year": -7.41,
            "eps_4q": 1.17,
            "eps_4q_growth_year": 30.01,
            "roe": 2.28,
            "roe_4q": 10.68,
            "gross_profit": 1621917,
            "gross_margin": 33.19,
            "gross_margin_4q_avg": 32.48,
            "net_income": 112819,
            "net_income_4q": null,
            "revenue": 4886391,
            "revenue_4q": null,
            "common_shares": 5060629,
            "book_valuer_per_share": 9.68,
            "book_valuer_per_share_4q_avg": 9.43,
            "equity": 4983037,
            "current_ratio": 118.75,
            "debt_ratio": 63.13,
            "inventory_turnover_ratio": 1.47,
            "account_receivable_turnover_ratio": 5.48,
            "reinvestment_rate": 25.71,
            "research_to_sale_ratio": null,
            "price_fair": 30.71,
            "eps_avg_yearly": 0.88,
            "eps_latest_yearly": 1,
            "eps_growth_yearly": 439.49
        },
        "20091": {
            "year_quarter": 20091,
            "year": 2009,
            "quarter": 1,
            "eps": 0.34,
            "eps_growth_year": 41.67,
            "eps_4q": 1.2,
            "eps_4q_growth_year": 29.15,
            "roe": 3.24,
            "roe_4q": 11.349999999999998,
            "gross_profit": 1786728,
            "gross_margin": 37.15,
            "gross_margin_4q_avg": 33.45,
            "net_income": 164165,
            "net_income_4q": null,
            "revenue": 4808926,
            "revenue_4q": null,
            "common_shares": 5060629,
            "book_valuer_per_share": 10.04,
            "book_valuer_per_share_4q_avg": 9.68,
            "equity": 5156129,
            "current_ratio": 120.14,
            "debt_ratio": 62.19,
            "inventory_turnover_ratio": 1.44,
            "account_receivable_turnover_ratio": 2.64,
            "reinvestment_rate": 94.66,
            "research_to_sale_ratio": null,
            "price_fair": 31.76,
            "eps_avg_yearly": 0.91,
            "eps_latest_yearly": 1.36,
            "eps_growth_yearly": 421.02
        },
        "20092": {
            "year_quarter": 20092,
            "year": 2009,
            "quarter": 2,
            "eps": 0.32,
            "eps_growth_year": 3.23,
            "eps_4q": 1.29,
            "eps_4q_growth_year": 18.84,
            "roe": 2.78,
            "roe_4q": 10.84,
            "gross_profit": 1681508,
            "gross_margin": 35.17,
            "gross_margin_4q_avg": 33.95,
            "net_income": 144910,
            "net_income_4q": null,
            "revenue": 4781178,
            "revenue_4q": null,
            "common_shares": 5060629,
            "book_valuer_per_share": 10.32,
            "book_valuer_per_share_4q_avg": 9.92,
            "equity": 5282553,
            "current_ratio": 121.17,
            "debt_ratio": 61.61,
            "inventory_turnover_ratio": 1.56,
            "account_receivable_turnover_ratio": 2.56,
            "reinvestment_rate": 86.35,
            "research_to_sale_ratio": null,
            "price_fair": 33.16,
            "eps_avg_yearly": 0.95,
            "eps_latest_yearly": 1.28,
            "eps_growth_yearly": 408.19
        },
        "20093": {
            "year_quarter": 20093,
            "year": 2009,
            "quarter": 3,
            "eps": 0.34,
            "eps_growth_year": 41.67,
            "eps_4q": 1.26,
            "eps_4q_growth_year": 21.11,
            "roe": 3.19,
            "roe_4q": 11.49,
            "gross_profit": 2219973,
            "gross_margin": 36.01,
            "gross_margin_4q_avg": 35.38,
            "net_income": 171002,
            "net_income_4q": null,
            "revenue": 6164949,
            "revenue_4q": null,
            "common_shares": 5060629,
            "book_valuer_per_share": 10.64,
            "book_valuer_per_share_4q_avg": 10.17,
            "equity": 5436850,
            "current_ratio": 112.02,
            "debt_ratio": 64.34,
            "inventory_turnover_ratio": 2,
            "account_receivable_turnover_ratio": 2.73,
            "reinvestment_rate": 116.67,
            "research_to_sale_ratio": null,
            "price_fair": 33.43,
            "eps_avg_yearly": 0.96,
            "eps_latest_yearly": 1.36,
            "eps_growth_yearly": 386.31
        },
        "20094": {
            "year_quarter": 20094,
            "year": 2009,
            "quarter": 4,
            "eps": 0.35,
            "eps_growth_year": 40,
            "eps_4q": 1.35,
            "eps_4q_growth_year": 15.95,
            "roe": 3.13,
            "roe_4q": 12.34,
            "gross_profit": 1883346,
            "gross_margin": 35.04,
            "gross_margin_4q_avg": 35.84,
            "net_income": 171996,
            "net_income_4q": null,
            "revenue": 5374348,
            "revenue_4q": null,
            "common_shares": 5060629,
            "book_valuer_per_share": 10.87,
            "book_valuer_per_share_4q_avg": 10.47,
            "equity": 5548114,
            "current_ratio": 113.39,
            "debt_ratio": 62.79,
            "inventory_turnover_ratio": 1.82,
            "account_receivable_turnover_ratio": 5.15,
            "reinvestment_rate": 44.96,
            "research_to_sale_ratio": null,
            "price_fair": 36.4,
            "eps_avg_yearly": 1.04,
            "eps_latest_yearly": 1.4,
            "eps_growth_yearly": 411.24
        },
        "20101": {
            "year_quarter": 20101,
            "year": 2010,
            "quarter": 1,
            "eps": 0.38,
            "eps_growth_year": 11.76,
            "eps_4q": 1.39,
            "eps_4q_growth_year": 15.68,
            "roe": 3.27,
            "roe_4q": 12.37,
            "gross_profit": 1937059,
            "gross_margin": 36.4,
            "gross_margin_4q_avg": 35.66,
            "net_income": 186264,
            "net_income_4q": null,
            "revenue": 5322064,
            "revenue_4q": null,
            "common_shares": 5060629,
            "book_valuer_per_share": 11.22,
            "book_valuer_per_share_4q_avg": 10.76,
            "equity": 5829315,
            "current_ratio": 117.03,
            "debt_ratio": 61.86,
            "inventory_turnover_ratio": 1.76,
            "account_receivable_turnover_ratio": 2.43,
            "reinvestment_rate": 117.83,
            "research_to_sale_ratio": 0.68,
            "price_fair": 38.33,
            "eps_avg_yearly": 1.1,
            "eps_latest_yearly": 1.52,
            "eps_growth_yearly": 38.38
        },
        "20102": {
            "year_quarter": 20102,
            "year": 2010,
            "quarter": 2,
            "eps": 0.33,
            "eps_growth_year": 2.43,
            "eps_4q": 1.4,
            "eps_4q_growth_year": 8.68,
            "roe": 2.8,
            "roe_4q": 12.389999999999999,
            "gross_profit": 2145265,
            "gross_margin": 35.85,
            "gross_margin_4q_avg": 35.83,
            "net_income": 161640,
            "net_income_4q": null,
            "revenue": 5983618,
            "revenue_4q": null,
            "common_shares": 5060629,
            "book_valuer_per_share": 11.01,
            "book_valuer_per_share_4q_avg": 10.94,
            "equity": 5720482,
            "current_ratio": 100.83,
            "debt_ratio": 64.37,
            "inventory_turnover_ratio": 1.89,
            "account_receivable_turnover_ratio": 2.37,
            "reinvestment_rate": 120.42,
            "research_to_sale_ratio": 0.66,
            "price_fair": 38.26,
            "eps_avg_yearly": 1.12,
            "eps_latest_yearly": 1.32,
            "eps_growth_yearly": 24.16
        },
        "20103": {
            "year_quarter": 20103,
            "year": 2010,
            "quarter": 3,
            "eps": 0.38,
            "eps_growth_year": 10.98,
            "eps_4q": 1.43,
            "eps_4q_growth_year": 13.64,
            "roe": 4,
            "roe_4q": 13.2,
            "gross_profit": 2300744,
            "gross_margin": 34.88,
            "gross_margin_4q_avg": 35.54,
            "net_income": 233030,
            "net_income_4q": null,
            "revenue": 6596733,
            "revenue_4q": null,
            "common_shares": 5060629,
            "book_valuer_per_share": 11.23,
            "book_valuer_per_share_4q_avg": 11.08,
            "equity": 5919400,
            "current_ratio": 101.82,
            "debt_ratio": 78.08,
            "inventory_turnover_ratio": 2.08,
            "account_receivable_turnover_ratio": 2.3,
            "reinvestment_rate": 128.36,
            "research_to_sale_ratio": 0.58,
            "price_fair": 34.58,
            "eps_avg_yearly": 1.14,
            "eps_latest_yearly": 1.52,
            "eps_growth_yearly": 20.34
        },
        "20104": {
            "year_quarter": 20104,
            "year": 2010,
            "quarter": 4,
            "eps": 2.14,
            "eps_growth_year": 512.52,
            "eps_4q": 3.23,
            "eps_4q_growth_year": 138.32,
            "roe": 14.61,
            "roe_4q": 24.68,
            "gross_profit": 1977360,
            "gross_margin": 34.16,
            "gross_margin_4q_avg": 35.32,
            "net_income": 1080861,
            "net_income_4q": null,
            "revenue": 5789177,
            "revenue_4q": null,
            "common_shares": 5060629,
            "book_valuer_per_share": 13.01,
            "book_valuer_per_share_4q_avg": 11.62,
            "equity": 8874349,
            "current_ratio": 289.84,
            "debt_ratio": 66.8,
            "inventory_turnover_ratio": 0.53,
            "account_receivable_turnover_ratio": 2.09,
            "reinvestment_rate": 58.14,
            "research_to_sale_ratio": 0.63,
            "price_fair": 56.96,
            "eps_avg_yearly": 1.63,
            "eps_latest_yearly": 8.56,
            "eps_growth_yearly": 145.29
        },
        "20111": {
            "year_quarter": 20111,
            "year": 2011,
            "quarter": 1,
            "eps": 0.43,
            "eps_growth_year": 13.16,
            "eps_4q": 3.28,
            "eps_4q_growth_year": 136.61,
            "roe": 2.17,
            "roe_4q": 23.580000000000002,
            "gross_profit": 2117599,
            "gross_margin": 36.22,
            "gross_margin_4q_avg": 35.28,
            "net_income": 195250,
            "net_income_4q": null,
            "revenue": 5846530,
            "revenue_4q": null,
            "common_shares": 5060629,
            "book_valuer_per_share": 13.5,
            "book_valuer_per_share_4q_avg": 12.19,
            "equity": 9104109,
            "current_ratio": 255.4,
            "debt_ratio": 67.34,
            "inventory_turnover_ratio": 0.3,
            "account_receivable_turnover_ratio": 2.23,
            "reinvestment_rate": 106.88,
            "research_to_sale_ratio": 0.69,
            "price_fair": 58.71,
            "eps_avg_yearly": 1.68,
            "eps_latest_yearly": 1.72,
            "eps_growth_yearly": 120.05
        },
        "20112": {
            "year_quarter": 20112,
            "year": 2011,
            "quarter": 2,
            "eps": 0.28,
            "eps_growth_year": -14,
            "eps_4q": 3.24,
            "eps_4q_growth_year": 131.63,
            "roe": 1.2,
            "roe_4q": 21.98,
            "gross_profit": 2316063,
            "gross_margin": 35.82,
            "gross_margin_4q_avg": 35.27,
            "net_income": 108349,
            "net_income_4q": null,
            "revenue": 6466724,
            "revenue_4q": null,
            "common_shares": 5060629,
            "book_valuer_per_share": 13.14,
            "book_valuer_per_share_4q_avg": 12.72,
            "equity": 8943900,
            "current_ratio": 240.25,
            "debt_ratio": 68.83,
            "inventory_turnover_ratio": 0.33,
            "account_receivable_turnover_ratio": 2.25,
            "reinvestment_rate": 99.91,
            "research_to_sale_ratio": 0.68,
            "price_fair": 59.94,
            "eps_avg_yearly": 1.71,
            "eps_latest_yearly": 1.12,
            "eps_growth_yearly": 121.11
        },
        "20113": {
            "year_quarter": 20113,
            "year": 2011,
            "quarter": 3,
            "eps": 0.38,
            "eps_growth_year": 1.66,
            "eps_4q": 3.24,
            "eps_4q_growth_year": 126.53,
            "roe": 1.74,
            "roe_4q": 19.72,
            "gross_profit": 2355671,
            "gross_margin": 33.9,
            "gross_margin_4q_avg": 35.03,
            "net_income": 159193,
            "net_income_4q": null,
            "revenue": 6948285,
            "revenue_4q": null,
            "common_shares": 5060629,
            "book_valuer_per_share": 13.92,
            "book_valuer_per_share_4q_avg": 13.39,
            "equity": 9330368,
            "current_ratio": 241.73,
            "debt_ratio": 68.18,
            "inventory_turnover_ratio": 0.36,
            "account_receivable_turnover_ratio": 2.07,
            "reinvestment_rate": 114.52,
            "research_to_sale_ratio": 0.68,
            "price_fair": 61.08,
            "eps_avg_yearly": 1.75,
            "eps_latest_yearly": 1.52,
            "eps_growth_yearly": 110.4
        },
        "20114": {
            "year_quarter": 20114,
            "year": 2011,
            "quarter": 4,
            "eps": 0.25,
            "eps_growth_year": -88.16,
            "eps_4q": 1.35,
            "eps_4q_growth_year": -58.01,
            "roe": 0.93,
            "roe_4q": 6.04,
            "gross_profit": 2180555,
            "gross_margin": 34.19,
            "gross_margin_4q_avg": 35.03,
            "net_income": 90153,
            "net_income_4q": null,
            "revenue": 6377139,
            "revenue_4q": null,
            "common_shares": 5060629,
            "book_valuer_per_share": 15.31,
            "book_valuer_per_share_4q_avg": 13.97,
            "equity": 9990660,
            "current_ratio": 252.44,
            "debt_ratio": 67.65,
            "inventory_turnover_ratio": 0.33,
            "account_receivable_turnover_ratio": 1.85,
            "reinvestment_rate": 98.87,
            "research_to_sale_ratio": 0.58,
            "price_fair": 60.9,
            "eps_avg_yearly": 1.74,
            "eps_latest_yearly": 1,
            "eps_growth_yearly": 99.85
        },
        "20121": {
            "year_quarter": 20121,
            "year": 2012,
            "quarter": 1,
            "eps": 0.49,
            "eps_growth_year": 13.95,
            "eps_4q": 1.41,
            "eps_4q_growth_year": -57.2,
            "roe": 2.18,
            "roe_4q": 6.050000000000001,
            "gross_profit": 2449251,
            "gross_margin": 37.97,
            "gross_margin_4q_avg": 35.47,
            "net_income": 219085,
            "net_income_4q": null,
            "revenue": 6450985,
            "revenue_4q": null,
            "common_shares": 5060629,
            "book_valuer_per_share": 15.65,
            "book_valuer_per_share_4q_avg": 14.51,
            "equity": 10127857,
            "current_ratio": 242.98,
            "debt_ratio": 67.91,
            "inventory_turnover_ratio": 0.32,
            "account_receivable_turnover_ratio": 1.92,
            "reinvestment_rate": 106.86,
            "research_to_sale_ratio": 0.75,
            "price_fair": 63.09,
            "eps_avg_yearly": 1.8,
            "eps_latest_yearly": 1.96,
            "eps_growth_yearly": 126.62
        },
        "20122": {
            "year_quarter": 20122,
            "year": 2012,
            "quarter": 2,
            "eps": 0.35,
            "eps_growth_year": 24.62,
            "eps_4q": 1.47,
            "eps_4q_growth_year": -54.45,
            "roe": 1.36,
            "roe_4q": 6.21,
            "gross_profit": 2710118,
            "gross_margin": 36.73,
            "gross_margin_4q_avg": 35.7,
            "net_income": 138783,
            "net_income_4q": null,
            "revenue": 7378985,
            "revenue_4q": null,
            "common_shares": 5060629,
            "book_valuer_per_share": 15.45,
            "book_valuer_per_share_4q_avg": 15.08,
            "equity": 10332341,
            "current_ratio": 220.72,
            "debt_ratio": 69.29,
            "inventory_turnover_ratio": 0.36,
            "account_receivable_turnover_ratio": 1.94,
            "reinvestment_rate": 129.61,
            "research_to_sale_ratio": 0.75,
            "price_fair": 63.44,
            "eps_avg_yearly": 1.81,
            "eps_latest_yearly": 1.4,
            "eps_growth_yearly": 112.19
        },
        "20123": {
            "year_quarter": 20123,
            "year": 2012,
            "quarter": 3,
            "eps": 0.47,
            "eps_growth_year": 22.13,
            "eps_4q": 1.56,
            "eps_4q_growth_year": -51.92,
            "roe": 1.85,
            "roe_4q": 6.32,
            "gross_profit": 2956276,
            "gross_margin": 37.12,
            "gross_margin_4q_avg": 36.5,
            "net_income": 197277,
            "net_income_4q": null,
            "revenue": 7965043,
            "revenue_4q": null,
            "common_shares": 5060629,
            "book_valuer_per_share": 15.78,
            "book_valuer_per_share_4q_avg": 15.55,
            "equity": 10992402,
            "current_ratio": 211.46,
            "debt_ratio": 69.11,
            "inventory_turnover_ratio": 0.37,
            "account_receivable_turnover_ratio": 1.84,
            "reinvestment_rate": 145.36,
            "research_to_sale_ratio": 0.71,
            "price_fair": 65.45,
            "eps_avg_yearly": 1.87,
            "eps_latest_yearly": 1.88,
            "eps_growth_yearly": 126.41
        },
        "20124": {
            "year_quarter": 20124,
            "year": 2012,
            "quarter": 4,
            "eps": 0.19,
            "eps_growth_year": -26.13,
            "eps_4q": 1.49,
            "eps_4q_growth_year": 10.28,
            "roe": 0.23,
            "roe_4q": 5.620000000000001,
            "gross_profit": 2298572,
            "gross_margin": 33.92,
            "gross_margin_4q_avg": 36.44,
            "net_income": 25004,
            "net_income_4q": null,
            "revenue": 6777095,
            "revenue_4q": null,
            "common_shares": 5060629,
            "book_valuer_per_share": 15.9,
            "book_valuer_per_share_4q_avg": 15.7,
            "equity": 10998157,
            "current_ratio": 127.33,
            "debt_ratio": 68.9,
            "inventory_turnover_ratio": 0.33,
            "account_receivable_turnover_ratio": 1.66,
            "reinvestment_rate": 169.05,
            "research_to_sale_ratio": 0.72,
            "price_fair": 64.93,
            "eps_avg_yearly": 1.86,
            "eps_latest_yearly": 0.76,
            "eps_growth_yearly": 110.47
        },
        "20131": {
            "year_quarter": 20131,
            "year": 2013,
            "quarter": 1,
            "eps": 0.58,
            "eps_growth_year": 18.37,
            "eps_4q": 1.59,
            "eps_4q_growth_year": 12.9,
            "roe": 2.23,
            "roe_4q": 5.670000000000001,
            "gross_profit": 2174418,
            "gross_margin": 32.45,
            "gross_margin_4q_avg": 35.06,
            "net_income": 247114,
            "net_income_4q": null,
            "revenue": 6700847,
            "revenue_4q": null,
            "common_shares": 5060629,
            "book_valuer_per_share": 15.87,
            "book_valuer_per_share_4q_avg": 15.75,
            "equity": 11128099,
            "current_ratio": 128.44,
            "debt_ratio": 69.6,
            "inventory_turnover_ratio": 0.32,
            "account_receivable_turnover_ratio": 1.71,
            "reinvestment_rate": 155.41,
            "research_to_sale_ratio": 0.83,
            "price_fair": 67.03,
            "eps_avg_yearly": 1.92,
            "eps_latest_yearly": 2.32,
            "eps_growth_yearly": 152.79
        },
        "20132": {
            "year_quarter": 20132,
            "year": 2013,
            "quarter": 2,
            "eps": 0.51,
            "eps_growth_year": 45.18,
            "eps_4q": 1.74,
            "eps_4q_growth_year": 18.19,
            "roe": 1.89,
            "roe_4q": 6.200000000000001,
            "gross_profit": 2410846,
            "gross_margin": 31.82,
            "gross_margin_4q_avg": 33.83,
            "net_income": 209671,
            "net_income_4q": null,
            "revenue": 7577631,
            "revenue_4q": null,
            "common_shares": 5060629,
            "book_valuer_per_share": 15.92,
            "book_valuer_per_share_4q_avg": 15.87,
            "equity": 11112422,
            "current_ratio": 198.12,
            "debt_ratio": 70.59,
            "inventory_turnover_ratio": 0.35,
            "account_receivable_turnover_ratio": 1.68,
            "reinvestment_rate": 173.1,
            "research_to_sale_ratio": 0.84,
            "price_fair": 68.69,
            "eps_avg_yearly": 1.96,
            "eps_latest_yearly": 2.04,
            "eps_growth_yearly": 151.24
        },
        "20133": {
            "year_quarter": 20133,
            "year": 2013,
            "quarter": 3,
            "eps": 0.56,
            "eps_growth_year": 19.53,
            "eps_4q": 1.83,
            "eps_4q_growth_year": 17.44,
            "roe": 2.2,
            "roe_4q": 6.550000000000001,
            "gross_profit": 2696610,
            "gross_margin": 32.64,
            "gross_margin_4q_avg": 32.71,
            "net_income": 247111,
            "net_income_4q": null,
            "revenue": 8261655,
            "revenue_4q": null,
            "common_shares": 5060629,
            "book_valuer_per_share": 16.38,
            "book_valuer_per_share_4q_avg": 16.02,
            "equity": 11371972,
            "current_ratio": 192.09,
            "debt_ratio": 70.55,
            "inventory_turnover_ratio": 0.38,
            "account_receivable_turnover_ratio": 1.71,
            "reinvestment_rate": 156.32,
            "research_to_sale_ratio": 0.7,
            "price_fair": 70.61,
            "eps_avg_yearly": 2.02,
            "eps_latest_yearly": 2.24,
            "eps_growth_yearly": 152.13
        },
        "20134": {
            "year_quarter": 20134,
            "year": 2013,
            "quarter": 4,
            "eps": 0.08,
            "eps_growth_year": -56.97,
            "eps_4q": 1.72,
            "eps_4q_growth_year": 15.5,
            "roe": 0,
            "roe_4q": 6.32,
            "gross_profit": 1942044,
            "gross_margin": 29.16,
            "gross_margin_4q_avg": 31.52,
            "net_income": 54,
            "net_income_4q": null,
            "revenue": 6660269,
            "revenue_4q": null,
            "common_shares": 5060629,
            "book_valuer_per_share": 16.42,
            "book_valuer_per_share_4q_avg": 16.15,
            "equity": 11528095,
            "current_ratio": 126.72,
            "debt_ratio": 69.68,
            "inventory_turnover_ratio": 0.32,
            "account_receivable_turnover_ratio": 1.61,
            "reinvestment_rate": 169.16,
            "research_to_sale_ratio": 0.94,
            "price_fair": 68.25,
            "eps_avg_yearly": 1.95,
            "eps_latest_yearly": 0.32,
            "eps_growth_yearly": 129.97
        },
        "20141": {
            "year_quarter": 20141,
            "year": 2014,
            "quarter": 1,
            "eps": 0.51,
            "eps_growth_year": -12.07,
            "eps_4q": 1.65,
            "eps_4q_growth_year": 4.13,
            "roe": 2.05,
            "roe_4q": 6.14,
            "gross_profit": 2059871,
            "gross_margin": 31.15,
            "gross_margin_4q_avg": 31.19,
            "net_income": 238221,
            "net_income_4q": null,
            "revenue": 6611781,
            "revenue_4q": null,
            "common_shares": 5060629,
            "book_valuer_per_share": 16.91,
            "book_valuer_per_share_4q_avg": 16.41,
            "equity": 11751915,
            "current_ratio": 118.45,
            "debt_ratio": 69.99,
            "inventory_turnover_ratio": 0.31,
            "account_receivable_turnover_ratio": 1.82,
            "reinvestment_rate": 173.21,
            "research_to_sale_ratio": 1.03,
            "price_fair": 69.39,
            "eps_avg_yearly": 1.98,
            "eps_latest_yearly": 2.04,
            "eps_growth_yearly": 262.2
        },
        "20142": {
            "year_quarter": 20142,
            "year": 2014,
            "quarter": 2,
            "eps": 0.35,
            "eps_growth_year": -31.37,
            "eps_4q": 1.49,
            "eps_4q_growth_year": -14.45,
            "roe": 1.19,
            "roe_4q": 5.4399999999999995,
            "gross_profit": 2220875,
            "gross_margin": 30.07,
            "gross_margin_4q_avg": 30.76,
            "net_income": 139438,
            "net_income_4q": null,
            "revenue": 7384987,
            "revenue_4q": null,
            "common_shares": 5060629,
            "book_valuer_per_share": 16.57,
            "book_valuer_per_share_4q_avg": 16.57,
            "equity": 11738061,
            "current_ratio": 118.95,
            "debt_ratio": 70.86,
            "inventory_turnover_ratio": 0.35,
            "account_receivable_turnover_ratio": 1.76,
            "reinvestment_rate": 170.11,
            "research_to_sale_ratio": 0.91,
            "price_fair": 69.56,
            "eps_avg_yearly": 1.99,
            "eps_latest_yearly": 1.4,
            "eps_growth_yearly": 257.64
        },
        "20143": {
            "year_quarter": 20143,
            "year": 2014,
            "quarter": 3,
            "eps": -0.11,
            "eps_growth_year": -119.64,
            "eps_4q": 0.82,
            "eps_4q_growth_year": -55.11,
            "roe": -0.76,
            "roe_4q": 2.4799999999999995,
            "gross_profit": 2206016,
            "gross_margin": 28.4,
            "gross_margin_4q_avg": 29.7,
            "net_income": -89470,
            "net_income_4q": null,
            "revenue": 7767524,
            "revenue_4q": null,
            "common_shares": 5060629,
            "book_valuer_per_share": 16.61,
            "book_valuer_per_share_4q_avg": 16.63,
            "equity": 11730182,
            "current_ratio": 113.93,
            "debt_ratio": 70.53,
            "inventory_turnover_ratio": 0.38,
            "account_receivable_turnover_ratio": 1.73,
            "reinvestment_rate": 184.35,
            "research_to_sale_ratio": 1.04,
            "price_fair": 70.65,
            "eps_avg_yearly": 2.02,
            "eps_latest_yearly": 1.4,
            "eps_growth_yearly": 270.78
        },
        "20144": {
            "year_quarter": 20144,
            "year": 2014,
            "quarter": 4,
            "eps": -1.22,
            "eps_growth_year": -1616.75,
            "eps_4q": -0.48,
            "eps_4q_growth_year": -127.97,
            "roe": -5.85,
            "roe_4q": -3.37,
            "gross_profit": 1050739,
            "gross_margin": 22.33,
            "gross_margin_4q_avg": 27.99,
            "net_income": -666111,
            "net_income_4q": null,
            "revenue": 4704882,
            "revenue_4q": null,
            "common_shares": 5060629,
            "book_valuer_per_share": 15.47,
            "book_valuer_per_share_4q_avg": 16.39,
            "equity": 11045074,
            "current_ratio": 97.56,
            "debt_ratio": 71.82,
            "inventory_turnover_ratio": 0.43,
            "account_receivable_turnover_ratio": 1.29,
            "reinvestment_rate": 321.57,
            "research_to_sale_ratio": 1.43,
            "price_fair": 54.3,
            "eps_avg_yearly": 1.55,
            "eps_latest_yearly": 1.4,
            "eps_growth_yearly": 157.79
        },
        "20151": {
            "year_quarter": 20151,
            "year": 2015,
            "quarter": 1,
            "eps": -0.58,
            "eps_growth_year": -213.73,
            "eps_4q": -1.57,
            "eps_4q_growth_year": -194.96,
            "roe": -3.03,
            "roe_4q": -8.45,
            "gross_profit": 1261124,
            "gross_margin": 26.59,
            "gross_margin_4q_avg": 26.85,
            "net_income": -329252,
            "net_income_4q": null,
            "revenue": 4742993,
            "revenue_4q": null,
            "common_shares": 5060629,
            "book_valuer_per_share": 14.85,
            "book_valuer_per_share_4q_avg": 15.88,
            "equity": 10689261,
            "current_ratio": 95.55,
            "debt_ratio": 72.28,
            "inventory_turnover_ratio": 1.53,
            "account_receivable_turnover_ratio": 1.66,
            "reinvestment_rate": 405.28,
            "research_to_sale_ratio": 1.31,
            "price_fair": 53.85,
            "eps_avg_yearly": 1.54,
            "eps_latest_yearly": 1.4,
            "eps_growth_yearly": 194.51
        },
        "20152": {
            "year_quarter": 20152,
            "year": 2015,
            "quarter": 2,
            "eps": -0.61,
            "eps_growth_year": -274.29,
            "eps_4q": -2.53,
            "eps_4q_growth_year": -269.33,
            "roe": -2.63,
            "roe_4q": -12.27,
            "gross_profit": 1428295,
            "gross_margin": 25.97,
            "gross_margin_4q_avg": 25.82,
            "net_income": -276725,
            "net_income_4q": null,
            "revenue": 5500106,
            "revenue_4q": null,
            "common_shares": 5060629,
            "book_valuer_per_share": 14.16,
            "book_valuer_per_share_4q_avg": 15.27,
            "equity": 10370222,
            "current_ratio": 94.27,
            "debt_ratio": 72.92,
            "inventory_turnover_ratio": 1.86,
            "account_receivable_turnover_ratio": 1.82,
            "reinvestment_rate": 559.46,
            "research_to_sale_ratio": 0.95,
            "price_fair": 55.07,
            "eps_avg_yearly": 1.57,
            "eps_latest_yearly": 1.4,
            "eps_growth_yearly": 222.35
        },
        "20153": {
            "year_quarter": 20153,
            "year": 2015,
            "quarter": 3,
            "eps": -1.15,
            "eps_growth_year": null,
            "eps_4q": -3.56,
            "eps_4q_growth_year": -533.23,
            "roe": -8.03,
            "roe_4q": -19.54,
            "gross_profit": 1712326,
            "gross_margin": 29.27,
            "gross_margin_4q_avg": 26.04,
            "net_income": -804019,
            "net_income_4q": null,
            "revenue": 5851037,
            "revenue_4q": null,
            "common_shares": 5060629,
            "book_valuer_per_share": 13.19,
            "book_valuer_per_share_4q_avg": 14.42,
            "equity": 9660482,
            "current_ratio": 100.39,
            "debt_ratio": 75.46,
            "inventory_turnover_ratio": 2.07,
            "account_receivable_turnover_ratio": 1.75,
            "reinvestment_rate": 1303.67,
            "research_to_sale_ratio": 0.83,
            "price_fair": 55.24,
            "eps_avg_yearly": 1.58,
            "eps_latest_yearly": 1.4,
            "eps_growth_yearly": 229.58
        },
        "20154": {
            "year_quarter": 20154,
            "year": 2015,
            "quarter": 4,
            "eps": -1.44,
            "eps_growth_year": null,
            "eps_4q": -3.78,
            "eps_4q_growth_year": null,
            "roe": -8.64,
            "roe_4q": -22.330000000000002,
            "gross_profit": 1262247,
            "gross_margin": 27.14,
            "gross_margin_4q_avg": 27.24,
            "net_income": -783593,
            "net_income_4q": null,
            "revenue": 4650625,
            "revenue_4q": null,
            "common_shares": 5060629,
            "book_valuer_per_share": 11.51,
            "book_valuer_per_share_4q_avg": 13.43,
            "equity": 8470547,
            "current_ratio": 100.72,
            "debt_ratio": 76.78,
            "inventory_turnover_ratio": 1.92,
            "account_receivable_turnover_ratio": 1.57,
            "reinvestment_rate": null,
            "research_to_sale_ratio": 1.42,
            "price_fair": 57.26,
            "eps_avg_yearly": 1.64,
            "eps_latest_yearly": 1.4,
            "eps_growth_yearly": 266.22
        },
        "20161": {
            "year_quarter": 20161,
            "year": 2016,
            "quarter": 1,
            "eps": -0.21,
            "eps_growth_year": null,
            "eps_4q": -3.42,
            "eps_4q_growth_year": null,
            "roe": -0.98,
            "roe_4q": -20.279999999999998,
            "gross_profit": 843425,
            "gross_margin": 23.97,
            "gross_margin_4q_avg": 26.59,
            "net_income": -82461,
            "net_income_4q": null,
            "revenue": 3518095,
            "revenue_4q": null,
            "common_shares": 5060629,
            "book_valuer_per_share": 11.17,
            "book_valuer_per_share_4q_avg": 12.51,
            "equity": 8390843,
            "current_ratio": 93.44,
            "debt_ratio": 76.73,
            "inventory_turnover_ratio": 1.64,
            "account_receivable_turnover_ratio": 1.39,
            "reinvestment_rate": null,
            "research_to_sale_ratio": 1.72,
            "price_fair": 56,
            "eps_avg_yearly": 1.6,
            "eps_latest_yearly": 1.4,
            "eps_growth_yearly": 253.13
        },
        "20162": {
            "year_quarter": 20162,
            "year": 2016,
            "quarter": 2,
            "eps": -0.65,
            "eps_growth_year": null,
            "eps_4q": -3.45,
            "eps_4q_growth_year": null,
            "roe": -4.41,
            "roe_4q": -22.060000000000002,
            "gross_profit": 1347238,
            "gross_margin": 30.09,
            "gross_margin_4q_avg": 27.62,
            "net_income": -360367,
            "net_income_4q": null,
            "revenue": 4477982,
            "revenue_4q": null,
            "common_shares": 5060629,
            "book_valuer_per_share": 10.39,
            "book_valuer_per_share_4q_avg": 11.57,
            "equity": 7961856,
            "current_ratio": 83.98,
            "debt_ratio": 78.09,
            "inventory_turnover_ratio": 1.88,
            "account_receivable_turnover_ratio": 1.58,
            "reinvestment_rate": null,
            "research_to_sale_ratio": 1.3,
            "price_fair": 56.88,
            "eps_avg_yearly": 1.63,
            "eps_latest_yearly": 1.4,
            "eps_growth_yearly": 299.06
        },
        "20163": {
            "year_quarter": 20163,
            "year": 2016,
            "quarter": 3,
            "eps": -0.03,
            "eps_growth_year": null,
            "eps_4q": -2.33,
            "eps_4q_growth_year": null,
            "roe": 0.42,
            "roe_4q": -13.610000000000001,
            "gross_profit": 1614746,
            "gross_margin": 32.18,
            "gross_margin_4q_avg": 28.35,
            "net_income": 33100,
            "net_income_4q": null,
            "revenue": 5017922,
            "revenue_4q": null,
            "common_shares": 5060629,
            "book_valuer_per_share": 10.1,
            "book_valuer_per_share_4q_avg": 10.79,
            "equity": 7865890,
            "current_ratio": 95.16,
            "debt_ratio": 78.01,
            "inventory_turnover_ratio": 2.23,
            "account_receivable_turnover_ratio": 1.53,
            "reinvestment_rate": null,
            "research_to_sale_ratio": 1.25,
            "price_fair": 55.6,
            "eps_avg_yearly": 1.59,
            "eps_latest_yearly": 1.4,
            "eps_growth_yearly": 322.19
        },
        "20164": {
            "year_quarter": 20164,
            "year": 2016,
            "quarter": 4,
            "eps": -0.65,
            "eps_growth_year": null,
            "eps_4q": -1.53,
            "eps_4q_growth_year": null,
            "roe": -9.02,
            "roe_4q": -13.99,
            "gross_profit": 782930,
            "gross_margin": 19.27,
            "gross_margin_4q_avg": 26.38,
            "net_income": -674574,
            "net_income_4q": null,
            "revenue": 4062897,
            "revenue_4q": null,
            "common_shares": 5060629,
            "book_valuer_per_share": 9.26,
            "book_valuer_per_share_4q_avg": 10.23,
            "equity": 7089386,
            "current_ratio": 85.77,
            "debt_ratio": 79.07,
            "inventory_turnover_ratio": 0.45,
            "account_receivable_turnover_ratio": 1.37,
            "reinvestment_rate": null,
            "research_to_sale_ratio": 1.51,
            "price_fair": 60.43,
            "eps_avg_yearly": 1.73,
            "eps_latest_yearly": 1.4,
            "eps_growth_yearly": 415.61
        },
        "20171": {
            "year_quarter": 20171,
            "year": 2017,
            "quarter": 1,
            "eps": 0.09,
            "eps_growth_year": null,
            "eps_4q": -1.23,
            "eps_4q_growth_year": null,
            "roe": 2.64,
            "roe_4q": -10.37,
            "gross_profit": 940341,
            "gross_margin": 26.14,
            "gross_margin_4q_avg": 26.92,
            "net_income": 186714,
            "net_income_4q": null,
            "revenue": 3597795,
            "revenue_4q": null,
            "common_shares": 5060629,
            "book_valuer_per_share": 8.94,
            "book_valuer_per_share_4q_avg": 9.67,
            "equity": 7068422,
            "current_ratio": 104.1,
            "debt_ratio": 79.08,
            "inventory_turnover_ratio": 0.2,
            "account_receivable_turnover_ratio": 1.48,
            "reinvestment_rate": null,
            "research_to_sale_ratio": 1.66,
            "price_fair": 56.28,
            "eps_avg_yearly": 1.61,
            "eps_latest_yearly": 1.4,
            "eps_growth_yearly": 334.52
        },
        "20172": {
            "year_quarter": 20172,
            "year": 2017,
            "quarter": 2,
            "eps": 0.01,
            "eps_growth_year": null,
            "eps_4q": -0.58,
            "eps_4q_growth_year": null,
            "roe": -0.39,
            "roe_4q": -6.35,
            "gross_profit": 1295281,
            "gross_margin": 30.04,
            "gross_margin_4q_avg": 26.91,
            "net_income": -27289,
            "net_income_4q": null,
            "revenue": 4312569,
            "revenue_4q": null,
            "common_shares": 5060629,
            "book_valuer_per_share": 9.06,
            "book_valuer_per_share_4q_avg": 9.34,
            "equity": 7101711,
            "current_ratio": 111.9,
            "debt_ratio": 79.12,
            "inventory_turnover_ratio": 0.23,
            "account_receivable_turnover_ratio": 1.69,
            "reinvestment_rate": null,
            "research_to_sale_ratio": 1.41,
            "price_fair": 42.28,
            "eps_avg_yearly": 1.21,
            "eps_latest_yearly": 0.04,
            "eps_growth_yearly": 273.06
        },
        "20173": {
            "year_quarter": 20173,
            "year": 2017,
            "quarter": 3,
            "eps": 0.07,
            "eps_growth_year": null,
            "eps_4q": -0.48,
            "eps_4q_growth_year": null,
            "roe": 0.26,
            "roe_4q": -6.51,
            "gross_profit": 1743058,
            "gross_margin": 33.15,
            "gross_margin_4q_avg": 27.15,
            "net_income": 18612,
            "net_income_4q": null,
            "revenue": 5258841,
            "revenue_4q": null,
            "common_shares": 5060629,
            "book_valuer_per_share": 9.21,
            "book_valuer_per_share_4q_avg": 9.12,
            "equity": 7159544,
            "current_ratio": 102.51,
            "debt_ratio": 79.18,
            "inventory_turnover_ratio": 0.27,
            "account_receivable_turnover_ratio": 1.78,
            "reinvestment_rate": null,
            "research_to_sale_ratio": 1.23,
            "price_fair": 28.56,
            "eps_avg_yearly": 0.82,
            "eps_latest_yearly": 0.28,
            "eps_growth_yearly": 745.22
        },
        "20174": {
            "year_quarter": 20174,
            "year": 2017,
            "quarter": 4,
            "eps": 1.14,
            "eps_growth_year": null,
            "eps_4q": 1.31,
            "eps_4q_growth_year": null,
            "roe": 9.56,
            "roe_4q": 12.07,
            "gross_profit": 1574732,
            "gross_margin": 34.38,
            "gross_margin_4q_avg": 30.93,
            "net_income": 715388,
            "net_income_4q": null,
            "revenue": 4580125,
            "revenue_4q": null,
            "common_shares": 5060629,
            "book_valuer_per_share": 10.22,
            "book_valuer_per_share_4q_avg": 9.36,
            "equity": 7807916,
            "current_ratio": 103.45,
            "debt_ratio": 76.24,
            "inventory_turnover_ratio": 0.23,
            "account_receivable_turnover_ratio": 1.54,
            "reinvestment_rate": null,
            "research_to_sale_ratio": 1.32,
            "price_fair": 58.24,
            "eps_avg_yearly": 1.66,
            "eps_latest_yearly": 4.56,
            "eps_growth_yearly": 2036.65
        },
        "20181": {
            "year_quarter": 20181,
            "year": 2018,
            "quarter": 1,
            "eps": 0.23,
            "eps_growth_year": 155.56,
            "eps_4q": 1.45,
            "eps_4q_growth_year": null,
            "roe": 1.63,
            "roe_4q": 11.06,
            "gross_profit": 1104857,
            "gross_margin": 28.2,
            "gross_margin_4q_avg": 31.44,
            "net_income": 128231,
            "net_income_4q": null,
            "revenue": 3917347,
            "revenue_4q": null,
            "common_shares": 5060629,
            "book_valuer_per_share": 10.51,
            "book_valuer_per_share_4q_avg": 9.75,
            "equity": 7963158,
            "current_ratio": 102.36,
            "debt_ratio": 75.41,
            "inventory_turnover_ratio": 0.21,
            "account_receivable_turnover_ratio": 1.43,
            "reinvestment_rate": null,
            "research_to_sale_ratio": 1.54,
            "price_fair": 50.4,
            "eps_avg_yearly": 1.44,
            "eps_latest_yearly": 0.92,
            "eps_growth_yearly": 1542.79
        },
        "20182": {
            "year_quarter": 20182,
            "year": 2018,
            "quarter": 2,
            "eps": -0.11,
            "eps_growth_year": -1200,
            "eps_4q": 1.34,
            "eps_4q_growth_year": null,
            "roe": -2.27,
            "roe_4q": 9.18,
            "gross_profit": 1560312,
            "gross_margin": 31.77,
            "gross_margin_4q_avg": 31.88,
            "net_income": -179422,
            "net_income_4q": null,
            "revenue": 4911369,
            "revenue_4q": null,
            "common_shares": 5060629,
            "book_valuer_per_share": 10.46,
            "book_valuer_per_share_4q_avg": 10.1,
            "equity": 7812311,
            "current_ratio": 100.64,
            "debt_ratio": 76.75,
            "inventory_turnover_ratio": 0.25,
            "account_receivable_turnover_ratio": 1.63,
            "reinvestment_rate": null,
            "research_to_sale_ratio": 1.21,
            "price_fair": 50.75,
            "eps_avg_yearly": 1.45,
            "eps_latest_yearly": 0.92,
            "eps_growth_yearly": 1959.86
        },
        "20183": {
            "year_quarter": 20183,
            "year": 2018,
            "quarter": 3,
            "eps": 1.89,
            "eps_growth_year": 2600,
            "eps_4q": 3.16,
            "eps_4q_growth_year": null,
            "roe": 13.73,
            "roe_4q": 22.65,
            "gross_profit": 1905039,
            "gross_margin": 33.53,
            "gross_margin_4q_avg": 31.97,
            "net_income": 958571,
            "net_income_4q": null,
            "revenue": 5680844,
            "revenue_4q": null,
            "common_shares": 5060629,
            "book_valuer_per_share": 12.13,
            "book_valuer_per_share_4q_avg": 10.83,
            "equity": 6148800,
            "current_ratio": 91.49,
            "debt_ratio": 72.53,
            "inventory_turnover_ratio": 0.52,
            "account_receivable_turnover_ratio": 1.67,
            "reinvestment_rate": null,
            "research_to_sale_ratio": 1.12,
            "price_fair": 50.75,
            "eps_avg_yearly": 1.45,
            "eps_latest_yearly": 0.92,
            "eps_growth_yearly": 1959.86
        },
        "20184": {
            "year_quarter": 20184,
            "year": 2018,
            "quarter": 4,
            "eps": -0.08,
            "eps_growth_year": -106.58,
            "eps_4q": 1.94,
            "eps_4q_growth_year": 47.92,
            "roe": -0.62,
            "roe_4q": 12.470000000000002,
            "gross_profit": 1468341,
            "gross_margin": 29.8,
            "gross_margin_4q_avg": 30.83,
            "net_income": -38289,
            "net_income_4q": null,
            "revenue": 4927203,
            "revenue_4q": null,
            "common_shares": 5060629,
            "book_valuer_per_share": 12.23,
            "book_valuer_per_share_4q_avg": 11.33,
            "equity": 6200442,
            "current_ratio": 76.59,
            "debt_ratio": 70.81,
            "inventory_turnover_ratio": 2.76,
            "account_receivable_turnover_ratio": 1.55,
            "reinvestment_rate": null,
            "research_to_sale_ratio": 1.27,
            "price_fair": 50.75,
            "eps_avg_yearly": 1.45,
            "eps_latest_yearly": 0.92,
            "eps_growth_yearly": 1959.86
        },
        "20191": {
            "year_quarter": 20191,
            "year": 2019,
            "quarter": 1,
            "eps": 2.21,
            "eps_growth_year": 860.87,
            "eps_4q": 3.92,
            "eps_4q_growth_year": 170.19,
            "roe": 16.46,
            "roe_4q": 27.3,
            "gross_profit": 1349864,
            "gross_margin": 29.73,
            "gross_margin_4q_avg": 31.21,
            "net_income": 1119246,
            "net_income_4q": null,
            "revenue": 4540795,
            "revenue_4q": null,
            "common_shares": 5060629,
            "book_valuer_per_share": 14.59,
            "book_valuer_per_share_4q_avg": 12.35,
            "equity": 7397586,
            "current_ratio": 76.58,
            "debt_ratio": 64.12,
            "inventory_turnover_ratio": 2.45,
            "account_receivable_turnover_ratio": 1.56,
            "reinvestment_rate": -1307.46,
            "research_to_sale_ratio": 1.42,
            "price_fair": 50.75,
            "eps_avg_yearly": 1.45,
            "eps_latest_yearly": 0.92,
            "eps_growth_yearly": 1959.86
        },
        "20192": {
            "year_quarter": 20192,
            "year": 2019,
            "quarter": 2,
            "eps": 0.1,
            "eps_growth_year": null,
            "eps_4q": 4.13,
            "eps_4q_growth_year": 208.33,
            "roe": 0.67,
            "roe_4q": 30.240000000000002,
            "gross_profit": 1606166,
            "gross_margin": 30.7,
            "gross_margin_4q_avg": 30.94,
            "net_income": 48549,
            "net_income_4q": null,
            "revenue": 5232591,
            "revenue_4q": null,
            "common_shares": 5060629,
            "book_valuer_per_share": 13.81,
            "book_valuer_per_share_4q_avg": 13.19,
            "equity": 6998665,
            "current_ratio": 68.97,
            "debt_ratio": 66.07,
            "inventory_turnover_ratio": 2.59,
            "account_receivable_turnover_ratio": 1.67,
            "reinvestment_rate": -619.95,
            "research_to_sale_ratio": 1.04,
            "price_fair": 43.4,
            "eps_avg_yearly": 1.24,
            "eps_latest_yearly": 0.4,
            "eps_growth_yearly": 1491.51
        },
        "20193": {
            "year_quarter": 20193,
            "year": 2019,
            "quarter": 3,
            "eps": 0.25,
            "eps_growth_year": -86.77,
            "eps_4q": 2.48,
            "eps_4q_growth_year": -21.58,
            "roe": 1.78,
            "roe_4q": 18.29,
            "gross_profit": 1846956,
            "gross_margin": 32.64,
            "gross_margin_4q_avg": 30.72,
            "net_income": 124561,
            "net_income_4q": null,
            "revenue": 5658459,
            "revenue_4q": null,
            "common_shares": 5060629,
            "book_valuer_per_share": 13.85,
            "book_valuer_per_share_4q_avg": 13.62,
            "equity": 7019153,
            "current_ratio": 68.24,
            "debt_ratio": 64.67,
            "inventory_turnover_ratio": 2.73,
            "account_receivable_turnover_ratio": 1.74,
            "reinvestment_rate": -233.51,
            "research_to_sale_ratio": 1.05,
            "price_fair": 42,
            "eps_avg_yearly": 1.2,
            "eps_latest_yearly": 1,
            "eps_growth_yearly": 1342.92
        },
        "20194": {
            "year_quarter": 20194,
            "year": 2019,
            "quarter": 4,
            "eps": 0.12,
            "eps_growth_year": null,
            "eps_4q": 2.67,
            "eps_4q_growth_year": 37.39,
            "roe": 0.84,
            "roe_4q": 19.75,
            "gross_profit": 1319200,
            "gross_margin": 27.5,
            "gross_margin_4q_avg": 30.14,
            "net_income": 58523,
            "net_income_4q": null,
            "revenue": 4796274,
            "revenue_4q": null,
            "common_shares": 5060629,
            "book_valuer_per_share": 13.71,
            "book_valuer_per_share_4q_avg": 13.99,
            "equity": 6943795,
            "current_ratio": 89.66,
            "debt_ratio": 63.64,
            "inventory_turnover_ratio": 2.67,
            "account_receivable_turnover_ratio": 1.63,
            "reinvestment_rate": -146.28,
            "research_to_sale_ratio": 1.19,
            "price_fair": 38.4,
            "eps_avg_yearly": 1.1,
            "eps_latest_yearly": 0.48,
            "eps_growth_yearly": 1121.36
        },
        "20201": {
            "year_quarter": 20201,
            "year": 2020,
            "quarter": 1,
            "eps": 0.05,
            "eps_growth_year": -97.74,
            "eps_4q": 0.51,
            "eps_4q_growth_year": -87.07,
            "roe": 0.39,
            "roe_4q": 3.6799999999999997,
            "gross_profit": 1115755,
            "gross_margin": 28.07,
            "gross_margin_4q_avg": 29.73,
            "net_income": 25892,
            "net_income_4q": null,
            "revenue": 3974417,
            "revenue_4q": null,
            "common_shares": 5060629,
            "book_valuer_per_share": 12.38,
            "book_valuer_per_share_4q_avg": 13.44,
            "equity": 6274573,
            "current_ratio": 84.04,
            "debt_ratio": 66.93,
            "inventory_turnover_ratio": 2.06,
            "account_receivable_turnover_ratio": 1.54,
            "reinvestment_rate": -116.42,
            "research_to_sale_ratio": 1.29,
            "price_fair": 34.48,
            "eps_avg_yearly": 0.99,
            "eps_latest_yearly": 0.2,
            "eps_growth_yearly": 952.02
        },
        "20202": {
            "year_quarter": 20202,
            "year": 2020,
            "quarter": 2,
            "eps": 0.16,
            "eps_growth_year": 60,
            "eps_4q": 0.58,
            "eps_4q_growth_year": -86.06,
            "roe": 1.32,
            "roe_4q": 4.33,
            "gross_profit": 1330168,
            "gross_margin": 28.81,
            "gross_margin_4q_avg": 29.26,
            "net_income": 82992,
            "net_income_4q": null,
            "revenue": 4617445,
            "revenue_4q": null,
            "common_shares": 5060629,
            "book_valuer_per_share": 12.41,
            "book_valuer_per_share_4q_avg": 13.09,
            "equity": 6286315,
            "current_ratio": 82.56,
            "debt_ratio": 66.09,
            "inventory_turnover_ratio": 2.18,
            "account_receivable_turnover_ratio": 1.8,
            "reinvestment_rate": -95.27,
            "research_to_sale_ratio": 1.33,
            "price_fair": 33.13,
            "eps_avg_yearly": 0.95,
            "eps_latest_yearly": 0.64,
            "eps_growth_yearly": 944.02
        },
        "20203": {
            "year_quarter": 20203,
            "year": 2020,
            "quarter": 3,
            "eps": 0.42,
            "eps_growth_year": 68,
            "eps_4q": 0.75,
            "eps_4q_growth_year": -69.56,
            "roe": 3.35,
            "roe_4q": 5.8999999999999995,
            "gross_profit": 1638509,
            "gross_margin": 30.63,
            "gross_margin_4q_avg": 28.75,
            "net_income": 215176,
            "net_income_4q": null,
            "revenue": 5350187,
            "revenue_4q": null,
            "common_shares": 5060629,
            "book_valuer_per_share": 12.96,
            "book_valuer_per_share_4q_avg": 12.87,
            "equity": 6567344,
            "current_ratio": 84.94,
            "debt_ratio": 64.74,
            "inventory_turnover_ratio": 2.57,
            "account_receivable_turnover_ratio": 1.9,
            "reinvestment_rate": -79.47,
            "research_to_sale_ratio": 1.06,
            "price_fair": 35.7,
            "eps_avg_yearly": 1.02,
            "eps_latest_yearly": 1.68,
            "eps_growth_yearly": 914.62
        },
        "20204": {
            "year_quarter": 20204,
            "year": 2020,
            "quarter": 4,
            "eps": 0.42,
            "eps_growth_year": 263.47,
            "eps_4q": 1.06,
            "eps_4q_growth_year": -60.36,
            "roe": 3.16,
            "roe_4q": 8.22,
            "gross_profit": 1359831,
            "gross_margin": 28.88,
            "gross_margin_4q_avg": 29.1,
            "net_income": 212082,
            "net_income_4q": null,
            "revenue": 4708822,
            "revenue_4q": null,
            "common_shares": 5060629,
            "book_valuer_per_share": 13.53,
            "book_valuer_per_share_4q_avg": 12.82,
            "equity": 6855788,
            "current_ratio": 96.23,
            "debt_ratio": 61.98,
            "inventory_turnover_ratio": 2.6,
            "account_receivable_turnover_ratio": 1.71,
            "reinvestment_rate": -67.21,
            "research_to_sale_ratio": 1.27,
            "price_fair": 37.8,
            "eps_avg_yearly": 1.08,
            "eps_latest_yearly": 1.68,
            "eps_growth_yearly": 831.47
        },
        "20211": {
            "year_quarter": 20211,
            "year": 2021,
            "quarter": 1,
            "eps": 0.17,
            "eps_growth_year": 240,
            "eps_4q": 1.17,
            "eps_4q_growth_year": 131.4,
            "roe": 1.25,
            "roe_4q": 9.08,
            "gross_profit": 1276708,
            "gross_margin": 29.2,
            "gross_margin_4q_avg": 29.38,
            "net_income": 84608,
            "net_income_4q": null,
            "revenue": 4372012,
            "revenue_4q": null,
            "common_shares": 5060629,
            "book_valuer_per_share": 13.13,
            "book_valuer_per_share_4q_avg": 13.01,
            "equity": 6652868,
            "current_ratio": 94.73,
            "debt_ratio": 63.71,
            "inventory_turnover_ratio": 2.23,
            "account_receivable_turnover_ratio": 1.74,
            "reinvestment_rate": -62.46,
            "research_to_sale_ratio": 1.32,
            "price_fair": 36.63,
            "eps_avg_yearly": 1.05,
            "eps_latest_yearly": 0.68,
            "eps_growth_yearly": 742.34
        },
        "20212": {
            "year_quarter": 20212,
            "year": 2021,
            "quarter": 2,
            "eps": 0.2,
            "eps_growth_year": 25,
            "eps_4q": 1.21,
            "eps_4q_growth_year": 109.67,
            "roe": 1.49,
            "roe_4q": 9.25,
            "gross_profit": 1455278,
            "gross_margin": 29.45,
            "gross_margin_4q_avg": 29.54,
            "net_income": 99385,
            "net_income_4q": null,
            "revenue": 4941992,
            "revenue_4q": null,
            "common_shares": 5060629,
            "book_valuer_per_share": 13.27,
            "book_valuer_per_share_4q_avg": 13.22,
            "equity": 6722249,
            "current_ratio": 103.67,
            "debt_ratio": 64.73,
            "inventory_turnover_ratio": 2.16,
            "account_receivable_turnover_ratio": 1.86,
            "reinvestment_rate": -65.28,
            "research_to_sale_ratio": 1.13,
            "price_fair": 38.85,
            "eps_avg_yearly": 1.11,
            "eps_latest_yearly": 0.8,
            "eps_growth_yearly": 777.85
        },
        "20213": {
            "year_quarter": 20213,
            "year": 2021,
            "quarter": 3,
            "eps": 0.4,
            "eps_growth_year": -4.76,
            "eps_4q": 1.18,
            "eps_4q_growth_year": 56.67,
            "roe": 2.97,
            "roe_4q": 8.870000000000001,
            "gross_profit": 1646051,
            "gross_margin": 29.7,
            "gross_margin_4q_avg": 29.31,
            "net_income": 202741,
            "net_income_4q": null,
            "revenue": 5541869,
            "revenue_4q": null,
            "common_shares": 5060629,
            "book_valuer_per_share": 13.64,
            "book_valuer_per_share_4q_avg": 13.39,
            "equity": 6911623,
            "current_ratio": 106.49,
            "debt_ratio": 63.79,
            "inventory_turnover_ratio": 2.47,
            "account_receivable_turnover_ratio": 1.95,
            "reinvestment_rate": -65.98,
            "research_to_sale_ratio": 1,
            "price_fair": 42.7,
            "eps_avg_yearly": 1.22,
            "eps_latest_yearly": 1.6,
            "eps_growth_yearly": 611.19
        },
        "20214": {
            "year_quarter": 20214,
            "year": 2021,
            "quarter": 4,
            "eps": 0.24,
            "eps_growth_year": -42.92,
            "eps_4q": 1,
            "eps_4q_growth_year": -5.27,
            "roe": 1.73,
            "roe_4q": 7.44,
            "gross_profit": 1404814,
            "gross_margin": 28.31,
            "gross_margin_4q_avg": 29.17,
            "net_income": 121092,
            "net_income_4q": null,
            "revenue": 4961989,
            "revenue_4q": null,
            "common_shares": 5060629,
            "book_valuer_per_share": 13.92,
            "book_valuer_per_share_4q_avg": 13.49,
            "equity": 7052053,
            "current_ratio": 99.86,
            "debt_ratio": 60.73,
            "inventory_turnover_ratio": 2.47,
            "account_receivable_turnover_ratio": 1.79,
            "reinvestment_rate": -61.27,
            "research_to_sale_ratio": 1.14,
            "price_fair": 32.2,
            "eps_avg_yearly": 0.92,
            "eps_latest_yearly": 0.96,
            "eps_growth_yearly": 88.33
        },
        "20221": {
            "year_quarter": 20221,
            "year": 2022,
            "quarter": 1,
            "eps": 0.19,
            "eps_growth_year": 11.76,
            "eps_4q": 1.02,
            "eps_4q_growth_year": -12.67,
            "roe": 1.37,
            "roe_4q": 7.5600000000000005,
            "gross_profit": 1299679,
            "gross_margin": 28.56,
            "gross_margin_4q_avg": 29.01,
            "net_income": 96288,
            "net_income_4q": null,
            "revenue": 4550665,
            "revenue_4q": null,
            "common_shares": 5060629,
            "book_valuer_per_share": 13.88,
            "book_valuer_per_share_4q_avg": 13.68,
            "equity": 7030024,
            "current_ratio": 95.45,
            "debt_ratio": 62.26,
            "inventory_turnover_ratio": 2.23,
            "account_receivable_turnover_ratio": 1.74,
            "reinvestment_rate": -62.07,
            "research_to_sale_ratio": 1.14,
            "price_fair": 31.73,
            "eps_avg_yearly": 0.91,
            "eps_latest_yearly": 0.76,
            "eps_growth_yearly": 107.99
        },
        "20222": {
            "year_quarter": 20222,
            "year": 2022,
            "quarter": 2,
            "eps": 0.18,
            "eps_growth_year": -10,
            "eps_4q": 1.01,
            "eps_4q_growth_year": -16.47,
            "roe": 1.28,
            "roe_4q": 7.350000000000001,
            "gross_profit": 1376959,
            "gross_margin": 28.03,
            "gross_margin_4q_avg": 28.65,
            "net_income": 90422,
            "net_income_4q": null,
            "revenue": 4912482,
            "revenue_4q": null,
            "common_shares": 5060629,
            "book_valuer_per_share": 13.96,
            "book_valuer_per_share_4q_avg": 13.85,
            "equity": 7070777,
            "current_ratio": 90.19,
            "debt_ratio": 63.19,
            "inventory_turnover_ratio": 2.24,
            "account_receivable_turnover_ratio": 1.75,
            "reinvestment_rate": -64.04,
            "research_to_sale_ratio": 1,
            "price_fair": 31.23,
            "eps_avg_yearly": 0.89,
            "eps_latest_yearly": 0.72,
            "eps_growth_yearly": 98.07
        },
        "20223": {
            "year_quarter": 20223,
            "year": 2022,
            "quarter": 3,
            "eps": 0.28,
            "eps_growth_year": -30,
            "eps_4q": 0.88,
            "eps_4q_growth_year": -25.17,
            "roe": 1.96,
            "roe_4q": 6.34,
            "gross_profit": 1621522,
            "gross_margin": 28.19,
            "gross_margin_4q_avg": 28.27,
            "net_income": 140372,
            "net_income_4q": null,
            "revenue": 5751267,
            "revenue_4q": null,
            "common_shares": 5060629,
            "book_valuer_per_share": 14.33,
            "book_valuer_per_share_4q_avg": 14.02,
            "equity": 7260618,
            "current_ratio": 97.71,
            "debt_ratio": 60.54,
            "inventory_turnover_ratio": 2.62,
            "account_receivable_turnover_ratio": 1.95,
            "reinvestment_rate": -71.55,
            "research_to_sale_ratio": 0.95,
            "price_fair": 31.8,
            "eps_avg_yearly": 0.91,
            "eps_latest_yearly": 1.12,
            "eps_growth_yearly": 106.94
        },
        "20224": {
            "year_quarter": 20224,
            "year": 2022,
            "quarter": 4,
            "eps": -0.17,
            "eps_growth_year": -171.32,
            "eps_4q": 0.47,
            "eps_4q_growth_year": -52.61,
            "roe": -1.19,
            "roe_4q": 3.42,
            "gross_profit": 1199886,
            "gross_margin": 25.22,
            "gross_margin_4q_avg": 27.5,
            "net_income": -85999,
            "net_income_4q": null,
            "revenue": 4758418,
            "revenue_4q": null,
            "common_shares": 5060629,
            "book_valuer_per_share": 14.28,
            "book_valuer_per_share_4q_avg": 14.11,
            "equity": 7232656,
            "current_ratio": 92.21,
            "debt_ratio": 58.92,
            "inventory_turnover_ratio": 2.31,
            "account_receivable_turnover_ratio": 1.76,
            "reinvestment_rate": -32.36,
            "research_to_sale_ratio": 1.15,
            "price_fair": 31.8,
            "eps_avg_yearly": 0.91,
            "eps_latest_yearly": 1.12,
            "eps_growth_yearly": 106.94
        },
        "20231": {
            "year_quarter": 20231,
            "year": 2023,
            "quarter": 1,
            "eps": 0.25,
            "eps_growth_year": 31.58,
            "eps_4q": 0.54,
            "eps_4q_growth_year": -47.57,
            "roe": 1.77,
            "roe_4q": 3.8200000000000003,
            "gross_profit": 1295644,
            "gross_margin": 27.05,
            "gross_margin_4q_avg": 27.12,
            "net_income": 128047,
            "net_income_4q": null,
            "revenue": 4789271,
            "revenue_4q": null,
            "common_shares": 5060629,
            "book_valuer_per_share": 14.32,
            "book_valuer_per_share_4q_avg": 14.22,
            "equity": 7255682,
            "current_ratio": 99.38,
            "debt_ratio": 61.31,
            "inventory_turnover_ratio": 2.18,
            "account_receivable_turnover_ratio": 1.92,
            "reinvestment_rate": -70.36,
            "research_to_sale_ratio": 1.04,
            "price_fair": 31.8,
            "eps_avg_yearly": 0.91,
            "eps_latest_yearly": 1.12,
            "eps_growth_yearly": 106.94
        },
        "20232": {
            "year_quarter": 20232,
            "year": 2023,
            "quarter": 2,
            "eps": 0.07,
            "eps_growth_year": -61.11,
            "eps_4q": 0.43,
            "eps_4q_growth_year": -57.25,
            "roe": 0.5,
            "roe_4q": 3.04,
            "gross_profit": 1391135,
            "gross_margin": 26.52,
            "gross_margin_4q_avg": 26.75,
            "net_income": 36411,
            "net_income_4q": null,
            "revenue": 5244647,
            "revenue_4q": null,
            "common_shares": 5060629,
            "book_valuer_per_share": 14.23,
            "book_valuer_per_share_4q_avg": 14.29,
            "equity": 7210142,
            "current_ratio": 97.74,
            "debt_ratio": 62.33,
            "inventory_turnover_ratio": 2.22,
            "account_receivable_turnover_ratio": 2.03,
            "reinvestment_rate": -88.32,
            "research_to_sale_ratio": 1.22,
            "price_fair": 31.5,
            "eps_avg_yearly": 0.9,
            "eps_latest_yearly": 0.28,
            "eps_growth_yearly": 113.64
        },
        "20233": {
            "year_quarter": 20233,
            "year": 2023,
            "quarter": 3,
            "eps": 0.13,
            "eps_growth_year": -53.57,
            "eps_4q": 0.28,
            "eps_4q_growth_year": -68.77,
            "roe": 0.85,
            "roe_4q": 1.9300000000000002,
            "gross_profit": 1632489,
            "gross_margin": 27.41,
            "gross_margin_4q_avg": 26.55,
            "net_income": 62232,
            "net_income_4q": null,
            "revenue": 5956412,
            "revenue_4q": null,
            "common_shares": 5060629,
            "book_valuer_per_share": 14.61,
            "book_valuer_per_share_4q_avg": 14.36,
            "equity": 7400670,
            "current_ratio": 96.19,
            "debt_ratio": 60.91,
            "inventory_turnover_ratio": 2.49,
            "account_receivable_turnover_ratio": 2.03,
            "reinvestment_rate": -78.88,
            "research_to_sale_ratio": 1.07,
            "price_fair": 30.3,
            "eps_avg_yearly": 0.87,
            "eps_latest_yearly": 0.52,
            "eps_growth_yearly": 95.28
        }
    },
    "months": {
        "2001-06": {
            "month": "2001-06",
            "price": "9.08",
            "revenue": 832872
        },
        "2001-07": {
            "month": "2001-07",
            "price": "8.14",
            "revenue": 836273
        },
        "2001-08": {
            "month": "2001-08",
            "price": "7.42",
            "revenue": 947676
        },
        "2001-09": {
            "month": "2001-09",
            "price": "6.26",
            "revenue": 846336
        },
        "2001-10": {
            "month": "2001-10",
            "price": "5.05",
            "revenue": 818857
        },
        "2001-11": {
            "month": "2001-11",
            "price": "5.02",
            "revenue": 711491
        },
        "2001-12": {
            "month": "2001-12",
            "price": "5.79",
            "revenue": 669120
        },
        "2002-01": {
            "month": "2002-01",
            "price": "6.52",
            "revenue": 628757
        },
        "2002-02": {
            "month": "2002-02",
            "price": "6.07",
            "revenue": 546538
        },
        "2002-03": {
            "month": "2002-03",
            "price": "6.60",
            "revenue": 696775
        },
        "2002-04": {
            "month": "2002-04",
            "price": "7.65",
            "revenue": 758181
        },
        "2002-05": {
            "month": "2002-05",
            "price": "7.82",
            "revenue": 842748
        },
        "2002-06": {
            "month": "2002-06",
            "price": "7.78",
            "revenue": 870277
        },
        "2002-07": {
            "month": "2002-07",
            "price": "7.77",
            "revenue": 937960
        },
        "2002-08": {
            "month": "2002-08",
            "price": "7.33",
            "revenue": 1013569
        },
        "2002-09": {
            "month": "2002-09",
            "price": "6.48",
            "revenue": 838874
        },
        "2002-10": {
            "month": "2002-10",
            "price": "6.25",
            "revenue": 824321
        },
        "2002-11": {
            "month": "2002-11",
            "price": "9.23",
            "revenue": 697686
        },
        "2002-12": {
            "month": "2002-12",
            "price": "11.43",
            "revenue": 730575
        },
        "2003-01": {
            "month": "2003-01",
            "price": "13.32",
            "revenue": 666286
        },
        "2003-02": {
            "month": "2003-02",
            "price": "11.66",
            "revenue": 702193
        },
        "2003-03": {
            "month": "2003-03",
            "price": "10.34",
            "revenue": 830782
        },
        "2003-04": {
            "month": "2003-04",
            "price": "9.65",
            "revenue": 841748
        },
        "2003-05": {
            "month": "2003-05",
            "price": "7.96",
            "revenue": 941962
        },
        "2003-06": {
            "month": "2003-06",
            "price": "9.22",
            "revenue": 882794
        },
        "2003-07": {
            "month": "2003-07",
            "price": "9.40",
            "revenue": 1065127
        },
        "2003-08": {
            "month": "2003-08",
            "price": "9.36",
            "revenue": 1025858
        },
        "2003-09": {
            "month": "2003-09",
            "price": "8.66",
            "revenue": 949110
        },
        "2003-10": {
            "month": "2003-10",
            "price": "9.08",
            "revenue": 831018
        },
        "2003-11": {
            "month": "2003-11",
            "price": "9.80",
            "revenue": 751633
        },
        "2003-12": {
            "month": "2003-12",
            "price": "9.37",
            "revenue": 679527
        },
        "2004-01": {
            "month": "2004-01",
            "price": "12.02",
            "revenue": 636947
        },
        "2004-02": {
            "month": "2004-02",
            "price": "13.76",
            "revenue": 616358
        },
        "2004-03": {
            "month": "2004-03",
            "price": "14.36",
            "revenue": 700884
        },
        "2004-04": {
            "month": "2004-04",
            "price": "15.17",
            "revenue": 759610
        },
        "2004-05": {
            "month": "2004-05",
            "price": "13.85",
            "revenue": 852032
        },
        "2004-06": {
            "month": "2004-06",
            "price": "12.62",
            "revenue": 849676
        },
        "2004-07": {
            "month": "2004-07",
            "price": "12.15",
            "revenue": 1004715
        },
        "2004-08": {
            "month": "2004-08",
            "price": "11.08",
            "revenue": 1074788
        },
        "2004-09": {
            "month": "2004-09",
            "price": "11.71",
            "revenue": 926618
        },
        "2004-10": {
            "month": "2004-10",
            "price": "11.58",
            "revenue": 787312
        },
        "2004-11": {
            "month": "2004-11",
            "price": "11.03",
            "revenue": 743192
        },
        "2004-12": {
            "month": "2004-12",
            "price": "11.33",
            "revenue": 724958
        },
        "2005-01": {
            "month": "2005-01",
            "price": "11.95",
            "revenue": 669370
        },
        "2005-02": {
            "month": "2005-02",
            "price": "11.47",
            "revenue": 547472
        },
        "2005-03": {
            "month": "2005-03",
            "price": "11.15",
            "revenue": 658594
        },
        "2005-04": {
            "month": "2005-04",
            "price": "9.57",
            "revenue": 779660
        },
        "2005-05": {
            "month": "2005-05",
            "price": "9.59",
            "revenue": 874858
        },
        "2005-06": {
            "month": "2005-06",
            "price": "10.68",
            "revenue": 933508
        },
        "2005-07": {
            "month": "2005-07",
            "price": "10.30",
            "revenue": 1050451
        },
        "2005-08": {
            "month": "2005-08",
            "price": "10.50",
            "revenue": 987339
        },
        "2005-09": {
            "month": "2005-09",
            "price": "9.61",
            "revenue": 920330
        },
        "2005-10": {
            "month": "2005-10",
            "price": "8.76",
            "revenue": 867487
        },
        "2005-11": {
            "month": "2005-11",
            "price": "8.94",
            "revenue": 781599
        },
        "2005-12": {
            "month": "2005-12",
            "price": "9.53",
            "revenue": 725114
        },
        "2006-01": {
            "month": "2006-01",
            "price": "9.26",
            "revenue": 747725
        },
        "2006-02": {
            "month": "2006-02",
            "price": "9.19",
            "revenue": 627678
        },
        "2006-03": {
            "month": "2006-03",
            "price": "8.67",
            "revenue": 730084
        },
        "2006-04": {
            "month": "2006-04",
            "price": "9.26",
            "revenue": 843888
        },
        "2006-05": {
            "month": "2006-05",
            "price": "12.42",
            "revenue": 960887
        },
        "2006-06": {
            "month": "2006-06",
            "price": "12.33",
            "revenue": 1000509
        },
        "2006-07": {
            "month": "2006-07",
            "price": "11.77",
            "revenue": 1135955
        },
        "2006-08": {
            "month": "2006-08",
            "price": "11.66",
            "revenue": 976437
        },
        "2006-09": {
            "month": "2006-09",
            "price": "12.14",
            "revenue": 1004810
        },
        "2006-10": {
            "month": "2006-10",
            "price": "14.24",
            "revenue": 913419
        },
        "2006-11": {
            "month": "2006-11",
            "price": "17.50",
            "revenue": 840118
        },
        "2006-12": {
            "month": "2006-12",
            "price": "20.08",
            "revenue": 792495
        },
        "2007-01": {
            "month": "2007-01",
            "price": "23.90",
            "revenue": 738027
        },
        "2007-02": {
            "month": "2007-02",
            "price": "25.37",
            "revenue": 698144
        },
        "2007-03": {
            "month": "2007-03",
            "price": "23.60",
            "revenue": 773474
        },
        "2007-04": {
            "month": "2007-04",
            "price": "26.97",
            "revenue": 804036
        },
        "2007-05": {
            "month": "2007-05",
            "price": "26.73",
            "revenue": 972365
        },
        "2007-06": {
            "month": "2007-06",
            "price": "26.44",
            "revenue": 960170
        },
        "2007-07": {
            "month": "2007-07",
            "price": "27.33",
            "revenue": 1091437
        },
        "2007-08": {
            "month": "2007-08",
            "price": "23.88",
            "revenue": 1170694
        },
        "2007-09": {
            "month": "2007-09",
            "price": "23.54",
            "revenue": 1050518
        },
        "2007-10": {
            "month": "2007-10",
            "price": "23.33",
            "revenue": 997002
        },
        "2007-11": {
            "month": "2007-11",
            "price": "18.92",
            "revenue": 840117
        },
        "2007-12": {
            "month": "2007-12",
            "price": "16.77",
            "revenue": 832728
        },
        "2008-01": {
            "month": "2008-01",
            "price": "18.18",
            "revenue": 839416
        },
        "2008-02": {
            "month": "2008-02",
            "price": "18.55",
            "revenue": 723632
        },
        "2008-03": {
            "month": "2008-03",
            "price": "21.05",
            "revenue": 841565
        },
        "2008-04": {
            "month": "2008-04",
            "price": "22.05",
            "revenue": 894912
        },
        "2008-05": {
            "month": "2008-05",
            "price": "22.43",
            "revenue": 977249
        },
        "2008-06": {
            "month": "2008-06",
            "price": "18.59",
            "revenue": 1010108
        },
        "2008-07": {
            "month": "2008-07",
            "price": "16.55",
            "revenue": 1230862
        },
        "2008-08": {
            "month": "2008-08",
            "price": "19.34",
            "revenue": 1127685
        },
        "2008-09": {
            "month": "2008-09",
            "price": "17.29",
            "revenue": 1057069
        },
        "2008-10": {
            "month": "2008-10",
            "price": "16.86",
            "revenue": 1038468
        },
        "2008-11": {
            "month": "2008-11",
            "price": "18.53",
            "revenue": 938991
        },
        "2008-12": {
            "month": "2008-12",
            "price": "20.17",
            "revenue": 906631
        },
        "2009-01": {
            "month": "2009-01",
            "price": "21.60",
            "revenue": 929261
        },
        "2009-02": {
            "month": "2009-02",
            "price": "18.72",
            "revenue": 825172
        },
        "2009-03": {
            "month": "2009-03",
            "price": "19.15",
            "revenue": 955944
        },
        "2009-04": {
            "month": "2009-04",
            "price": "25.49",
            "revenue": 951617
        },
        "2009-05": {
            "month": "2009-05",
            "price": "29.28",
            "revenue": 1079333
        },
        "2009-06": {
            "month": "2009-06",
            "price": "32.81",
            "revenue": 1063197
        },
        "2009-07": {
            "month": "2009-07",
            "price": "41.60",
            "revenue": 1127609
        },
        "2009-08": {
            "month": "2009-08",
            "price": "38.88",
            "revenue": 1292373
        },
        "2009-09": {
            "month": "2009-09",
            "price": "42.52",
            "revenue": 1154766
        },
        "2009-10": {
            "month": "2009-10",
            "price": "44.06",
            "revenue": 1095062
        },
        "2009-11": {
            "month": "2009-11",
            "price": "45.60",
            "revenue": 1008451
        },
        "2009-12": {
            "month": "2009-12",
            "price": "45.16",
            "revenue": 971976
        },
        "2010-01": {
            "month": "2010-01",
            "price": "40.02",
            "revenue": 990701
        },
        "2010-02": {
            "month": "2010-02",
            "price": "32.25",
            "revenue": 896858
        },
        "2010-03": {
            "month": "2010-03",
            "price": "36.53",
            "revenue": 1034701
        },
        "2010-04": {
            "month": "2010-04",
            "price": "37.58",
            "revenue": 1075394
        },
        "2010-05": {
            "month": "2010-05",
            "price": "33.31",
            "revenue": 1180106
        },
        "2010-06": {
            "month": "2010-06",
            "price": "36.41",
            "revenue": 1156319
        },
        "2010-07": {
            "month": "2010-07",
            "price": "37.51",
            "revenue": 1227124
        },
        "2010-08": {
            "month": "2010-08",
            "price": "37.20",
            "revenue": 1241194
        },
        "2010-09": {
            "month": "2010-09",
            "price": "34.67",
            "revenue": 1190111
        },
        "2010-10": {
            "month": "2010-10",
            "price": "36.54",
            "revenue": 1108691
        },
        "2010-11": {
            "month": "2010-11",
            "price": "34.65",
            "revenue": 1061007
        },
        "2010-12": {
            "month": "2010-12",
            "price": "36.04",
            "revenue": 1075289
        },
        "2011-01": {
            "month": "2011-01",
            "price": "36.37",
            "revenue": 1110017
        },
        "2011-02": {
            "month": "2011-02",
            "price": "33.90",
            "revenue": 896623
        },
        "2011-03": {
            "month": "2011-03",
            "price": "32.35",
            "revenue": 1095331
        },
        "2011-04": {
            "month": "2011-04",
            "price": "32.74",
            "revenue": 1123263
        },
        "2011-05": {
            "month": "2011-05",
            "price": "33.77",
            "revenue": 1226863
        },
        "2011-06": {
            "month": "2011-06",
            "price": "32.01",
            "revenue": 1179454
        },
        "2011-07": {
            "month": "2011-07",
            "price": "34.84",
            "revenue": 1272576
        },
        "2011-08": {
            "month": "2011-08",
            "price": "36.56",
            "revenue": 1263103
        },
        "2011-09": {
            "month": "2011-09",
            "price": "32.46",
            "revenue": 1236898
        },
        "2011-10": {
            "month": "2011-10",
            "price": "30.82",
            "revenue": 1161975
        },
        "2011-11": {
            "month": "2011-11",
            "price": "32.46",
            "revenue": 1140226
        },
        "2011-12": {
            "month": "2011-12",
            "price": "31.99",
            "revenue": 1127058
        },
        "2012-01": {
            "month": "2012-01",
            "price": "32.16",
            "revenue": 1115106
        },
        "2012-02": {
            "month": "2012-02",
            "price": "34.57",
            "revenue": 1022158
        },
        "2012-03": {
            "month": "2012-03",
            "price": "34.57",
            "revenue": 1244891
        },
        "2012-04": {
            "month": "2012-04",
            "price": "32.64",
            "revenue": 1207477
        },
        "2012-05": {
            "month": "2012-05",
            "price": "32.53",
            "revenue": 1349332
        },
        "2012-06": {
            "month": "2012-06",
            "price": "30.19",
            "revenue": 1323666
        },
        "2012-07": {
            "month": "2012-07",
            "price": "30.85",
            "revenue": 1394392
        },
        "2012-08": {
            "month": "2012-08",
            "price": "31.82",
            "revenue": 1437262
        },
        "2012-09": {
            "month": "2012-09",
            "price": "34.71",
            "revenue": 1354979
        },
        "2012-10": {
            "month": "2012-10",
            "price": "33.59",
            "revenue": 1233382
        },
        "2012-11": {
            "month": "2012-11",
            "price": "33.33",
            "revenue": 1199157
        },
        "2012-12": {
            "month": "2012-12",
            "price": "35.07",
            "revenue": 1209287
        },
        "2013-01": {
            "month": "2013-01",
            "price": "40.57",
            "revenue": 2293196
        },
        "2013-02": {
            "month": "2013-02",
            "price": "43.25",
            "revenue": 2065554
        },
        "2013-03": {
            "month": "2013-03",
            "price": "44.82",
            "revenue": 2477894
        },
        "2013-04": {
            "month": "2013-04",
            "price": "43.97",
            "revenue": 2434253
        },
        "2013-05": {
            "month": "2013-05",
            "price": "48.25",
            "revenue": 2652825
        },
        "2013-06": {
            "month": "2013-06",
            "price": "50.33",
            "revenue": 2506333
        },
        "2013-07": {
            "month": "2013-07",
            "price": "55.60",
            "revenue": 2831715
        },
        "2013-08": {
            "month": "2013-08",
            "price": "55.69",
            "revenue": 2814226
        },
        "2013-09": {
            "month": "2013-09",
            "price": "57.60",
            "revenue": 2642064
        },
        "2013-10": {
            "month": "2013-10",
            "price": "57.60",
            "revenue": 2448759
        },
        "2013-11": {
            "month": "2013-11",
            "price": "48.42",
            "revenue": 2203239
        },
        "2013-12": {
            "month": "2013-12",
            "price": "50.58",
            "revenue": 2087971
        },
        "2014-01": {
            "month": "2014-01",
            "price": "49.64",
            "revenue": 2345095
        },
        "2014-02": {
            "month": "2014-02",
            "price": "49.51",
            "revenue": 1840366
        },
        "2014-03": {
            "month": "2014-03",
            "price": "47.78",
            "revenue": 2428421
        },
        "2014-04": {
            "month": "2014-04",
            "price": "45.31",
            "revenue": 2448508
        },
        "2014-05": {
            "month": "2014-05",
            "price": "43.83",
            "revenue": 2500175
        },
        "2014-06": {
            "month": "2014-06",
            "price": "45.12",
            "revenue": 2444614
        },
        "2014-07": {
            "month": "2014-07",
            "price": "47.42",
            "revenue": 2795122
        },
        "2014-08": {
            "month": "2014-08",
            "price": "45.09",
            "revenue": 2598207
        },
        "2014-09": {
            "month": "2014-09",
            "price": "38.95",
            "revenue": 2422226
        },
        "2014-10": {
            "month": "2014-10",
            "price": "28.44",
            "revenue": 1862693
        },
        "2014-11": {
            "month": "2014-11",
            "price": "27.35",
            "revenue": 1458861
        },
        "2014-12": {
            "month": "2014-12",
            "price": "25.43",
            "revenue": 1435636
        },
        "2015-01": {
            "month": "2015-01",
            "price": "25.01",
            "revenue": 1657494
        },
        "2015-02": {
            "month": "2015-02",
            "price": "25.28",
            "revenue": 1410347
        },
        "2015-03": {
            "month": "2015-03",
            "price": "25.38",
            "revenue": 1633813
        },
        "2015-04": {
            "month": "2015-04",
            "price": "24.28",
            "revenue": 1747838
        },
        "2015-05": {
            "month": "2015-05",
            "price": "22.60",
            "revenue": 1887596
        },
        "2015-06": {
            "month": "2015-06",
            "price": "20.06",
            "revenue": 1891535
        },
        "2015-07": {
            "month": "2015-07",
            "price": "20.19",
            "revenue": 2026924
        },
        "2015-08": {
            "month": "2015-08",
            "price": "21.29",
            "revenue": 2131844
        },
        "2015-09": {
            "month": "2015-09",
            "price": "19.39",
            "revenue": 1806688
        },
        "2015-10": {
            "month": "2015-10",
            "price": "20.10",
            "revenue": 1764637
        },
        "2015-11": {
            "month": "2015-11",
            "price": "19.27",
            "revenue": 1549255
        },
        "2015-12": {
            "month": "2015-12",
            "price": "17.59",
            "revenue": 1223504
        },
        "2016-01": {
            "month": "2016-01",
            "price": "17.35",
            "revenue": 1213101
        },
        "2016-02": {
            "month": "2016-02",
            "price": "17.95",
            "revenue": 1063098
        },
        "2016-03": {
            "month": "2016-03",
            "price": "20.33",
            "revenue": 1241896
        },
        "2016-04": {
            "month": "2016-04",
            "price": "19.94",
            "revenue": 1325001
        },
        "2016-05": {
            "month": "2016-05",
            "price": "19.15",
            "revenue": 1635617
        },
        "2016-06": {
            "month": "2016-06",
            "price": "20.75",
            "revenue": 1668901
        },
        "2016-07": {
            "month": "2016-07",
            "price": "20.41",
            "revenue": 1717480
        },
        "2016-08": {
            "month": "2016-08",
            "price": "19.75",
            "revenue": 1763703
        },
        "2016-09": {
            "month": "2016-09",
            "price": "18.49",
            "revenue": 1672012
        },
        "2016-10": {
            "month": "2016-10",
            "price": "17.94",
            "revenue": 1522441
        },
        "2016-11": {
            "month": "2016-11",
            "price": "17.76",
            "revenue": 1296935
        },
        "2016-12": {
            "month": "2016-12",
            "price": "17.79",
            "revenue": 1226869
        },
        "2017-01": {
            "month": "2017-01",
            "price": "17.85",
            "revenue": 1213521
        },
        "2017-02": {
            "month": "2017-02",
            "price": "19.21",
            "revenue": 1127074
        },
        "2017-03": {
            "month": "2017-03",
            "price": "18.75",
            "revenue": 1267283
        },
        "2017-04": {
            "month": "2017-04",
            "price": "17.89",
            "revenue": 1331729
        },
        "2017-05": {
            "month": "2017-05",
            "price": "18.88",
            "revenue": 1476996
        },
        "2017-06": {
            "month": "2017-06",
            "price": "18.92",
            "revenue": 1536126
        },
        "2017-07": {
            "month": "2017-07",
            "price": "18.78",
            "revenue": 1745969
        },
        "2017-08": {
            "month": "2017-08",
            "price": "18.64",
            "revenue": 1785571
        },
        "2017-09": {
            "month": "2017-09",
            "price": "18.79",
            "revenue": 1685062
        },
        "2017-10": {
            "month": "2017-10",
            "price": "19.82",
            "revenue": 1559834
        },
        "2017-11": {
            "month": "2017-11",
            "price": "19.60",
            "revenue": 1642814
        },
        "2017-12": {
            "month": "2017-12",
            "price": "19.90",
            "revenue": 1345880
        },
        "2018-01": {
            "month": "2018-01",
            "price": "22.72",
            "revenue": 1301271
        },
        "2018-02": {
            "month": "2018-02",
            "price": "22.35",
            "revenue": 1220516
        },
        "2018-03": {
            "month": "2018-03",
            "price": "23.19",
            "revenue": 1380961
        },
        "2018-04": {
            "month": "2018-04",
            "price": "23.93",
            "revenue": 1497842
        },
        "2018-05": {
            "month": "2018-05",
            "price": "23.15",
            "revenue": 1693716
        },
        "2018-06": {
            "month": "2018-06",
            "price": "23.96",
            "revenue": 1720797
        },
        "2018-07": {
            "month": "2018-07",
            "price": "23.83",
            "revenue": 1899582
        },
        "2018-08": {
            "month": "2018-08",
            "price": "23.25",
            "revenue": 1927383
        },
        "2018-09": {
            "month": "2018-09",
            "price": "22.42",
            "revenue": 1857221
        },
        "2018-10": {
            "month": "2018-10",
            "price": "19.94",
            "revenue": 1772387
        },
        "2018-11": {
            "month": "2018-11",
            "price": "20.72",
            "revenue": 1633866
        },
        "2018-12": {
            "month": "2018-12",
            "price": "22.64",
            "revenue": 1536834
        },
        "2019-01": {
            "month": "2019-01",
            "price": "22.29",
            "revenue": 1583493
        },
        "2019-02": {
            "month": "2019-02",
            "price": "21.50",
            "revenue": 1358770
        },
        "2019-03": {
            "month": "2019-03",
            "price": "23.50",
            "revenue": 1598137
        },
        "2019-04": {
            "month": "2019-04",
            "price": "24.62",
            "revenue": 1695994
        },
        "2019-05": {
            "month": "2019-05",
            "price": "27.95",
            "revenue": 1809938
        },
        "2019-06": {
            "month": "2019-06",
            "price": "31.93",
            "revenue": 1728231
        },
        "2019-07": {
            "month": "2019-07",
            "price": "31.97",
            "revenue": 1850126
        },
        "2019-08": {
            "month": "2019-08",
            "price": "27.34",
            "revenue": 2010851
        },
        "2019-09": {
            "month": "2019-09",
            "price": "26.26",
            "revenue": 1797271
        },
        "2019-10": {
            "month": "2019-10",
            "price": "25.71",
            "revenue": 1739332
        },
        "2019-11": {
            "month": "2019-11",
            "price": "25.27",
            "revenue": 1557497
        },
        "2019-12": {
            "month": "2019-12",
            "price": "24.70",
            "revenue": 1499513
        },
        "2020-01": {
            "month": "2020-01",
            "price": "24.26",
            "revenue": 1442127
        },
        "2020-02": {
            "month": "2020-02",
            "price": "21.88",
            "revenue": 1108658
        },
        "2020-03": {
            "month": "2020-03",
            "price": "19.08",
            "revenue": 1423557
        },
        "2020-04": {
            "month": "2020-04",
            "price": "20.63",
            "revenue": 1473407
        },
        "2020-05": {
            "month": "2020-05",
            "price": "22.12",
            "revenue": 1557936
        },
        "2020-06": {
            "month": "2020-06",
            "price": "22.57",
            "revenue": 1584018
        },
        "2020-07": {
            "month": "2020-07",
            "price": "21.84",
            "revenue": 1720915
        },
        "2020-08": {
            "month": "2020-08",
            "price": "20.40",
            "revenue": 1860519
        },
        "2020-09": {
            "month": "2020-09",
            "price": "20.15",
            "revenue": 1770907
        },
        "2020-10": {
            "month": "2020-10",
            "price": "20.13",
            "revenue": 1654044
        },
        "2020-11": {
            "month": "2020-11",
            "price": "20.65",
            "revenue": 1588873
        },
        "2020-12": {
            "month": "2020-12",
            "price": "21.43",
            "revenue": 1472723
        },
        "2021-01": {
            "month": "2021-01",
            "price": "20.87",
            "revenue": 1461118
        },
        "2021-02": {
            "month": "2021-02",
            "price": "20.39",
            "revenue": 1401435
        },
        "2021-03": {
            "month": "2021-03",
            "price": "21.30",
            "revenue": 1507135
        },
        "2021-04": {
            "month": "2021-04",
            "price": "22.80",
            "revenue": 1567125
        },
        "2021-05": {
            "month": "2021-05",
            "price": "22.06",
            "revenue": 1659960
        },
        "2021-06": {
            "month": "2021-06",
            "price": "21.55",
            "revenue": 1717230
        },
        "2021-07": {
            "month": "2021-07",
            "price": "21.78",
            "revenue": 1802387
        },
        "2021-08": {
            "month": "2021-08",
            "price": "20.97",
            "revenue": 1917771
        },
        "2021-09": {
            "month": "2021-09",
            "price": "21.36",
            "revenue": 1821712
        },
        "2021-10": {
            "month": "2021-10",
            "price": "23.13",
            "revenue": 1709407
        },
        "2021-11": {
            "month": "2021-11",
            "price": "22.39",
            "revenue": 1636605
        },
        "2021-12": {
            "month": "2021-12",
            "price": "22.10",
            "revenue": 1614562
        },
        "2022-01": {
            "month": "2022-01",
            "price": "21.96",
            "revenue": 1668787
        },
        "2022-02": {
            "month": "2022-02",
            "price": "21.86",
            "revenue": 1291903
        },
        "2022-03": {
            "month": "2022-03",
            "price": "21.62",
            "revenue": 1589975
        },
        "2022-04": {
            "month": "2022-04",
            "price": "21.94",
            "revenue": 1495139
        },
        "2022-05": {
            "month": "2022-05",
            "price": "21.13",
            "revenue": 1662683
        },
        "2022-06": {
            "month": "2022-06",
            "price": "20.60",
            "revenue": 1754660
        },
        "2022-07": {
            "month": "2022-07",
            "price": "20.41",
            "revenue": 1907939
        },
        "2022-08": {
            "month": "2022-08",
            "price": "19.96",
            "revenue": 2008672
        },
        "2022-09": {
            "month": "2022-09",
            "price": "19.99",
            "revenue": 1834655
        },
        "2022-10": {
            "month": "2022-10",
            "price": "18.74",
            "revenue": 1719108
        },
        "2022-11": {
            "month": "2022-11",
            "price": "18.77",
            "revenue": 1596213
        },
        "2022-12": {
            "month": "2022-12",
            "price": "19.07",
            "revenue": 1453858
        },
        "2023-01": {
            "month": "2023-01",
            "price": "18.99",
            "revenue": 1585126
        },
        "2023-02": {
            "month": "2023-02",
            "price": "20.19",
            "revenue": 1489920
        },
        "2023-03": {
            "month": "2023-03",
            "price": "20.42",
            "revenue": 1714224
        },
        "2023-04": {
            "month": "2023-04",
            "price": "20.06",
            "revenue": 1684136
        },
        "2023-05": {
            "month": "2023-05",
            "price": "20.31",
            "revenue": 1760630
        },
        "2023-06": {
            "month": "2023-06",
            "price": "20.35",
            "revenue": 1799883
        },
        "2023-07": {
            "month": "2023-07",
            "price": "19.80",
            "revenue": 1987063
        },
        "2023-08": {
            "month": "2023-08",
            "price": "19.22",
            "revenue": 2024542
        },
        "2023-09": {
            "month": "2023-09",
            "price": "18.72",
            "revenue": 1944806
        },
        "2023-10": {
            "month": "2023-10",
            "price": "18.56",
            "revenue": 1894929
        },
        "2023-11": {
            "month": "2023-11",
            "price": "19.01",
            "revenue": 1854759
        },
        "2023-12": {
            "month": "2023-12",
            "price": "19.22",
            "revenue": 1736336
        }
    }
}
