{
    "summary": {
        "stock_name": "味王",
        "stock_id": "1203",
        "category": "食品",
        "main_business": "味精.醬油.罐頭.調理速食品.飲料等製造及營銷有關進出口業務<br>洋菸酒類及飲料之進口及經銷<br>汽車檢驗及修理",
        "website_url": "http://www.vewong.com",
        "ceo": "陳恭平",
        "pe_ratio": 17,
        "report_year_from": 2001,
        "report_year_to": 2023,
        "age": 22,
        "eps_negative_percentage": 13,
        "eps_growth_avg": {
            "last_all": 15.96,
            "last_2y": 12.7,
            "last_4y": 8.29,
            "last_8y": 11.69,
            "last_12y": 12.65,
            "last_16y": 15.4,
            "last_20y": 15.96,
            "at_2006_last_3y": 18.75,
            "at_2007_last_3y": -21.88,
            "at_2008_last_3y": 0,
            "at_2009_last_3y": 33.33,
            "at_2010_last_3y": -3.4,
            "at_2011_last_3y": -18.55,
            "at_2012_last_3y": -18.55,
            "at_2013_last_3y": 14.79,
            "at_2014_last_3y": 34.23,
            "at_2015_last_3y": 50.45,
            "at_2016_last_3y": 39.83,
            "at_2017_last_3y": 15.95,
            "at_2018_last_3y": 15.19,
            "at_2019_last_3y": 16.34,
            "at_2020_last_3y": 0.4,
            "at_2021_last_3y": 0.38,
            "at_2022_last_3y": 10.9,
            "at_2023_last_3y": 10.9,
            "at_2006_last_all": 18.75,
            "at_2007_last_all": 18.75,
            "at_2008_last_all": 39.06,
            "at_2009_last_all": 24.58,
            "at_2010_last_all": 7.68,
            "at_2011_last_all": -2.56,
            "at_2012_last_all": 10.26,
            "at_2013_last_all": 20.23,
            "at_2014_last_all": 18.3,
            "at_2015_last_all": 16.71,
            "at_2016_last_all": 20.12,
            "at_2017_last_all": 18.91,
            "at_2018_last_all": 17.41,
            "at_2019_last_all": 16.61,
            "at_2020_last_all": 15.19,
            "at_2021_last_all": 14.55,
            "at_2022_last_all": 15.96,
            "at_2023_last_all": 15.96
        },
        "latest_eps": 2.37,
        "latest_price": 41.05,
        "latest_roe": 11.7,
        "latest_gross_margin": 25.83,
        "latest_equity": 6722349,
        "latest_revenue": 1576031,
        "latest_gross_profit": 407133,
        "latest_net_income": 123242,
        "latest_debt_ratio": 33.57,
        "latest_current_ratio": 246.44,
        "latest_account_receivable_turnover_ratio": 3.31,
        "latest_inventory_turnover_ratio": 0.56,
        "latest_reinvestment_rate": -4.1,
        "latest_research_to_sale_ratio": 0.12
    },
    "eps_dividends": {
        "1990": {
            "cash": 0.6,
            "stock": 1,
            "eps": 0
        },
        "1991": {
            "cash": 0,
            "stock": 1.7,
            "eps": 0
        },
        "1992": {
            "cash": 1.2,
            "stock": 0,
            "eps": 0
        },
        "1993": {
            "cash": 1.2,
            "stock": 0,
            "eps": 0
        },
        "1995": {
            "cash": 0.5,
            "stock": 0.8,
            "eps": 0
        },
        "1997": {
            "cash": 0,
            "stock": 0.68,
            "eps": 0
        },
        "1998": {
            "cash": 0,
            "stock": 0.75,
            "eps": 0
        },
        "2001": {
            "cash": 0,
            "stock": 0,
            "eps": -1.16
        },
        "2002": {
            "cash": 0,
            "stock": 0,
            "eps": 0.28
        },
        "2003": {
            "cash": 0,
            "stock": 0,
            "eps": 0.64
        },
        "2004": {
            "cash": 0,
            "stock": 0,
            "eps": 1
        },
        "2005": {
            "cash": 0,
            "stock": 0,
            "eps": -0.37
        },
        "2006": {
            "cash": 0,
            "stock": 0,
            "eps": -0.66
        },
        "2007": {
            "cash": 0,
            "stock": 0,
            "eps": 0.05
        },
        "2008": {
            "cash": 0,
            "stock": 0,
            "eps": 3.24
        },
        "2009": {
            "cash": 0.5,
            "stock": 0.5,
            "eps": 2.16
        },
        "2010": {
            "cash": 0.58,
            "stock": 0.92,
            "eps": 0.5
        },
        "2011": {
            "cash": 1,
            "stock": 0,
            "eps": 0.18
        },
        "2012": {
            "cash": 0,
            "stock": 0,
            "eps": 0.42
        },
        "2013": {
            "cash": 0.3,
            "stock": 0,
            "eps": 1.11
        },
        "2014": {
            "cash": 1,
            "stock": 0,
            "eps": 1.12
        },
        "2015": {
            "cash": 1,
            "stock": 0,
            "eps": 1.13
        },
        "2016": {
            "cash": 1,
            "stock": 0,
            "eps": 1.78
        },
        "2017": {
            "cash": 1,
            "stock": 0,
            "eps": 1.86
        },
        "2018": {
            "cash": 1.3,
            "stock": 0,
            "eps": 1.82
        },
        "2019": {
            "cash": 1,
            "stock": 0,
            "eps": 1.92
        },
        "2020": {
            "cash": 1,
            "stock": 0,
            "eps": 1.8
        },
        "2021": {
            "cash": 1.1,
            "stock": 0,
            "eps": 1.88
        },
        "2022": {
            "cash": 1.1,
            "stock": 0,
            "eps": 2.63
        },
        "2023": {
            "cash": 1.1,
            "stock": 0,
            "eps": 0.33
        }
    },
    "dividends": {
        "1990-05-25": {
            "cash": 0.6,
            "stock": 1
        },
        "1991-05-24": {
            "cash": 0,
            "stock": 1.7
        },
        "1992-05-29": {
            "cash": 1.2,
            "stock": 0
        },
        "1993-06-01": {
            "cash": 1.2,
            "stock": 0
        },
        "1995-05-23": {
            "cash": 0.5,
            "stock": 0.8
        },
        "1997-06-26": {
            "cash": 0,
            "stock": 0.68
        },
        "1998-05-27": {
            "cash": 0,
            "stock": 0.75
        },
        "2009-04-28": {
            "cash": 0.5,
            "stock": 0.5
        },
        "2010-04-29": {
            "cash": 0.58,
            "stock": 0.92
        },
        "2011-01-01": {
            "cash": 0.5,
            "stock": 0
        },
        "2011-04-28": {
            "cash": 0.5,
            "stock": 0
        },
        "2013-03-27": {
            "cash": 0.3,
            "stock": 0
        },
        "2014-10-03": {
            "cash": 1,
            "stock": 0
        },
        "2015-10-08": {
            "cash": 1,
            "stock": 0
        },
        "2016-10-06": {
            "cash": 1,
            "stock": 0
        },
        "2017-10-05": {
            "cash": 1,
            "stock": 0
        },
        "2018-10-04": {
            "cash": 1.3,
            "stock": 0
        },
        "2019-10-04": {
            "cash": 1,
            "stock": 0
        },
        "2020-10-07": {
            "cash": 1,
            "stock": 0
        },
        "2021-10-07": {
            "cash": 1.1,
            "stock": 0
        },
        "2022-10-06": {
            "cash": 1.1,
            "stock": 0
        },
        "2023-03-29": {
            "cash": 1.1,
            "stock": 0
        }
    },
    "prices": {
        "200101": "6.39",
        "200102": "7.34",
        "200103": "7.15",
        "200104": "7.08",
        "200105": "5.93",
        "200106": "5.41",
        "200107": "3.98",
        "200108": "3.35",
        "200109": "3.07",
        "200110": "2.83",
        "200111": "無",
        "200112": "無",
        "200201": "無",
        "200202": "無",
        "200203": "無",
        "200204": "無",
        "200205": "無",
        "200206": "無",
        "200207": "5.08",
        "200208": "7.66",
        "200209": "6.68",
        "200210": "6.71",
        "200211": "7.76",
        "200212": "7.89",
        "200301": "8.48",
        "200302": "7.57",
        "200303": "7.50",
        "200304": "7.51",
        "200305": "7.37",
        "200306": "7.91",
        "200307": "9.55",
        "200308": "9.72",
        "200309": "8.69",
        "200310": "9.39",
        "200311": "11.26",
        "200312": "11.04",
        "200401": "12.97",
        "200402": "16.00",
        "200403": "15.98",
        "200404": "14.40",
        "200405": "11.46",
        "200406": "10.84",
        "200407": "10.34",
        "200408": "10.28",
        "200409": "11.09",
        "200410": "11.76",
        "200411": "10.98",
        "200412": "10.86",
        "200501": "11.69",
        "200502": "11.16",
        "200503": "10.70",
        "200504": "9.32",
        "200505": "8.34",
        "200506": "9.04",
        "200507": "8.94",
        "200508": "8.69",
        "200509": "8.80",
        "200510": "9.17",
        "200511": "9.63",
        "200512": "9.87",
        "200601": "10.60",
        "200602": "11.24",
        "200603": "11.25",
        "200604": "11.59",
        "200605": "11.88",
        "200606": "10.87",
        "200607": "11.79",
        "200608": "11.15",
        "200609": "10.95",
        "200610": "11.60",
        "200611": "12.82",
        "200612": "15.16",
        "200701": "15.01",
        "200702": "14.75",
        "200703": "13.88",
        "200704": "14.78",
        "200705": "14.78",
        "200706": "15.18",
        "200707": "25.54",
        "200708": "24.82",
        "200709": "25.04",
        "200710": "25.53",
        "200711": "22.40",
        "200712": "19.44",
        "200801": "21.89",
        "200802": "22.55",
        "200803": "25.46",
        "200804": "26.82",
        "200805": "25.52",
        "200806": "20.39",
        "200807": "18.12",
        "200808": "18.12",
        "200809": "13.44",
        "200810": "10.90",
        "200811": "11.14",
        "200812": "11.93",
        "200901": "12.85",
        "200902": "12.06",
        "200903": "12.60",
        "200904": "16.70",
        "200905": "22.38",
        "200906": "23.85",
        "200907": "25.91",
        "200908": "25.08",
        "200909": "25.68",
        "200910": "25.43",
        "200911": "25.14",
        "200912": "25.31",
        "201001": "26.30",
        "201002": "23.69",
        "201003": "25.53",
        "201004": "25.91",
        "201005": "23.45",
        "201006": "24.10",
        "201007": "25.69",
        "201008": "26.54",
        "201009": "25.06",
        "201010": "24.47",
        "201011": "24.11",
        "201012": "24.58",
        "201101": "24.15",
        "201102": "24.12",
        "201103": "22.79",
        "201104": "23.05",
        "201105": "23.19",
        "201106": "22.92",
        "201107": "23.08",
        "201108": "23.86",
        "201109": "21.92",
        "201110": "20.97",
        "201111": "21.01",
        "201112": "19.58",
        "201201": "19.49",
        "201202": "21.02",
        "201203": "21.90",
        "201204": "21.52",
        "201205": "20.50",
        "201206": "19.34",
        "201207": "19.87",
        "201208": "20.62",
        "201209": "22.12",
        "201210": "21.01",
        "201211": "19.46",
        "201212": "19.83",
        "201301": "20.47",
        "201302": "20.78",
        "201303": "20.30",
        "201304": "20.23",
        "201305": "21.10",
        "201306": "21.49",
        "201307": "22.68",
        "201308": "23.12",
        "201309": "22.46",
        "201310": "23.88",
        "201311": "24.99",
        "201312": "25.10",
        "201401": "25.02",
        "201402": "24.60",
        "201403": "23.96",
        "201404": "23.54",
        "201405": "22.86",
        "201406": "22.06",
        "201407": "24.07",
        "201408": "24.57",
        "201409": "23.80",
        "201410": "22.70",
        "201411": "22.58",
        "201412": "23.26",
        "201501": "23.71",
        "201502": "23.66",
        "201503": "23.56",
        "201504": "23.83",
        "201505": "24.00",
        "201506": "22.46",
        "201507": "22.26",
        "201508": "21.53",
        "201509": "19.86",
        "201510": "20.59",
        "201511": "22.43",
        "201512": "22.82",
        "201601": "22.59",
        "201602": "22.45",
        "201603": "22.43",
        "201604": "21.63",
        "201605": "21.60",
        "201606": "21.62",
        "201607": "21.79",
        "201608": "21.99",
        "201609": "21.65",
        "201610": "21.95",
        "201611": "22.08",
        "201612": "22.84",
        "201701": "23.00",
        "201702": "23.88",
        "201703": "23.90",
        "201704": "23.88",
        "201705": "24.17",
        "201706": "24.92",
        "201707": "24.61",
        "201708": "24.68",
        "201709": "23.89",
        "201710": "24.36",
        "201711": "25.01",
        "201712": "25.01",
        "201801": "26.60",
        "201802": "26.19",
        "201803": "26.21",
        "201804": "25.90",
        "201805": "25.53",
        "201806": "25.72",
        "201807": "25.62",
        "201808": "25.91",
        "201809": "25.38",
        "201810": "24.96",
        "201811": "25.50",
        "201812": "25.77",
        "201901": "26.10",
        "201902": "26.14",
        "201903": "26.25",
        "201904": "25.84",
        "201905": "26.04",
        "201906": "26.43",
        "201907": "26.75",
        "201908": "26.70",
        "201909": "26.61",
        "201910": "26.68",
        "201911": "27.05",
        "201912": "27.01",
        "202001": "27.17",
        "202002": "26.78",
        "202003": "26.23",
        "202004": "26.98",
        "202005": "28.03",
        "202006": "28.75",
        "202007": "29.95",
        "202008": "30.70",
        "202009": "32.12",
        "202010": "34.09",
        "202011": "36.18",
        "202012": "36.79",
        "202101": "35.77",
        "202102": "35.76",
        "202103": "37.52",
        "202104": "37.77",
        "202105": "35.90",
        "202106": "35.10",
        "202107": "34.19",
        "202108": "32.88",
        "202109": "32.54",
        "202110": "32.18",
        "202111": "33.07",
        "202112": "32.59",
        "202201": "32.92",
        "202202": "33.28",
        "202203": "33.29",
        "202204": "33.31",
        "202205": "32.92",
        "202206": "33.66",
        "202207": "33.20",
        "202208": "33.37",
        "202209": "32.00",
        "202210": "32.08",
        "202211": "33.29",
        "202212": "34.72",
        "202301": "35.62",
        "202302": "36.79",
        "202303": "37.48",
        "202304": "38.22",
        "202305": "39.64"
    },
    "quarters": {
        "20011": {
            "year_quarter": 20011,
            "year": 2001,
            "quarter": 1,
            "eps": 0.09,
            "eps_growth_year": 0,
            "eps_4q": -2.2,
            "eps_4q_growth_year": -1035.89,
            "roe": 0.78,
            "roe_4q": 0.78,
            "gross_profit": 173353,
            "gross_margin": 24.92,
            "gross_margin_4q_avg": 24.92,
            "net_income": 18816,
            "revenue": 695500,
            "common_shares": 2092537,
            "book_valuer_per_share": 11.31,
            "book_valuer_per_share_4q_avg": 11.31,
            "equity": 2366290,
            "current_ratio": 82.95,
            "debt_ratio": 64.13,
            "inventory_turnover_ratio": 0.66,
            "account_receivable_turnover_ratio": null,
            "reinvestment_rate": null,
            "research_to_sale_ratio": null,
            "price_fair": 0,
            "eps_avg_yearly": 0,
            "eps_latest_yearly": 0,
            "eps_growth_yearly": 0
        },
        "20012": {
            "year_quarter": 20012,
            "year": 2001,
            "quarter": 2,
            "eps": -0.28,
            "eps_growth_year": null,
            "eps_4q": -1.51,
            "eps_4q_growth_year": null,
            "roe": -2.46,
            "roe_4q": -1.68,
            "gross_profit": 159027,
            "gross_margin": 26.7,
            "gross_margin_4q_avg": 25.81,
            "net_income": -57652,
            "revenue": 595678,
            "common_shares": 2092537,
            "book_valuer_per_share": 11.08,
            "book_valuer_per_share_4q_avg": 11.2,
            "equity": 2318123,
            "current_ratio": 79.13,
            "debt_ratio": 64.69,
            "inventory_turnover_ratio": 0.58,
            "account_receivable_turnover_ratio": null,
            "reinvestment_rate": null,
            "research_to_sale_ratio": null,
            "price_fair": 0,
            "eps_avg_yearly": 0,
            "eps_latest_yearly": 0,
            "eps_growth_yearly": 0
        },
        "20013": {
            "year_quarter": 20013,
            "year": 2001,
            "quarter": 3,
            "eps": -0.27,
            "eps_growth_year": null,
            "eps_4q": -1.39,
            "eps_4q_growth_year": null,
            "roe": -2.47,
            "roe_4q": -4.1499999999999995,
            "gross_profit": 181391,
            "gross_margin": 27.12,
            "gross_margin_4q_avg": 26.25,
            "net_income": -56464,
            "revenue": 668772,
            "common_shares": 2092537,
            "book_valuer_per_share": 10.81,
            "book_valuer_per_share_4q_avg": 11.07,
            "equity": 2261659,
            "current_ratio": 76.42,
            "debt_ratio": 65.32,
            "inventory_turnover_ratio": 0.64,
            "account_receivable_turnover_ratio": null,
            "reinvestment_rate": null,
            "research_to_sale_ratio": null,
            "price_fair": 0,
            "eps_avg_yearly": 0,
            "eps_latest_yearly": 0,
            "eps_growth_yearly": 0
        },
        "20014": {
            "year_quarter": 20014,
            "year": 2001,
            "quarter": 4,
            "eps": -0.7,
            "eps_growth_year": null,
            "eps_4q": -1.13,
            "eps_4q_growth_year": null,
            "roe": -6.53,
            "roe_4q": -10.680000000000001,
            "gross_profit": 152323,
            "gross_margin": 30.75,
            "gross_margin_4q_avg": 27.37,
            "net_income": -146753,
            "revenue": 495434,
            "common_shares": 2092537,
            "book_valuer_per_share": 10.01,
            "book_valuer_per_share_4q_avg": 10.8,
            "equity": 2236030,
            "current_ratio": 71.4,
            "debt_ratio": 69.1,
            "inventory_turnover_ratio": 0.41,
            "account_receivable_turnover_ratio": null,
            "reinvestment_rate": null,
            "research_to_sale_ratio": null,
            "price_fair": 0,
            "eps_avg_yearly": 0,
            "eps_latest_yearly": 0,
            "eps_growth_yearly": 0
        },
        "20021": {
            "year_quarter": 20021,
            "year": 2002,
            "quarter": 1,
            "eps": 0.06,
            "eps_growth_year": -33.33,
            "eps_4q": -1.15,
            "eps_4q_growth_year": null,
            "roe": 0.59,
            "roe_4q": -10.870000000000001,
            "gross_profit": 154838,
            "gross_margin": 33.3,
            "gross_margin_4q_avg": 29.47,
            "net_income": 12897,
            "revenue": 464963,
            "common_shares": 2092537,
            "book_valuer_per_share": 10.08,
            "book_valuer_per_share_4q_avg": 10.5,
            "equity": 2108886,
            "current_ratio": 65.88,
            "debt_ratio": 66.54,
            "inventory_turnover_ratio": 0.37,
            "account_receivable_turnover_ratio": null,
            "reinvestment_rate": null,
            "research_to_sale_ratio": null,
            "price_fair": 0,
            "eps_avg_yearly": 0,
            "eps_latest_yearly": 0,
            "eps_growth_yearly": 0
        },
        "20022": {
            "year_quarter": 20022,
            "year": 2002,
            "quarter": 2,
            "eps": -0.06,
            "eps_growth_year": null,
            "eps_4q": -0.97,
            "eps_4q_growth_year": null,
            "roe": -0.55,
            "roe_4q": -8.96,
            "gross_profit": 152737,
            "gross_margin": 32.23,
            "gross_margin_4q_avg": 30.85,
            "net_income": -11613,
            "revenue": 473880,
            "common_shares": 2092537,
            "book_valuer_per_share": 9.97,
            "book_valuer_per_share_4q_avg": 10.22,
            "equity": 2086301,
            "current_ratio": 77.5,
            "debt_ratio": 66.53,
            "inventory_turnover_ratio": 0.41,
            "account_receivable_turnover_ratio": null,
            "reinvestment_rate": null,
            "research_to_sale_ratio": null,
            "price_fair": 0,
            "eps_avg_yearly": 0,
            "eps_latest_yearly": 0,
            "eps_growth_yearly": 0
        },
        "20023": {
            "year_quarter": 20023,
            "year": 2002,
            "quarter": 3,
            "eps": -0.2,
            "eps_growth_year": null,
            "eps_4q": -0.89,
            "eps_4q_growth_year": null,
            "roe": -1.98,
            "roe_4q": -8.47,
            "gross_profit": 162176,
            "gross_margin": 32.7,
            "gross_margin_4q_avg": 32.25,
            "net_income": -41069,
            "revenue": 495936,
            "common_shares": 2092537,
            "book_valuer_per_share": 9.84,
            "book_valuer_per_share_4q_avg": 9.98,
            "equity": 2059753,
            "current_ratio": 75.76,
            "debt_ratio": 66.94,
            "inventory_turnover_ratio": 0.42,
            "account_receivable_turnover_ratio": null,
            "reinvestment_rate": null,
            "research_to_sale_ratio": null,
            "price_fair": 0,
            "eps_avg_yearly": 0,
            "eps_latest_yearly": 0,
            "eps_growth_yearly": 0
        },
        "20024": {
            "year_quarter": 20024,
            "year": 2002,
            "quarter": 4,
            "eps": 0.48,
            "eps_growth_year": null,
            "eps_4q": 0.28,
            "eps_4q_growth_year": null,
            "roe": 4.55,
            "roe_4q": 2.6099999999999994,
            "gross_profit": 147773,
            "gross_margin": 31.35,
            "gross_margin_4q_avg": 32.4,
            "net_income": 97157,
            "revenue": 471431,
            "common_shares": 2092537,
            "book_valuer_per_share": 9.97,
            "book_valuer_per_share_4q_avg": 9.97,
            "equity": 2210231,
            "current_ratio": 73.93,
            "debt_ratio": 69.18,
            "inventory_turnover_ratio": 0.36,
            "account_receivable_turnover_ratio": null,
            "reinvestment_rate": null,
            "research_to_sale_ratio": null,
            "price_fair": 0,
            "eps_avg_yearly": 0,
            "eps_latest_yearly": 0,
            "eps_growth_yearly": 0
        },
        "20031": {
            "year_quarter": 20031,
            "year": 2003,
            "quarter": 1,
            "eps": 0.88,
            "eps_growth_year": 1366.67,
            "eps_4q": 1.1,
            "eps_4q_growth_year": null,
            "roe": 8.04,
            "roe_4q": 10.059999999999999,
            "gross_profit": 125523,
            "gross_margin": 28.78,
            "gross_margin_4q_avg": 31.27,
            "net_income": 180002,
            "revenue": 436077,
            "common_shares": 2092537,
            "book_valuer_per_share": 10.83,
            "book_valuer_per_share_4q_avg": 10.15,
            "equity": 2266708,
            "current_ratio": 72.75,
            "debt_ratio": 65.28,
            "inventory_turnover_ratio": 0.34,
            "account_receivable_turnover_ratio": null,
            "reinvestment_rate": null,
            "research_to_sale_ratio": null,
            "price_fair": 123.2,
            "eps_avg_yearly": 3.52,
            "eps_latest_yearly": 3.52,
            "eps_growth_yearly": 333.33
        },
        "20032": {
            "year_quarter": 20032,
            "year": 2003,
            "quarter": 2,
            "eps": -0.36,
            "eps_growth_year": null,
            "eps_4q": 0.78,
            "eps_4q_growth_year": null,
            "roe": -3.29,
            "roe_4q": 7.3199999999999985,
            "gross_profit": 117263,
            "gross_margin": 27.61,
            "gross_margin_4q_avg": 30.11,
            "net_income": -73840,
            "revenue": 424764,
            "common_shares": 2092537,
            "book_valuer_per_share": 10.64,
            "book_valuer_per_share_4q_avg": 10.32,
            "equity": 2226907,
            "current_ratio": 78.41,
            "debt_ratio": 65.44,
            "inventory_turnover_ratio": 0.34,
            "account_receivable_turnover_ratio": null,
            "reinvestment_rate": null,
            "research_to_sale_ratio": null,
            "price_fair": 123.2,
            "eps_avg_yearly": 3.52,
            "eps_latest_yearly": 3.52,
            "eps_growth_yearly": 333.33
        },
        "20033": {
            "year_quarter": 20033,
            "year": 2003,
            "quarter": 3,
            "eps": 0.07,
            "eps_growth_year": null,
            "eps_4q": 1.06,
            "eps_4q_growth_year": null,
            "roe": 0.65,
            "roe_4q": 9.95,
            "gross_profit": 133357,
            "gross_margin": 27.21,
            "gross_margin_4q_avg": 28.74,
            "net_income": 14430,
            "revenue": 490107,
            "common_shares": 2092537,
            "book_valuer_per_share": 10.69,
            "book_valuer_per_share_4q_avg": 10.53,
            "equity": 2237181,
            "current_ratio": 79.59,
            "debt_ratio": 65.6,
            "inventory_turnover_ratio": 0.37,
            "account_receivable_turnover_ratio": null,
            "reinvestment_rate": null,
            "research_to_sale_ratio": null,
            "price_fair": 123.2,
            "eps_avg_yearly": 3.52,
            "eps_latest_yearly": 3.52,
            "eps_growth_yearly": 333.33
        },
        "20034": {
            "year_quarter": 20034,
            "year": 2003,
            "quarter": 4,
            "eps": 0.05,
            "eps_growth_year": -89.58,
            "eps_4q": 0.58,
            "eps_4q_growth_year": 106.21,
            "roe": 0.49,
            "roe_4q": 5.889999999999999,
            "gross_profit": 152929,
            "gross_margin": 20.21,
            "gross_margin_4q_avg": 25.95,
            "net_income": 11281,
            "revenue": 756821,
            "common_shares": 2092537,
            "book_valuer_per_share": 10.98,
            "book_valuer_per_share_4q_avg": 10.79,
            "equity": 2403577,
            "current_ratio": 76.15,
            "debt_ratio": 66.1,
            "inventory_turnover_ratio": 0.61,
            "account_receivable_turnover_ratio": null,
            "reinvestment_rate": null,
            "research_to_sale_ratio": null,
            "price_fair": 65.1,
            "eps_avg_yearly": 1.86,
            "eps_latest_yearly": 0.2,
            "eps_growth_yearly": 109.52
        },
        "20041": {
            "year_quarter": 20041,
            "year": 2004,
            "quarter": 1,
            "eps": 0.34,
            "eps_growth_year": -61.36,
            "eps_4q": 0.1,
            "eps_4q_growth_year": -90.47,
            "roe": 2.89,
            "roe_4q": 0.7400000000000002,
            "gross_profit": 132604,
            "gross_margin": 30.09,
            "gross_margin_4q_avg": 26.28,
            "net_income": 69507,
            "revenue": 440716,
            "common_shares": 2092537,
            "book_valuer_per_share": 11.48,
            "book_valuer_per_share_4q_avg": 10.95,
            "equity": 2402371,
            "current_ratio": 79.46,
            "debt_ratio": 53.65,
            "inventory_turnover_ratio": 0.34,
            "account_receivable_turnover_ratio": null,
            "reinvestment_rate": null,
            "research_to_sale_ratio": null,
            "price_fair": 59.27,
            "eps_avg_yearly": 1.69,
            "eps_latest_yearly": 1.36,
            "eps_growth_yearly": 846.35
        },
        "20042": {
            "year_quarter": 20042,
            "year": 2004,
            "quarter": 2,
            "eps": 0.35,
            "eps_growth_year": null,
            "eps_4q": 0.81,
            "eps_4q_growth_year": 3.85,
            "roe": 2.6,
            "roe_4q": 6.630000000000001,
            "gross_profit": 202416,
            "gross_margin": 20.05,
            "gross_margin_4q_avg": 24.39,
            "net_income": 73204,
            "revenue": 1009350,
            "common_shares": 2092537,
            "book_valuer_per_share": 15.42,
            "book_valuer_per_share_4q_avg": 12.14,
            "equity": 3227582,
            "current_ratio": 75.42,
            "debt_ratio": 40.91,
            "inventory_turnover_ratio": 1.35,
            "account_receivable_turnover_ratio": null,
            "reinvestment_rate": null,
            "research_to_sale_ratio": null,
            "price_fair": 56.7,
            "eps_avg_yearly": 1.62,
            "eps_latest_yearly": 1.4,
            "eps_growth_yearly": 637.7
        },
        "20043": {
            "year_quarter": 20043,
            "year": 2004,
            "quarter": 3,
            "eps": 0.16,
            "eps_growth_year": 128.57,
            "eps_4q": 0.88,
            "eps_4q_growth_year": -16.4,
            "roe": 1.05,
            "roe_4q": 7.030000000000001,
            "gross_profit": 156645,
            "gross_margin": 27.99,
            "gross_margin_4q_avg": 24.59,
            "net_income": 34074,
            "revenue": 559567,
            "common_shares": 2092537,
            "book_valuer_per_share": 15.58,
            "book_valuer_per_share_4q_avg": 13.37,
            "equity": 3259879,
            "current_ratio": 74.32,
            "debt_ratio": 40.26,
            "inventory_turnover_ratio": 1.23,
            "account_receivable_turnover_ratio": null,
            "reinvestment_rate": null,
            "research_to_sale_ratio": null,
            "price_fair": 49.84,
            "eps_avg_yearly": 1.42,
            "eps_latest_yearly": 0.64,
            "eps_growth_yearly": 466.73
        },
        "20044": {
            "year_quarter": 20044,
            "year": 2004,
            "quarter": 4,
            "eps": 0.15,
            "eps_growth_year": 200,
            "eps_4q": 1.02,
            "eps_4q_growth_year": 74.49,
            "roe": 0.92,
            "roe_4q": 7.460000000000001,
            "gross_profit": 140014,
            "gross_margin": 31.24,
            "gross_margin_4q_avg": 27.34,
            "net_income": 30485,
            "revenue": 448230,
            "common_shares": 2092537,
            "book_valuer_per_share": 15.51,
            "book_valuer_per_share_4q_avg": 14.5,
            "equity": 3331901,
            "current_ratio": 76.56,
            "debt_ratio": 48.83,
            "inventory_turnover_ratio": 0.89,
            "account_receivable_turnover_ratio": null,
            "reinvestment_rate": 970.13,
            "research_to_sale_ratio": null,
            "price_fair": 45.03,
            "eps_avg_yearly": 1.29,
            "eps_latest_yearly": 0.6,
            "eps_growth_yearly": 384.78
        },
        "20051": {
            "year_quarter": 20051,
            "year": 2005,
            "quarter": 1,
            "eps": -0.6,
            "eps_growth_year": -276.47,
            "eps_4q": 0.07,
            "eps_4q_growth_year": -35.27,
            "roe": -3.79,
            "roe_4q": 0.78,
            "gross_profit": 137963,
            "gross_margin": 31.73,
            "gross_margin_4q_avg": 27.75,
            "net_income": -123796,
            "revenue": 434793,
            "common_shares": 2092537,
            "book_valuer_per_share": 15.3,
            "book_valuer_per_share_4q_avg": 15.45,
            "equity": 3200808,
            "current_ratio": 73.38,
            "debt_ratio": 38.19,
            "inventory_turnover_ratio": 0.87,
            "account_receivable_turnover_ratio": null,
            "reinvestment_rate": -6924.26,
            "research_to_sale_ratio": null,
            "price_fair": 45.03,
            "eps_avg_yearly": 1.29,
            "eps_latest_yearly": 0.6,
            "eps_growth_yearly": 384.78
        },
        "20052": {
            "year_quarter": 20052,
            "year": 2005,
            "quarter": 2,
            "eps": 0,
            "eps_growth_year": -100,
            "eps_4q": -0.28,
            "eps_4q_growth_year": -135.29,
            "roe": -0.01,
            "roe_4q": -1.8299999999999998,
            "gross_profit": 126176,
            "gross_margin": 30.58,
            "gross_margin_4q_avg": 30.39,
            "net_income": -232,
            "revenue": 412601,
            "common_shares": 2092537,
            "book_valuer_per_share": 15.18,
            "book_valuer_per_share_4q_avg": 15.39,
            "equity": 3176012,
            "current_ratio": 75.77,
            "debt_ratio": 37.86,
            "inventory_turnover_ratio": 0.99,
            "account_receivable_turnover_ratio": null,
            "reinvestment_rate": -1605.85,
            "research_to_sale_ratio": null,
            "price_fair": 45.03,
            "eps_avg_yearly": 1.29,
            "eps_latest_yearly": 0.6,
            "eps_growth_yearly": 384.78
        },
        "20053": {
            "year_quarter": 20053,
            "year": 2005,
            "quarter": 3,
            "eps": 0.18,
            "eps_growth_year": 12.5,
            "eps_4q": -0.28,
            "eps_4q_growth_year": -131.56,
            "roe": 1.14,
            "roe_4q": -1.7400000000000002,
            "gross_profit": 148853,
            "gross_margin": 30.56,
            "gross_margin_4q_avg": 31.03,
            "net_income": 36707,
            "revenue": 487152,
            "common_shares": 2092537,
            "book_valuer_per_share": 15.6,
            "book_valuer_per_share_4q_avg": 15.4,
            "equity": 3263329,
            "current_ratio": 82.64,
            "debt_ratio": 37.4,
            "inventory_turnover_ratio": 1.14,
            "account_receivable_turnover_ratio": null,
            "reinvestment_rate": -681.37,
            "research_to_sale_ratio": null,
            "price_fair": 45.03,
            "eps_avg_yearly": 1.29,
            "eps_latest_yearly": 0.6,
            "eps_growth_yearly": 384.78
        },
        "20054": {
            "year_quarter": 20054,
            "year": 2005,
            "quarter": 4,
            "eps": 0.05,
            "eps_growth_year": -66.67,
            "eps_4q": -0.36,
            "eps_4q_growth_year": -135.49,
            "roe": 0.3,
            "roe_4q": -2.3600000000000003,
            "gross_profit": 135232,
            "gross_margin": 31.36,
            "gross_margin_4q_avg": 31.06,
            "net_income": 10598,
            "revenue": 431253,
            "common_shares": 2092537,
            "book_valuer_per_share": 15.56,
            "book_valuer_per_share_4q_avg": 15.41,
            "equity": 3843104,
            "current_ratio": 97.24,
            "debt_ratio": 49.36,
            "inventory_turnover_ratio": 0.55,
            "account_receivable_turnover_ratio": null,
            "reinvestment_rate": 596.32,
            "research_to_sale_ratio": null,
            "price_fair": 39.6,
            "eps_avg_yearly": 1.13,
            "eps_latest_yearly": 0.2,
            "eps_growth_yearly": 288.54
        },
        "20061": {
            "year_quarter": 20061,
            "year": 2006,
            "quarter": 1,
            "eps": -0.46,
            "eps_growth_year": null,
            "eps_4q": -0.23,
            "eps_4q_growth_year": -444.86,
            "roe": -2.71,
            "roe_4q": -1.2800000000000002,
            "gross_profit": 133232,
            "gross_margin": 32.32,
            "gross_margin_4q_avg": 31.21,
            "net_income": -95579,
            "revenue": 412235,
            "common_shares": 2092537,
            "book_valuer_per_share": 15.35,
            "book_valuer_per_share_4q_avg": 15.42,
            "equity": 3212230,
            "current_ratio": 82.62,
            "debt_ratio": 35.84,
            "inventory_turnover_ratio": 0.52,
            "account_receivable_turnover_ratio": null,
            "reinvestment_rate": -396.22,
            "research_to_sale_ratio": null,
            "price_fair": 39.6,
            "eps_avg_yearly": 1.13,
            "eps_latest_yearly": 0.2,
            "eps_growth_yearly": 288.54
        },
        "20062": {
            "year_quarter": 20062,
            "year": 2006,
            "quarter": 2,
            "eps": 0.05,
            "eps_growth_year": null,
            "eps_4q": -0.19,
            "eps_4q_growth_year": null,
            "roe": 0.31,
            "roe_4q": -0.9600000000000002,
            "gross_profit": 125189,
            "gross_margin": 31.33,
            "gross_margin_4q_avg": 31.39,
            "net_income": 9996,
            "revenue": 399560,
            "common_shares": 2092537,
            "book_valuer_per_share": 15.48,
            "book_valuer_per_share_4q_avg": 15.5,
            "equity": 3239818,
            "current_ratio": 138.5,
            "debt_ratio": 35.79,
            "inventory_turnover_ratio": 0.48,
            "account_receivable_turnover_ratio": null,
            "reinvestment_rate": -580.31,
            "research_to_sale_ratio": null,
            "price_fair": 39.6,
            "eps_avg_yearly": 1.13,
            "eps_latest_yearly": 0.2,
            "eps_growth_yearly": 288.54
        },
        "20063": {
            "year_quarter": 20063,
            "year": 2006,
            "quarter": 3,
            "eps": 0.15,
            "eps_growth_year": -16.67,
            "eps_4q": -0.21,
            "eps_4q_growth_year": null,
            "roe": 0.95,
            "roe_4q": -1.15,
            "gross_profit": 138733,
            "gross_margin": 30.48,
            "gross_margin_4q_avg": 31.37,
            "net_income": 30925,
            "revenue": 455194,
            "common_shares": 2092537,
            "book_valuer_per_share": 15.7,
            "book_valuer_per_share_4q_avg": 15.52,
            "equity": 3285824,
            "current_ratio": 138.15,
            "debt_ratio": 35.81,
            "inventory_turnover_ratio": 0.39,
            "account_receivable_turnover_ratio": null,
            "reinvestment_rate": -441.85,
            "research_to_sale_ratio": null,
            "price_fair": 37.28,
            "eps_avg_yearly": 1.07,
            "eps_latest_yearly": 0.6,
            "eps_growth_yearly": 352.47
        },
        "20064": {
            "year_quarter": 20064,
            "year": 2006,
            "quarter": 4,
            "eps": -0.4,
            "eps_growth_year": -900,
            "eps_4q": -0.62,
            "eps_4q_growth_year": null,
            "roe": -2.3,
            "roe_4q": -3.75,
            "gross_profit": 126504,
            "gross_margin": 28.92,
            "gross_margin_4q_avg": 30.76,
            "net_income": -83848,
            "revenue": 437384,
            "common_shares": 2092537,
            "book_valuer_per_share": 15.68,
            "book_valuer_per_share_4q_avg": 15.55,
            "equity": 3994817,
            "current_ratio": 137.89,
            "debt_ratio": 48.83,
            "inventory_turnover_ratio": 0.27,
            "account_receivable_turnover_ratio": null,
            "reinvestment_rate": 1492.58,
            "research_to_sale_ratio": null,
            "price_fair": 37.28,
            "eps_avg_yearly": 1.07,
            "eps_latest_yearly": 0.6,
            "eps_growth_yearly": 352.47
        },
        "20071": {
            "year_quarter": 20071,
            "year": 2007,
            "quarter": 1,
            "eps": 0.08,
            "eps_growth_year": null,
            "eps_4q": -0.13,
            "eps_4q_growth_year": null,
            "roe": 0.45,
            "roe_4q": -0.5899999999999999,
            "gross_profit": 127654,
            "gross_margin": 29.18,
            "gross_margin_4q_avg": 29.98,
            "net_income": 16452,
            "revenue": 437499,
            "common_shares": 2092537,
            "book_valuer_per_share": 16.05,
            "book_valuer_per_share_4q_avg": 15.73,
            "equity": 3359530,
            "current_ratio": 128.15,
            "debt_ratio": 37.27,
            "inventory_turnover_ratio": 0.26,
            "account_receivable_turnover_ratio": null,
            "reinvestment_rate": null,
            "research_to_sale_ratio": null,
            "price_fair": 25,
            "eps_avg_yearly": 0.71,
            "eps_latest_yearly": 0.6,
            "eps_growth_yearly": 355.21
        },
        "20072": {
            "year_quarter": 20072,
            "year": 2007,
            "quarter": 2,
            "eps": -0.05,
            "eps_growth_year": -200,
            "eps_4q": -0.23,
            "eps_4q_growth_year": null,
            "roe": -0.33,
            "roe_4q": -1.2299999999999998,
            "gross_profit": 113988,
            "gross_margin": 26.64,
            "gross_margin_4q_avg": 28.81,
            "net_income": -10874,
            "revenue": 427926,
            "common_shares": 2092537,
            "book_valuer_per_share": 15.88,
            "book_valuer_per_share_4q_avg": 15.83,
            "equity": 3323102,
            "current_ratio": 117.81,
            "debt_ratio": 39.29,
            "inventory_turnover_ratio": 0.35,
            "account_receivable_turnover_ratio": null,
            "reinvestment_rate": -5724.19,
            "research_to_sale_ratio": null,
            "price_fair": 25,
            "eps_avg_yearly": 0.71,
            "eps_latest_yearly": 0.6,
            "eps_growth_yearly": 355.21
        },
        "20073": {
            "year_quarter": 20073,
            "year": 2007,
            "quarter": 3,
            "eps": -0.01,
            "eps_growth_year": -106.67,
            "eps_4q": -0.38,
            "eps_4q_growth_year": null,
            "roe": -0.07,
            "roe_4q": -2.25,
            "gross_profit": 139921,
            "gross_margin": 28.33,
            "gross_margin_4q_avg": 28.27,
            "net_income": -2227,
            "revenue": 493981,
            "common_shares": 2092537,
            "book_valuer_per_share": 15.86,
            "book_valuer_per_share_4q_avg": 15.87,
            "equity": 3318971,
            "current_ratio": 115.51,
            "debt_ratio": 41.03,
            "inventory_turnover_ratio": 0.37,
            "account_receivable_turnover_ratio": null,
            "reinvestment_rate": -20022.93,
            "research_to_sale_ratio": null,
            "price_fair": 25,
            "eps_avg_yearly": 0.71,
            "eps_latest_yearly": 0.6,
            "eps_growth_yearly": 355.21
        },
        "20074": {
            "year_quarter": 20074,
            "year": 2007,
            "quarter": 4,
            "eps": 0.03,
            "eps_growth_year": null,
            "eps_4q": 0.04,
            "eps_4q_growth_year": null,
            "roe": 0.19,
            "roe_4q": 0.24,
            "gross_profit": 130382,
            "gross_margin": 30.04,
            "gross_margin_4q_avg": 28.55,
            "net_income": 7121,
            "revenue": 434014,
            "common_shares": 2092537,
            "book_valuer_per_share": 15.58,
            "book_valuer_per_share_4q_avg": 15.84,
            "equity": 4005859,
            "current_ratio": 123,
            "debt_ratio": 53.16,
            "inventory_turnover_ratio": 0.22,
            "account_receivable_turnover_ratio": null,
            "reinvestment_rate": 81948.11,
            "research_to_sale_ratio": null,
            "price_fair": 28,
            "eps_avg_yearly": 0.8,
            "eps_latest_yearly": 0.6,
            "eps_growth_yearly": 433.46
        },
        "20081": {
            "year_quarter": 20081,
            "year": 2008,
            "quarter": 1,
            "eps": -0.06,
            "eps_growth_year": -175,
            "eps_4q": -0.04,
            "eps_4q_growth_year": null,
            "roe": -0.71,
            "roe_4q": -0.9200000000000002,
            "gross_profit": 201831,
            "gross_margin": 16.04,
            "gross_margin_4q_avg": 25.26,
            "net_income": -28359,
            "revenue": 1258379,
            "common_shares": 2092537,
            "book_valuer_per_share": 15.52,
            "book_valuer_per_share_4q_avg": 15.71,
            "equity": 3981809,
            "current_ratio": 116.54,
            "debt_ratio": 54.95,
            "inventory_turnover_ratio": 0.59,
            "account_receivable_turnover_ratio": null,
            "reinvestment_rate": null,
            "research_to_sale_ratio": null,
            "price_fair": 24.08,
            "eps_avg_yearly": 0.69,
            "eps_latest_yearly": 0.6,
            "eps_growth_yearly": 56.15
        },
        "20082": {
            "year_quarter": 20082,
            "year": 2008,
            "quarter": 2,
            "eps": 0.11,
            "eps_growth_year": null,
            "eps_4q": 0.03,
            "eps_4q_growth_year": null,
            "roe": 1.53,
            "roe_4q": 0.94,
            "gross_profit": 292608,
            "gross_margin": 18.3,
            "gross_margin_4q_avg": 23.18,
            "net_income": 60704,
            "revenue": 1599288,
            "common_shares": 2092537,
            "book_valuer_per_share": 15.27,
            "book_valuer_per_share_4q_avg": 15.56,
            "equity": 3941874,
            "current_ratio": 110.68,
            "debt_ratio": 56.76,
            "inventory_turnover_ratio": 0.65,
            "account_receivable_turnover_ratio": null,
            "reinvestment_rate": null,
            "research_to_sale_ratio": null,
            "price_fair": 17.85,
            "eps_avg_yearly": 0.51,
            "eps_latest_yearly": 0.6,
            "eps_growth_yearly": 67.24
        },
        "20083": {
            "year_quarter": 20083,
            "year": 2008,
            "quarter": 3,
            "eps": 0.16,
            "eps_growth_year": null,
            "eps_4q": 0.36,
            "eps_4q_growth_year": null,
            "roe": 0.58,
            "roe_4q": 1.5899999999999999,
            "gross_profit": 242484,
            "gross_margin": 16.54,
            "gross_margin_4q_avg": 20.23,
            "net_income": 22918,
            "revenue": 1466008,
            "common_shares": 2092537,
            "book_valuer_per_share": 15.52,
            "book_valuer_per_share_4q_avg": 15.47,
            "equity": 4020995,
            "current_ratio": 110.28,
            "debt_ratio": 55.98,
            "inventory_turnover_ratio": 0.57,
            "account_receivable_turnover_ratio": null,
            "reinvestment_rate": null,
            "research_to_sale_ratio": null,
            "price_fair": 17.85,
            "eps_avg_yearly": 0.51,
            "eps_latest_yearly": 0.64,
            "eps_growth_yearly": 166.98
        },
        "20084": {
            "year_quarter": 20084,
            "year": 2008,
            "quarter": 4,
            "eps": 3.03,
            "eps_growth_year": 10000,
            "eps_4q": 3.33,
            "eps_4q_growth_year": 7442.87,
            "roe": 14.44,
            "roe_4q": 15.84,
            "gross_profit": 908913,
            "gross_margin": 33.06,
            "gross_margin_4q_avg": 20.99,
            "net_income": 611161,
            "revenue": 2749636,
            "common_shares": 2092537,
            "book_valuer_per_share": 18.23,
            "book_valuer_per_share_4q_avg": 16.14,
            "equity": 4444466,
            "current_ratio": 134.03,
            "debt_ratio": 47.68,
            "inventory_turnover_ratio": 1,
            "account_receivable_turnover_ratio": 6.59,
            "reinvestment_rate": -44.05,
            "research_to_sale_ratio": null,
            "price_fair": 118.65,
            "eps_avg_yearly": 3.39,
            "eps_latest_yearly": 12.12,
            "eps_growth_yearly": 1966.98
        },
        "20091": {
            "year_quarter": 20091,
            "year": 2009,
            "quarter": 1,
            "eps": 1.36,
            "eps_growth_year": null,
            "eps_4q": 3.92,
            "eps_4q_growth_year": null,
            "roe": 7.24,
            "roe_4q": 23.79,
            "gross_profit": 574883,
            "gross_margin": 27.76,
            "gross_margin_4q_avg": 23.92,
            "net_income": 334788,
            "revenue": 2070684,
            "common_shares": 2092537,
            "book_valuer_per_share": 19.72,
            "book_valuer_per_share_4q_avg": 17.19,
            "equity": 4809024,
            "current_ratio": 198.76,
            "debt_ratio": 38.43,
            "inventory_turnover_ratio": 1.15,
            "account_receivable_turnover_ratio": 2.98,
            "reinvestment_rate": 267.13,
            "research_to_sale_ratio": null,
            "price_fair": 133,
            "eps_avg_yearly": 3.8,
            "eps_latest_yearly": 5.44,
            "eps_growth_yearly": 1529.49
        },
        "20092": {
            "year_quarter": 20092,
            "year": 2009,
            "quarter": 2,
            "eps": 0.59,
            "eps_growth_year": 436.36,
            "eps_4q": 3.32,
            "eps_4q_growth_year": 11086.54,
            "roe": 3.89,
            "roe_4q": 26.15,
            "gross_profit": 538358,
            "gross_margin": 31.51,
            "gross_margin_4q_avg": 27.22,
            "net_income": 189408,
            "revenue": 1708405,
            "common_shares": 2092537,
            "book_valuer_per_share": 19.97,
            "book_valuer_per_share_4q_avg": 18.36,
            "equity": 4940782,
            "current_ratio": 204.66,
            "debt_ratio": 37.73,
            "inventory_turnover_ratio": 1.07,
            "account_receivable_turnover_ratio": 3.04,
            "reinvestment_rate": 233.46,
            "research_to_sale_ratio": null,
            "price_fair": 124.6,
            "eps_avg_yearly": 3.56,
            "eps_latest_yearly": 2.36,
            "eps_growth_yearly": 1236.83
        },
        "20093": {
            "year_quarter": 20093,
            "year": 2009,
            "quarter": 3,
            "eps": 0.43,
            "eps_growth_year": 168.75,
            "eps_4q": 2.98,
            "eps_4q_growth_year": 730.97,
            "roe": 3.24,
            "roe_4q": 28.810000000000002,
            "gross_profit": 410874,
            "gross_margin": 26.55,
            "gross_margin_4q_avg": 29.72,
            "net_income": 162438,
            "revenue": 1547273,
            "common_shares": 2197164,
            "book_valuer_per_share": 19.45,
            "book_valuer_per_share_4q_avg": 19.34,
            "equity": 5101069,
            "current_ratio": 243.59,
            "debt_ratio": 35.08,
            "inventory_turnover_ratio": 1.07,
            "account_receivable_turnover_ratio": 2.58,
            "reinvestment_rate": 222.62,
            "research_to_sale_ratio": null,
            "price_fair": 115.4,
            "eps_avg_yearly": 3.3,
            "eps_latest_yearly": 1.72,
            "eps_growth_yearly": 1044.65
        },
        "20094": {
            "year_quarter": 20094,
            "year": 2009,
            "quarter": 4,
            "eps": -0.22,
            "eps_growth_year": -107.26,
            "eps_4q": 2.07,
            "eps_4q_growth_year": -37.79,
            "roe": -1.36,
            "roe_4q": 13.010000000000002,
            "gross_profit": 359485,
            "gross_margin": 22.92,
            "gross_margin_4q_avg": 27.19,
            "net_income": -68594,
            "revenue": 1568205,
            "common_shares": 2197164,
            "book_valuer_per_share": 19.32,
            "book_valuer_per_share_4q_avg": 19.62,
            "equity": 4997302,
            "current_ratio": 250.49,
            "debt_ratio": 35.53,
            "inventory_turnover_ratio": 1.22,
            "account_receivable_turnover_ratio": 6.11,
            "reinvestment_rate": -3.24,
            "research_to_sale_ratio": null,
            "price_fair": 133.47,
            "eps_avg_yearly": 3.81,
            "eps_latest_yearly": 1.72,
            "eps_growth_yearly": 1266.9
        },
        "20101": {
            "year_quarter": 20101,
            "year": 2010,
            "quarter": 1,
            "eps": 0.19,
            "eps_growth_year": -86.03,
            "eps_4q": 0.97,
            "eps_4q_growth_year": -75.29,
            "roe": 2.37,
            "roe_4q": 8.14,
            "gross_profit": 371645,
            "gross_margin": 23.27,
            "gross_margin_4q_avg": 26.06,
            "net_income": 120397,
            "revenue": 1597196,
            "common_shares": 2197164,
            "book_valuer_per_share": 19.61,
            "book_valuer_per_share_4q_avg": 19.59,
            "equity": 5173583,
            "current_ratio": 242.41,
            "debt_ratio": 34.93,
            "inventory_turnover_ratio": 1.14,
            "account_receivable_turnover_ratio": 2.87,
            "reinvestment_rate": 276.12,
            "research_to_sale_ratio": 0.08,
            "price_fair": 133.47,
            "eps_avg_yearly": 3.81,
            "eps_latest_yearly": 1.72,
            "eps_growth_yearly": 1266.9
        },
        "20102": {
            "year_quarter": 20102,
            "year": 2010,
            "quarter": 2,
            "eps": -0.02,
            "eps_growth_year": -102.88,
            "eps_4q": 0.35,
            "eps_4q_growth_year": -89.41,
            "roe": -0,
            "roe_4q": 4.25,
            "gross_profit": 284259,
            "gross_margin": 20.5,
            "gross_margin_4q_avg": 23.31,
            "net_income": -225,
            "revenue": 1386874,
            "common_shares": 2197164,
            "book_valuer_per_share": 19.06,
            "book_valuer_per_share_4q_avg": 19.36,
            "equity": 4986295,
            "current_ratio": 194.4,
            "debt_ratio": 38.34,
            "inventory_turnover_ratio": 0.9,
            "account_receivable_turnover_ratio": 2.38,
            "reinvestment_rate": 328.56,
            "research_to_sale_ratio": 0.1,
            "price_fair": 133.47,
            "eps_avg_yearly": 3.81,
            "eps_latest_yearly": 1.72,
            "eps_growth_yearly": 1266.9
        },
        "20103": {
            "year_quarter": 20103,
            "year": 2010,
            "quarter": 3,
            "eps": 0.12,
            "eps_growth_year": -73.03,
            "eps_4q": 0.07,
            "eps_4q_growth_year": -97.53,
            "roe": 0.82,
            "roe_4q": 1.8299999999999998,
            "gross_profit": 287740,
            "gross_margin": 18.89,
            "gross_margin_4q_avg": 21.4,
            "net_income": 41299,
            "revenue": 1523137,
            "common_shares": 2400000,
            "book_valuer_per_share": 17.67,
            "book_valuer_per_share_4q_avg": 18.92,
            "equity": 5084194,
            "current_ratio": 210.98,
            "debt_ratio": 36.75,
            "inventory_turnover_ratio": 1.02,
            "account_receivable_turnover_ratio": 2.62,
            "reinvestment_rate": 330.43,
            "research_to_sale_ratio": 0.09,
            "price_fair": 155.96,
            "eps_avg_yearly": 4.46,
            "eps_latest_yearly": 1.72,
            "eps_growth_yearly": 1360.28
        },
        "20104": {
            "year_quarter": 20104,
            "year": 2010,
            "quarter": 4,
            "eps": 0.21,
            "eps_growth_year": null,
            "eps_4q": 0.49,
            "eps_4q_growth_year": -76.54,
            "roe": 1.35,
            "roe_4q": 4.54,
            "gross_profit": 294752,
            "gross_margin": 20.09,
            "gross_margin_4q_avg": 20.69,
            "net_income": 68947,
            "revenue": 1467131,
            "common_shares": 2400000,
            "book_valuer_per_share": 17.85,
            "book_valuer_per_share_4q_avg": 18.55,
            "equity": 5116187,
            "current_ratio": 256.54,
            "debt_ratio": 35.74,
            "inventory_turnover_ratio": 0.88,
            "account_receivable_turnover_ratio": 2.72,
            "reinvestment_rate": 13.39,
            "research_to_sale_ratio": 0.13,
            "price_fair": 134.87,
            "eps_avg_yearly": 3.85,
            "eps_latest_yearly": 0.84,
            "eps_growth_yearly": 1183.57
        },
        "20111": {
            "year_quarter": 20111,
            "year": 2011,
            "quarter": 1,
            "eps": 0.13,
            "eps_growth_year": -31.58,
            "eps_4q": 0.43,
            "eps_4q_growth_year": -55.1,
            "roe": 1.01,
            "roe_4q": 3.18,
            "gross_profit": 279302,
            "gross_margin": 17.88,
            "gross_margin_4q_avg": 19.34,
            "net_income": 51050,
            "revenue": 1561858,
            "common_shares": 2400000,
            "book_valuer_per_share": 17.38,
            "book_valuer_per_share_4q_avg": 17.99,
            "equity": 4988314,
            "current_ratio": 268.96,
            "debt_ratio": 37.97,
            "inventory_turnover_ratio": 0.83,
            "account_receivable_turnover_ratio": 3.15,
            "reinvestment_rate": 278.88,
            "research_to_sale_ratio": 0.13,
            "price_fair": 118.2,
            "eps_avg_yearly": 3.38,
            "eps_latest_yearly": 0.52,
            "eps_growth_yearly": 992.72
        },
        "20112": {
            "year_quarter": 20112,
            "year": 2011,
            "quarter": 2,
            "eps": 0.15,
            "eps_growth_year": null,
            "eps_4q": 0.6,
            "eps_4q_growth_year": 70.27,
            "roe": 0.96,
            "roe_4q": 4.140000000000001,
            "gross_profit": 241486,
            "gross_margin": 15.32,
            "gross_margin_4q_avg": 18.05,
            "net_income": 47069,
            "revenue": 1575957,
            "common_shares": 2400000,
            "book_valuer_per_share": 16.86,
            "book_valuer_per_share_4q_avg": 17.44,
            "equity": 4802379,
            "current_ratio": 237.95,
            "debt_ratio": 38.51,
            "inventory_turnover_ratio": 0.9,
            "account_receivable_turnover_ratio": 3.15,
            "reinvestment_rate": 259.69,
            "research_to_sale_ratio": 0.04,
            "price_fair": 106.05,
            "eps_avg_yearly": 3.03,
            "eps_latest_yearly": 0.6,
            "eps_growth_yearly": 876.32
        },
        "20113": {
            "year_quarter": 20113,
            "year": 2011,
            "quarter": 3,
            "eps": 0.15,
            "eps_growth_year": 25.42,
            "eps_4q": 0.63,
            "eps_4q_growth_year": 750.95,
            "roe": 0.7,
            "roe_4q": 4.02,
            "gross_profit": 251938,
            "gross_margin": 18.01,
            "gross_margin_4q_avg": 17.83,
            "net_income": 33847,
            "revenue": 1398588,
            "common_shares": 2400000,
            "book_valuer_per_share": 17.12,
            "book_valuer_per_share_4q_avg": 17.3,
            "equity": 4902447,
            "current_ratio": 250.14,
            "debt_ratio": 38.18,
            "inventory_turnover_ratio": 0.73,
            "account_receivable_turnover_ratio": 2.62,
            "reinvestment_rate": 263.12,
            "research_to_sale_ratio": 0.1,
            "price_fair": 96.6,
            "eps_avg_yearly": 2.76,
            "eps_latest_yearly": 0.6,
            "eps_growth_yearly": 778.95
        },
        "20114": {
            "year_quarter": 20114,
            "year": 2011,
            "quarter": 4,
            "eps": -0.25,
            "eps_growth_year": -217.64,
            "eps_4q": 0.17,
            "eps_4q_growth_year": -64.27,
            "roe": -2.5,
            "roe_4q": 0.16999999999999993,
            "gross_profit": 186266,
            "gross_margin": 13.87,
            "gross_margin_4q_avg": 16.27,
            "net_income": -120717,
            "revenue": 1343193,
            "common_shares": 2400000,
            "book_valuer_per_share": 16.84,
            "book_valuer_per_share_4q_avg": 17.05,
            "equity": 4756414,
            "current_ratio": 174.17,
            "debt_ratio": 41.44,
            "inventory_turnover_ratio": 0.63,
            "account_receivable_turnover_ratio": 2.47,
            "reinvestment_rate": -15.79,
            "research_to_sale_ratio": 0.17,
            "price_fair": 96.6,
            "eps_avg_yearly": 2.76,
            "eps_latest_yearly": 0.6,
            "eps_growth_yearly": 778.95
        },
        "20121": {
            "year_quarter": 20121,
            "year": 2012,
            "quarter": 1,
            "eps": -0.07,
            "eps_growth_year": -153.85,
            "eps_4q": -0.02,
            "eps_4q_growth_year": -105.13,
            "roe": -0.33,
            "roe_4q": -1.17,
            "gross_profit": 269229,
            "gross_margin": 17.69,
            "gross_margin_4q_avg": 16.22,
            "net_income": -15473,
            "revenue": 1521720,
            "common_shares": 2400000,
            "book_valuer_per_share": 16.76,
            "book_valuer_per_share_4q_avg": 16.9,
            "equity": 4738247,
            "current_ratio": 180.79,
            "debt_ratio": 41.49,
            "inventory_turnover_ratio": 0.65,
            "account_receivable_turnover_ratio": 2.83,
            "reinvestment_rate": -26.94,
            "research_to_sale_ratio": 0.1,
            "price_fair": 96.6,
            "eps_avg_yearly": 2.76,
            "eps_latest_yearly": 0.6,
            "eps_growth_yearly": 778.95
        },
        "20122": {
            "year_quarter": 20122,
            "year": 2012,
            "quarter": 2,
            "eps": 0.23,
            "eps_growth_year": 59.61,
            "eps_4q": 0.06,
            "eps_4q_growth_year": -89.16,
            "roe": 1.48,
            "roe_4q": -0.6500000000000001,
            "gross_profit": 299424,
            "gross_margin": 18.69,
            "gross_margin_4q_avg": 17.07,
            "net_income": 69612,
            "revenue": 1602334,
            "common_shares": 2400000,
            "book_valuer_per_share": 16.42,
            "book_valuer_per_share_4q_avg": 16.79,
            "equity": 4639525,
            "current_ratio": 186.76,
            "debt_ratio": 40.85,
            "inventory_turnover_ratio": 0.72,
            "account_receivable_turnover_ratio": 2.71,
            "reinvestment_rate": -27.13,
            "research_to_sale_ratio": 0.09,
            "price_fair": 96.6,
            "eps_avg_yearly": 2.76,
            "eps_latest_yearly": 0.6,
            "eps_growth_yearly": 778.95
        },
        "20123": {
            "year_quarter": 20123,
            "year": 2012,
            "quarter": 3,
            "eps": 0.12,
            "eps_growth_year": -16.86,
            "eps_4q": 0.04,
            "eps_4q_growth_year": -93.58,
            "roe": 0.68,
            "roe_4q": -0.6699999999999999,
            "gross_profit": 303191,
            "gross_margin": 19.82,
            "gross_margin_4q_avg": 17.52,
            "net_income": 31878,
            "revenue": 1529942,
            "common_shares": 2400000,
            "book_valuer_per_share": 16.57,
            "book_valuer_per_share_4q_avg": 16.65,
            "equity": 4688194,
            "current_ratio": 207.1,
            "debt_ratio": 39.05,
            "inventory_turnover_ratio": 0.75,
            "account_receivable_turnover_ratio": 2.61,
            "reinvestment_rate": -37.27,
            "research_to_sale_ratio": 0.1,
            "price_fair": 95.98,
            "eps_avg_yearly": 2.74,
            "eps_latest_yearly": 0.48,
            "eps_growth_yearly": 737.49
        },
        "20124": {
            "year_quarter": 20124,
            "year": 2012,
            "quarter": 4,
            "eps": 0.14,
            "eps_growth_year": null,
            "eps_4q": 0.42,
            "eps_4q_growth_year": 143.17,
            "roe": 1.32,
            "roe_4q": 3.15,
            "gross_profit": 337537,
            "gross_margin": 23.16,
            "gross_margin_4q_avg": 19.84,
            "net_income": 62286,
            "revenue": 1457657,
            "common_shares": 2400000,
            "book_valuer_per_share": 16.64,
            "book_valuer_per_share_4q_avg": 16.6,
            "equity": 4726884,
            "current_ratio": 189.36,
            "debt_ratio": 38.98,
            "inventory_turnover_ratio": 0.71,
            "account_receivable_turnover_ratio": 2.67,
            "reinvestment_rate": 5.69,
            "research_to_sale_ratio": 0.11,
            "price_fair": 4.37,
            "eps_avg_yearly": 1.46,
            "eps_latest_yearly": 0.56,
            "eps_growth_yearly": -52.32
        },
        "20131": {
            "year_quarter": 20131,
            "year": 2013,
            "quarter": 1,
            "eps": 0.35,
            "eps_growth_year": null,
            "eps_4q": 0.84,
            "eps_4q_growth_year": null,
            "roe": 2.52,
            "roe_4q": 6,
            "gross_profit": 338069,
            "gross_margin": 20.57,
            "gross_margin_4q_avg": 20.56,
            "net_income": 120200,
            "revenue": 1643325,
            "common_shares": 2400000,
            "book_valuer_per_share": 16.69,
            "book_valuer_per_share_4q_avg": 16.58,
            "equity": 4817648,
            "current_ratio": 206.68,
            "debt_ratio": 39.12,
            "inventory_turnover_ratio": 0.81,
            "account_receivable_turnover_ratio": 2.99,
            "reinvestment_rate": -254.47,
            "research_to_sale_ratio": 0.09,
            "price_fair": 35.31,
            "eps_avg_yearly": 1.01,
            "eps_latest_yearly": 1.4,
            "eps_growth_yearly": 38.84
        },
        "20132": {
            "year_quarter": 20132,
            "year": 2013,
            "quarter": 2,
            "eps": 0.33,
            "eps_growth_year": 41.46,
            "eps_4q": 0.94,
            "eps_4q_growth_year": 1350.57,
            "roe": 1.94,
            "roe_4q": 6.46,
            "gross_profit": 299446,
            "gross_margin": 21,
            "gross_margin_4q_avg": 21.14,
            "net_income": 92377,
            "revenue": 1426197,
            "common_shares": 2400000,
            "book_valuer_per_share": 16.59,
            "book_valuer_per_share_4q_avg": 16.62,
            "equity": 4722040,
            "current_ratio": 189.09,
            "debt_ratio": 41.06,
            "inventory_turnover_ratio": 0.65,
            "account_receivable_turnover_ratio": 2.57,
            "reinvestment_rate": -292.85,
            "research_to_sale_ratio": 0.11,
            "price_fair": 31.27,
            "eps_avg_yearly": 0.89,
            "eps_latest_yearly": 1.32,
            "eps_growth_yearly": 61.47
        },
        "20133": {
            "year_quarter": 20133,
            "year": 2013,
            "quarter": 3,
            "eps": 0.41,
            "eps_growth_year": 239,
            "eps_4q": 1.22,
            "eps_4q_growth_year": 2938.95,
            "roe": 2.58,
            "roe_4q": 8.36,
            "gross_profit": 366120,
            "gross_margin": 22.98,
            "gross_margin_4q_avg": 21.93,
            "net_income": 122811,
            "revenue": 1592991,
            "common_shares": 2400000,
            "book_valuer_per_share": 16.96,
            "book_valuer_per_share_4q_avg": 16.72,
            "equity": 4814357,
            "current_ratio": 209.88,
            "debt_ratio": 39.18,
            "inventory_turnover_ratio": 0.68,
            "account_receivable_turnover_ratio": 2.82,
            "reinvestment_rate": -303.81,
            "research_to_sale_ratio": 0.1,
            "price_fair": 30.96,
            "eps_avg_yearly": 0.88,
            "eps_latest_yearly": 1.64,
            "eps_growth_yearly": 84.29
        },
        "20134": {
            "year_quarter": 20134,
            "year": 2013,
            "quarter": 4,
            "eps": 0.02,
            "eps_growth_year": -85.45,
            "eps_4q": 1.11,
            "eps_4q_growth_year": 162.68,
            "roe": 0.57,
            "roe_4q": 7.609999999999999,
            "gross_profit": 304282,
            "gross_margin": 22.82,
            "gross_margin_4q_avg": 21.84,
            "net_income": 27835,
            "revenue": 1333638,
            "common_shares": 2400000,
            "book_valuer_per_share": 17.34,
            "book_valuer_per_share_4q_avg": 16.9,
            "equity": 4897494,
            "current_ratio": 218.22,
            "debt_ratio": 37.34,
            "inventory_turnover_ratio": 0.61,
            "account_receivable_turnover_ratio": 2.56,
            "reinvestment_rate": -148.72,
            "research_to_sale_ratio": 0.11,
            "price_fair": 28.14,
            "eps_avg_yearly": 0.8,
            "eps_latest_yearly": 0.08,
            "eps_growth_yearly": 37.81
        },
        "20141": {
            "year_quarter": 20141,
            "year": 2014,
            "quarter": 1,
            "eps": 0.36,
            "eps_growth_year": 2.86,
            "eps_4q": 1.12,
            "eps_4q_growth_year": 32.32,
            "roe": 2.55,
            "roe_4q": 7.639999999999999,
            "gross_profit": 379360,
            "gross_margin": 25.31,
            "gross_margin_4q_avg": 23.03,
            "net_income": 127870,
            "revenue": 1498954,
            "common_shares": 2400000,
            "book_valuer_per_share": 17.9,
            "book_valuer_per_share_4q_avg": 17.2,
            "equity": 5122088,
            "current_ratio": 227.96,
            "debt_ratio": 37.07,
            "inventory_turnover_ratio": 0.66,
            "account_receivable_turnover_ratio": 3.22,
            "reinvestment_rate": -147.47,
            "research_to_sale_ratio": 0.11,
            "price_fair": 30.16,
            "eps_avg_yearly": 0.86,
            "eps_latest_yearly": 1.44,
            "eps_growth_yearly": 652.56
        },
        "20142": {
            "year_quarter": 20142,
            "year": 2014,
            "quarter": 2,
            "eps": 0.29,
            "eps_growth_year": -12.12,
            "eps_4q": 1.07,
            "eps_4q_growth_year": 13.77,
            "roe": 1.81,
            "roe_4q": 7.51,
            "gross_profit": 376162,
            "gross_margin": 23.84,
            "gross_margin_4q_avg": 23.74,
            "net_income": 90980,
            "revenue": 1577945,
            "common_shares": 2400000,
            "book_valuer_per_share": 17.34,
            "book_valuer_per_share_4q_avg": 17.39,
            "equity": 4925232,
            "current_ratio": 193.33,
            "debt_ratio": 40.74,
            "inventory_turnover_ratio": 0.67,
            "account_receivable_turnover_ratio": 3.27,
            "reinvestment_rate": -144.55,
            "research_to_sale_ratio": 0.1,
            "price_fair": 31.03,
            "eps_avg_yearly": 0.89,
            "eps_latest_yearly": 1.16,
            "eps_growth_yearly": 591.7
        },
        "20143": {
            "year_quarter": 20143,
            "year": 2014,
            "quarter": 3,
            "eps": 0.17,
            "eps_growth_year": -58.54,
            "eps_4q": 0.84,
            "eps_4q_growth_year": -31.5,
            "roe": 0.97,
            "roe_4q": 5.9,
            "gross_profit": 319719,
            "gross_margin": 22.24,
            "gross_margin_4q_avg": 23.55,
            "net_income": 48462,
            "revenue": 1437274,
            "common_shares": 2400000,
            "book_valuer_per_share": 17.73,
            "book_valuer_per_share_4q_avg": 17.58,
            "equity": 5050564,
            "current_ratio": 214.19,
            "debt_ratio": 38.81,
            "inventory_turnover_ratio": 0.64,
            "account_receivable_turnover_ratio": 2.88,
            "reinvestment_rate": -142.57,
            "research_to_sale_ratio": 0.11,
            "price_fair": 30.48,
            "eps_avg_yearly": 0.87,
            "eps_latest_yearly": 0.68,
            "eps_growth_yearly": 533.45
        },
        "20144": {
            "year_quarter": 20144,
            "year": 2014,
            "quarter": 4,
            "eps": 0.3,
            "eps_growth_year": 1431.92,
            "eps_4q": 1.12,
            "eps_4q_growth_year": 1.31,
            "roe": 1.84,
            "roe_4q": 7.17,
            "gross_profit": 352216,
            "gross_margin": 19.76,
            "gross_margin_4q_avg": 22.79,
            "net_income": 93806,
            "revenue": 1782374,
            "common_shares": 2400000,
            "book_valuer_per_share": 18.02,
            "book_valuer_per_share_4q_avg": 17.75,
            "equity": 5149894,
            "current_ratio": 225.5,
            "debt_ratio": 38.03,
            "inventory_turnover_ratio": 0.86,
            "account_receivable_turnover_ratio": 3.58,
            "reinvestment_rate": -137.22,
            "research_to_sale_ratio": 0.11,
            "price_fair": 31.45,
            "eps_avg_yearly": 0.9,
            "eps_latest_yearly": 1.2,
            "eps_growth_yearly": 533.9
        },
        "20151": {
            "year_quarter": 20151,
            "year": 2015,
            "quarter": 1,
            "eps": 0.5,
            "eps_growth_year": 38.89,
            "eps_4q": 1.26,
            "eps_4q_growth_year": 13.12,
            "roe": 3.87,
            "roe_4q": 8.49,
            "gross_profit": 400649,
            "gross_margin": 24.22,
            "gross_margin_4q_avg": 22.52,
            "net_income": 203231,
            "revenue": 1654449,
            "common_shares": 2400000,
            "book_valuer_per_share": 18.57,
            "book_valuer_per_share_4q_avg": 17.92,
            "equity": 5352881,
            "current_ratio": 281.56,
            "debt_ratio": 35.5,
            "inventory_turnover_ratio": 0.79,
            "account_receivable_turnover_ratio": 3.32,
            "reinvestment_rate": -123.82,
            "research_to_sale_ratio": 0.09,
            "price_fair": 35.43,
            "eps_avg_yearly": 1.01,
            "eps_latest_yearly": 2,
            "eps_growth_yearly": 566.14
        },
        "20152": {
            "year_quarter": 20152,
            "year": 2015,
            "quarter": 2,
            "eps": 0.36,
            "eps_growth_year": 24.14,
            "eps_4q": 1.33,
            "eps_4q_growth_year": 24.48,
            "roe": 2.18,
            "roe_4q": 8.860000000000001,
            "gross_profit": 385572,
            "gross_margin": 23.36,
            "gross_margin_4q_avg": 22.4,
            "net_income": 113211,
            "revenue": 1650888,
            "common_shares": 2400000,
            "book_valuer_per_share": 17.62,
            "book_valuer_per_share_4q_avg": 17.99,
            "equity": 5047719,
            "current_ratio": 228.74,
            "debt_ratio": 39.08,
            "inventory_turnover_ratio": 0.75,
            "account_receivable_turnover_ratio": 3.36,
            "reinvestment_rate": -108.6,
            "research_to_sale_ratio": 0.1,
            "price_fair": 37.69,
            "eps_avg_yearly": 1.08,
            "eps_latest_yearly": 1.44,
            "eps_growth_yearly": 552.79
        },
        "20153": {
            "year_quarter": 20153,
            "year": 2015,
            "quarter": 3,
            "eps": 0.47,
            "eps_growth_year": 176.47,
            "eps_4q": 1.63,
            "eps_4q_growth_year": 94.13,
            "roe": 3.03,
            "roe_4q": 10.92,
            "gross_profit": 432781,
            "gross_margin": 24.02,
            "gross_margin_4q_avg": 22.84,
            "net_income": 155462,
            "revenue": 1801487,
            "common_shares": 2400000,
            "book_valuer_per_share": 18.14,
            "book_valuer_per_share_4q_avg": 18.09,
            "equity": 5205951,
            "current_ratio": 246.25,
            "debt_ratio": 37.64,
            "inventory_turnover_ratio": 0.75,
            "account_receivable_turnover_ratio": 3.44,
            "reinvestment_rate": -113.59,
            "research_to_sale_ratio": 0.1,
            "price_fair": 41.14,
            "eps_avg_yearly": 1.18,
            "eps_latest_yearly": 1.88,
            "eps_growth_yearly": 562.19
        },
        "20154": {
            "year_quarter": 20154,
            "year": 2015,
            "quarter": 4,
            "eps": -0.2,
            "eps_growth_year": -166.87,
            "eps_4q": 1.12,
            "eps_4q_growth_year": -0.11,
            "roe": -0.23,
            "roe_4q": 8.850000000000001,
            "gross_profit": 411719,
            "gross_margin": 26.98,
            "gross_margin_4q_avg": 24.65,
            "net_income": -12166,
            "revenue": 1525944,
            "common_shares": 2400000,
            "book_valuer_per_share": 17.8,
            "book_valuer_per_share_4q_avg": 18.03,
            "equity": 5166649,
            "current_ratio": 238.75,
            "debt_ratio": 38.13,
            "inventory_turnover_ratio": 0.64,
            "account_receivable_turnover_ratio": 2.83,
            "reinvestment_rate": -108.57,
            "research_to_sale_ratio": 0.12,
            "price_fair": 41.14,
            "eps_avg_yearly": 1.18,
            "eps_latest_yearly": 1.88,
            "eps_growth_yearly": 562.19
        },
        "20161": {
            "year_quarter": 20161,
            "year": 2016,
            "quarter": 1,
            "eps": 0.37,
            "eps_growth_year": -26,
            "eps_4q": 1,
            "eps_4q_growth_year": -20.86,
            "roe": 2.36,
            "roe_4q": 7.34,
            "gross_profit": 356646,
            "gross_margin": 23.04,
            "gross_margin_4q_avg": 24.35,
            "net_income": 122961,
            "revenue": 1547878,
            "common_shares": 2400000,
            "book_valuer_per_share": 18.11,
            "book_valuer_per_share_4q_avg": 17.92,
            "equity": 5275251,
            "current_ratio": 258.68,
            "debt_ratio": 36.07,
            "inventory_turnover_ratio": 0.77,
            "account_receivable_turnover_ratio": 3.17,
            "reinvestment_rate": -81.31,
            "research_to_sale_ratio": 0.13,
            "price_fair": 41.14,
            "eps_avg_yearly": 1.18,
            "eps_latest_yearly": 1.88,
            "eps_growth_yearly": 562.19
        },
        "20162": {
            "year_quarter": 20162,
            "year": 2016,
            "quarter": 2,
            "eps": 0.42,
            "eps_growth_year": 16.67,
            "eps_4q": 1.06,
            "eps_4q_growth_year": -20.6,
            "roe": 2.55,
            "roe_4q": 7.709999999999999,
            "gross_profit": 429124,
            "gross_margin": 27.45,
            "gross_margin_4q_avg": 25.37,
            "net_income": 131753,
            "revenue": 1563041,
            "common_shares": 2400000,
            "book_valuer_per_share": 17.57,
            "book_valuer_per_share_4q_avg": 17.91,
            "equity": 5065874,
            "current_ratio": 216.57,
            "debt_ratio": 39.26,
            "inventory_turnover_ratio": 0.82,
            "account_receivable_turnover_ratio": 3.3,
            "reinvestment_rate": -72.92,
            "research_to_sale_ratio": 0.14,
            "price_fair": 42.4,
            "eps_avg_yearly": 1.21,
            "eps_latest_yearly": 1.68,
            "eps_growth_yearly": 525.89
        },
        "20163": {
            "year_quarter": 20163,
            "year": 2016,
            "quarter": 3,
            "eps": 0.47,
            "eps_growth_year": 0,
            "eps_4q": 1.05,
            "eps_4q_growth_year": -35.25,
            "roe": 3.33,
            "roe_4q": 8.01,
            "gross_profit": 464571,
            "gross_margin": 28.31,
            "gross_margin_4q_avg": 26.45,
            "net_income": 168902,
            "revenue": 1641204,
            "common_shares": 2400000,
            "book_valuer_per_share": 17.88,
            "book_valuer_per_share_4q_avg": 17.84,
            "equity": 5073617,
            "current_ratio": 212.81,
            "debt_ratio": 39.72,
            "inventory_turnover_ratio": 0.9,
            "account_receivable_turnover_ratio": 3.21,
            "reinvestment_rate": -65.59,
            "research_to_sale_ratio": 0.12,
            "price_fair": 45.9,
            "eps_avg_yearly": 1.31,
            "eps_latest_yearly": 1.88,
            "eps_growth_yearly": 542.96
        },
        "20164": {
            "year_quarter": 20164,
            "year": 2016,
            "quarter": 4,
            "eps": 0.52,
            "eps_growth_year": null,
            "eps_4q": 1.78,
            "eps_4q_growth_year": 58.62,
            "roe": 3.99,
            "roe_4q": 12.23,
            "gross_profit": 481377,
            "gross_margin": 30.19,
            "gross_margin_4q_avg": 27.25,
            "net_income": 206618,
            "revenue": 1594644,
            "common_shares": 2400000,
            "book_valuer_per_share": 18.43,
            "book_valuer_per_share_4q_avg": 18,
            "equity": 5282872,
            "current_ratio": 229.91,
            "debt_ratio": 38.58,
            "inventory_turnover_ratio": 0.87,
            "account_receivable_turnover_ratio": 3.04,
            "reinvestment_rate": -60.93,
            "research_to_sale_ratio": 0.09,
            "price_fair": 49.7,
            "eps_avg_yearly": 1.42,
            "eps_latest_yearly": 2.08,
            "eps_growth_yearly": 541.24
        },
        "20171": {
            "year_quarter": 20171,
            "year": 2017,
            "quarter": 1,
            "eps": 0.37,
            "eps_growth_year": 0,
            "eps_4q": 1.78,
            "eps_4q_growth_year": 78.14,
            "roe": 3.08,
            "roe_4q": 12.95,
            "gross_profit": 478459,
            "gross_margin": 30.99,
            "gross_margin_4q_avg": 29.24,
            "net_income": 164142,
            "revenue": 1544107,
            "common_shares": 2400000,
            "book_valuer_per_share": 18.54,
            "book_valuer_per_share_4q_avg": 18.11,
            "equity": 5362147,
            "current_ratio": 228.73,
            "debt_ratio": 38.01,
            "inventory_turnover_ratio": 0.86,
            "account_receivable_turnover_ratio": 3.18,
            "reinvestment_rate": 39.44,
            "research_to_sale_ratio": 0.12,
            "price_fair": 49.9,
            "eps_avg_yearly": 1.43,
            "eps_latest_yearly": 1.48,
            "eps_growth_yearly": 490.14
        },
        "20172": {
            "year_quarter": 20172,
            "year": 2017,
            "quarter": 2,
            "eps": 0.48,
            "eps_growth_year": 14.29,
            "eps_4q": 1.84,
            "eps_4q_growth_year": 73.91,
            "roe": 3.32,
            "roe_4q": 13.72,
            "gross_profit": 477854,
            "gross_margin": 31.19,
            "gross_margin_4q_avg": 30.17,
            "net_income": 175250,
            "revenue": 1531926,
            "common_shares": 2400000,
            "book_valuer_per_share": 18.13,
            "book_valuer_per_share_4q_avg": 18.25,
            "equity": 5192310,
            "current_ratio": 202.75,
            "debt_ratio": 40.43,
            "inventory_turnover_ratio": 0.84,
            "account_receivable_turnover_ratio": 3.08,
            "reinvestment_rate": 50.28,
            "research_to_sale_ratio": 0.14,
            "price_fair": 51.4,
            "eps_avg_yearly": 1.47,
            "eps_latest_yearly": 1.92,
            "eps_growth_yearly": 500.27
        },
        "20173": {
            "year_quarter": 20173,
            "year": 2017,
            "quarter": 3,
            "eps": 0.64,
            "eps_growth_year": 36.17,
            "eps_4q": 2.01,
            "eps_4q_growth_year": 90.82,
            "roe": 4.48,
            "roe_4q": 14.870000000000001,
            "gross_profit": 543330,
            "gross_margin": 34.89,
            "gross_margin_4q_avg": 31.82,
            "net_income": 238210,
            "revenue": 1557484,
            "common_shares": 2400000,
            "book_valuer_per_share": 18.79,
            "book_valuer_per_share_4q_avg": 18.47,
            "equity": 5444944,
            "current_ratio": 216.85,
            "debt_ratio": 39.64,
            "inventory_turnover_ratio": 0.74,
            "account_receivable_turnover_ratio": 2.77,
            "reinvestment_rate": 48.82,
            "research_to_sale_ratio": 0.12,
            "price_fair": 53.7,
            "eps_avg_yearly": 1.53,
            "eps_latest_yearly": 2.56,
            "eps_growth_yearly": 502.86
        },
        "20174": {
            "year_quarter": 20174,
            "year": 2017,
            "quarter": 4,
            "eps": 0.37,
            "eps_growth_year": -28.85,
            "eps_4q": 1.86,
            "eps_4q_growth_year": 4.64,
            "roe": 1.02,
            "roe_4q": 11.9,
            "gross_profit": 407817,
            "gross_margin": 26.11,
            "gross_margin_4q_avg": 30.8,
            "net_income": 56003,
            "revenue": 1561654,
            "common_shares": 2400000,
            "book_valuer_per_share": 19.12,
            "book_valuer_per_share_4q_avg": 18.65,
            "equity": 5496164,
            "current_ratio": 217.15,
            "debt_ratio": 39.47,
            "inventory_turnover_ratio": 0.83,
            "account_receivable_turnover_ratio": 2.82,
            "reinvestment_rate": -32.08,
            "research_to_sale_ratio": 0.13,
            "price_fair": 57.2,
            "eps_avg_yearly": 1.63,
            "eps_latest_yearly": 1.48,
            "eps_growth_yearly": 517.99
        },
        "20181": {
            "year_quarter": 20181,
            "year": 2018,
            "quarter": 1,
            "eps": 0.31,
            "eps_growth_year": -16.22,
            "eps_4q": 1.8,
            "eps_4q_growth_year": 1.14,
            "roe": 2.69,
            "roe_4q": 11.510000000000002,
            "gross_profit": 488478,
            "gross_margin": 33.75,
            "gross_margin_4q_avg": 31.49,
            "net_income": 152168,
            "revenue": 1447466,
            "common_shares": 2400000,
            "book_valuer_per_share": 19.63,
            "book_valuer_per_share_4q_avg": 18.92,
            "equity": 5830995,
            "current_ratio": 236.34,
            "debt_ratio": 37.27,
            "inventory_turnover_ratio": 0.68,
            "account_receivable_turnover_ratio": 3,
            "reinvestment_rate": -46.6,
            "research_to_sale_ratio": 0.14,
            "price_fair": 56.7,
            "eps_avg_yearly": 1.62,
            "eps_latest_yearly": 1.24,
            "eps_growth_yearly": 27.64
        },
        "20182": {
            "year_quarter": 20182,
            "year": 2018,
            "quarter": 2,
            "eps": 0.55,
            "eps_growth_year": 14.58,
            "eps_4q": 1.87,
            "eps_4q_growth_year": 1.54,
            "roe": 3.18,
            "roe_4q": 11.370000000000001,
            "gross_profit": 476576,
            "gross_margin": 31.8,
            "gross_margin_4q_avg": 31.64,
            "net_income": 179521,
            "revenue": 1498621,
            "common_shares": 2400000,
            "book_valuer_per_share": 18.95,
            "book_valuer_per_share_4q_avg": 19.12,
            "equity": 5467811,
            "current_ratio": 209.96,
            "debt_ratio": 38.85,
            "inventory_turnover_ratio": 0.68,
            "account_receivable_turnover_ratio": 3.15,
            "reinvestment_rate": -38.47,
            "research_to_sale_ratio": 0.17,
            "price_fair": 59.3,
            "eps_avg_yearly": 1.69,
            "eps_latest_yearly": 2.2,
            "eps_growth_yearly": 55.32
        },
        "20183": {
            "year_quarter": 20183,
            "year": 2018,
            "quarter": 3,
            "eps": 0.58,
            "eps_growth_year": -9.38,
            "eps_4q": 1.81,
            "eps_4q_growth_year": -10.06,
            "roe": 3.81,
            "roe_4q": 10.7,
            "gross_profit": 519736,
            "gross_margin": 32.21,
            "gross_margin_4q_avg": 30.97,
            "net_income": 213322,
            "revenue": 1613714,
            "common_shares": 2400000,
            "book_valuer_per_share": 19.6,
            "book_valuer_per_share_4q_avg": 19.33,
            "equity": 5721336,
            "current_ratio": 219.7,
            "debt_ratio": 37.82,
            "inventory_turnover_ratio": 0.76,
            "account_receivable_turnover_ratio": 2.98,
            "reinvestment_rate": -36.08,
            "research_to_sale_ratio": 0.16,
            "price_fair": 63.4,
            "eps_avg_yearly": 1.81,
            "eps_latest_yearly": 2.32,
            "eps_growth_yearly": 68.7
        },
        "20184": {
            "year_quarter": 20184,
            "year": 2018,
            "quarter": 4,
            "eps": 0.38,
            "eps_growth_year": 1.92,
            "eps_4q": 1.82,
            "eps_4q_growth_year": -2.41,
            "roe": 2.75,
            "roe_4q": 12.43,
            "gross_profit": 485215,
            "gross_margin": 31.9,
            "gross_margin_4q_avg": 32.42,
            "net_income": 159314,
            "revenue": 1521230,
            "common_shares": 2400000,
            "book_valuer_per_share": 19.9,
            "book_valuer_per_share_4q_avg": 19.52,
            "equity": 5879648,
            "current_ratio": 253.22,
            "debt_ratio": 34.85,
            "inventory_turnover_ratio": 0.73,
            "account_receivable_turnover_ratio": 2.91,
            "reinvestment_rate": -29.26,
            "research_to_sale_ratio": 0.21,
            "price_fair": 64.2,
            "eps_avg_yearly": 1.83,
            "eps_latest_yearly": 1.52,
            "eps_growth_yearly": 37
        },
        "20191": {
            "year_quarter": 20191,
            "year": 2019,
            "quarter": 1,
            "eps": 0.5,
            "eps_growth_year": 61.29,
            "eps_4q": 2.01,
            "eps_4q_growth_year": 11.64,
            "roe": 3.01,
            "roe_4q": 12.75,
            "gross_profit": 463801,
            "gross_margin": 31.21,
            "gross_margin_4q_avg": 31.78,
            "net_income": 180585,
            "revenue": 1486287,
            "common_shares": 2400000,
            "book_valuer_per_share": 20.54,
            "book_valuer_per_share_4q_avg": 19.75,
            "equity": 6116125,
            "current_ratio": 239.15,
            "debt_ratio": 35.15,
            "inventory_turnover_ratio": 0.71,
            "account_receivable_turnover_ratio": 3.02,
            "reinvestment_rate": -16.09,
            "research_to_sale_ratio": 0.15,
            "price_fair": 64.2,
            "eps_avg_yearly": 1.83,
            "eps_latest_yearly": 2,
            "eps_growth_yearly": 26.97
        },
        "20192": {
            "year_quarter": 20192,
            "year": 2019,
            "quarter": 2,
            "eps": 0.52,
            "eps_growth_year": -5.45,
            "eps_4q": 1.98,
            "eps_4q_growth_year": 6.29,
            "roe": 2.99,
            "roe_4q": 12.56,
            "gross_profit": 502370,
            "gross_margin": 32.07,
            "gross_margin_4q_avg": 31.85,
            "net_income": 179323,
            "revenue": 1566651,
            "common_shares": 2400000,
            "book_valuer_per_share": 20.26,
            "book_valuer_per_share_4q_avg": 20.08,
            "equity": 5898603,
            "current_ratio": 219.69,
            "debt_ratio": 36.14,
            "inventory_turnover_ratio": 0.73,
            "account_receivable_turnover_ratio": 3.05,
            "reinvestment_rate": -10.34,
            "research_to_sale_ratio": 0.15,
            "price_fair": 65.8,
            "eps_avg_yearly": 1.88,
            "eps_latest_yearly": 2.08,
            "eps_growth_yearly": 36.11
        },
        "20193": {
            "year_quarter": 20193,
            "year": 2019,
            "quarter": 3,
            "eps": 0.44,
            "eps_growth_year": -24.14,
            "eps_4q": 1.84,
            "eps_4q_growth_year": 1.47,
            "roe": 2.84,
            "roe_4q": 11.59,
            "gross_profit": 501183,
            "gross_margin": 30.36,
            "gross_margin_4q_avg": 31.39,
            "net_income": 169702,
            "revenue": 1650917,
            "common_shares": 2400000,
            "book_valuer_per_share": 20.69,
            "book_valuer_per_share_4q_avg": 20.35,
            "equity": 6070204,
            "current_ratio": 230.53,
            "debt_ratio": 35.36,
            "inventory_turnover_ratio": 0.75,
            "account_receivable_turnover_ratio": 3.17,
            "reinvestment_rate": -12.07,
            "research_to_sale_ratio": 0.13,
            "price_fair": 61.73,
            "eps_avg_yearly": 1.87,
            "eps_latest_yearly": 1.76,
            "eps_growth_yearly": 22.99
        },
        "20194": {
            "year_quarter": 20194,
            "year": 2019,
            "quarter": 4,
            "eps": 0.46,
            "eps_growth_year": 22.61,
            "eps_4q": 1.92,
            "eps_4q_growth_year": 5.78,
            "roe": 3.06,
            "roe_4q": 11.9,
            "gross_profit": 512601,
            "gross_margin": 31.65,
            "gross_margin_4q_avg": 31.32,
            "net_income": 187869,
            "revenue": 1619382,
            "common_shares": 2400000,
            "book_valuer_per_share": 21.02,
            "book_valuer_per_share_4q_avg": 20.63,
            "equity": 6215574,
            "current_ratio": 249.82,
            "debt_ratio": 34.05,
            "inventory_turnover_ratio": 0.68,
            "account_receivable_turnover_ratio": 3.11,
            "reinvestment_rate": -5.57,
            "research_to_sale_ratio": 0.13,
            "price_fair": 61.07,
            "eps_avg_yearly": 1.87,
            "eps_latest_yearly": 1.84,
            "eps_growth_yearly": 22.67
        },
        "20201": {
            "year_quarter": 20201,
            "year": 2020,
            "quarter": 1,
            "eps": 0.5,
            "eps_growth_year": 0,
            "eps_4q": 1.92,
            "eps_4q_growth_year": -4.59,
            "roe": 3.39,
            "roe_4q": 12.28,
            "gross_profit": 544365,
            "gross_margin": 34.39,
            "gross_margin_4q_avg": 32.12,
            "net_income": 212809,
            "revenue": 1583090,
            "common_shares": 2400000,
            "book_valuer_per_share": 21.24,
            "book_valuer_per_share_4q_avg": 20.8,
            "equity": 6333707,
            "current_ratio": 262.25,
            "debt_ratio": 33.66,
            "inventory_turnover_ratio": 0.62,
            "account_receivable_turnover_ratio": 3.09,
            "reinvestment_rate": -9.06,
            "research_to_sale_ratio": 0.14,
            "price_fair": 62.75,
            "eps_avg_yearly": 1.88,
            "eps_latest_yearly": 2,
            "eps_growth_yearly": 23.42
        },
        "20202": {
            "year_quarter": 20202,
            "year": 2020,
            "quarter": 2,
            "eps": 0.43,
            "eps_growth_year": -17.31,
            "eps_4q": 1.83,
            "eps_4q_growth_year": -7.65,
            "roe": 2.24,
            "roe_4q": 11.530000000000001,
            "gross_profit": 468522,
            "gross_margin": 32.63,
            "gross_margin_4q_avg": 32.26,
            "net_income": 138434,
            "revenue": 1435967,
            "common_shares": 2400000,
            "book_valuer_per_share": 20.95,
            "book_valuer_per_share_4q_avg": 20.98,
            "equity": 6020051,
            "current_ratio": 226.12,
            "debt_ratio": 35.56,
            "inventory_turnover_ratio": 0.54,
            "account_receivable_turnover_ratio": 2.81,
            "reinvestment_rate": -5.27,
            "research_to_sale_ratio": 0.15,
            "price_fair": 49.91,
            "eps_avg_yearly": 1.88,
            "eps_latest_yearly": 1.72,
            "eps_growth_yearly": 16.55
        },
        "20203": {
            "year_quarter": 20203,
            "year": 2020,
            "quarter": 3,
            "eps": 0.56,
            "eps_growth_year": 27.27,
            "eps_4q": 1.95,
            "eps_4q_growth_year": 6.4,
            "roe": 3.45,
            "roe_4q": 12.14,
            "gross_profit": 536194,
            "gross_margin": 35.04,
            "gross_margin_4q_avg": 33.43,
            "net_income": 209347,
            "revenue": 1530258,
            "common_shares": 2400000,
            "book_valuer_per_share": 21.24,
            "book_valuer_per_share_4q_avg": 21.11,
            "equity": 6120689,
            "current_ratio": 242.25,
            "debt_ratio": 34.21,
            "inventory_turnover_ratio": 0.56,
            "account_receivable_turnover_ratio": 2.92,
            "reinvestment_rate": -6,
            "research_to_sale_ratio": 0.15,
            "price_fair": 59.22,
            "eps_avg_yearly": 1.9,
            "eps_latest_yearly": 2.24,
            "eps_growth_yearly": 21.13
        },
        "20204": {
            "year_quarter": 20204,
            "year": 2020,
            "quarter": 4,
            "eps": 0.31,
            "eps_growth_year": -32.12,
            "eps_4q": 1.81,
            "eps_4q_growth_year": -6.08,
            "roe": 2.14,
            "roe_4q": 11.22,
            "gross_profit": 494841,
            "gross_margin": 33.11,
            "gross_margin_4q_avg": 33.79,
            "net_income": 133331,
            "revenue": 1494385,
            "common_shares": 2400000,
            "book_valuer_per_share": 21.69,
            "book_valuer_per_share_4q_avg": 21.28,
            "equity": 6312382,
            "current_ratio": 272.6,
            "debt_ratio": 32.35,
            "inventory_turnover_ratio": 0.64,
            "account_receivable_turnover_ratio": 3.06,
            "reinvestment_rate": -6.49,
            "research_to_sale_ratio": 0.13,
            "price_fair": 32.02,
            "eps_avg_yearly": 1.85,
            "eps_latest_yearly": 1.24,
            "eps_growth_yearly": 7.31
        },
        "20211": {
            "year_quarter": 20211,
            "year": 2021,
            "quarter": 1,
            "eps": 0.55,
            "eps_growth_year": 10,
            "eps_4q": 1.86,
            "eps_4q_growth_year": -3.04,
            "roe": 3.38,
            "roe_4q": 11.209999999999999,
            "gross_profit": 514003,
            "gross_margin": 34.48,
            "gross_margin_4q_avg": 33.82,
            "net_income": 216007,
            "revenue": 1490550,
            "common_shares": 2400000,
            "book_valuer_per_share": 22.13,
            "book_valuer_per_share_4q_avg": 21.5,
            "equity": 6464506,
            "current_ratio": 265.69,
            "debt_ratio": 33.04,
            "inventory_turnover_ratio": 0.7,
            "account_receivable_turnover_ratio": 3.5,
            "reinvestment_rate": -2.02,
            "research_to_sale_ratio": 0.14,
            "price_fair": 66.33,
            "eps_avg_yearly": 1.9,
            "eps_latest_yearly": 2.2,
            "eps_growth_yearly": 33.87
        },
        "20212": {
            "year_quarter": 20212,
            "year": 2021,
            "quarter": 2,
            "eps": 0.53,
            "eps_growth_year": 23.26,
            "eps_4q": 1.95,
            "eps_4q_growth_year": 6.21,
            "roe": 2.72,
            "roe_4q": 11.690000000000001,
            "gross_profit": 479830,
            "gross_margin": 32.6,
            "gross_margin_4q_avg": 33.81,
            "net_income": 173243,
            "revenue": 1471991,
            "common_shares": 2400000,
            "book_valuer_per_share": 22.49,
            "book_valuer_per_share_4q_avg": 21.89,
            "equity": 6256616,
            "current_ratio": 259.38,
            "debt_ratio": 32.91,
            "inventory_turnover_ratio": 0.67,
            "account_receivable_turnover_ratio": 3.21,
            "reinvestment_rate": -10.59,
            "research_to_sale_ratio": 0.18,
            "price_fair": 66.76,
            "eps_avg_yearly": 1.91,
            "eps_latest_yearly": 2.12,
            "eps_growth_yearly": 25.53
        },
        "20213": {
            "year_quarter": 20213,
            "year": 2021,
            "quarter": 3,
            "eps": 0.44,
            "eps_growth_year": -21.43,
            "eps_4q": 1.83,
            "eps_4q_growth_year": -6.12,
            "roe": 2.85,
            "roe_4q": 11.09,
            "gross_profit": 464000,
            "gross_margin": 30.99,
            "gross_margin_4q_avg": 32.8,
            "net_income": 176311,
            "revenue": 1497216,
            "common_shares": 2400000,
            "book_valuer_per_share": 21.8,
            "book_valuer_per_share_4q_avg": 22.03,
            "equity": 6112059,
            "current_ratio": 237.58,
            "debt_ratio": 34.6,
            "inventory_turnover_ratio": 0.69,
            "account_receivable_turnover_ratio": 2.97,
            "reinvestment_rate": -9.67,
            "research_to_sale_ratio": 0.2,
            "price_fair": 42.64,
            "eps_avg_yearly": 1.86,
            "eps_latest_yearly": 1.76,
            "eps_growth_yearly": 12.95
        },
        "20214": {
            "year_quarter": 20214,
            "year": 2021,
            "quarter": 4,
            "eps": 0.36,
            "eps_growth_year": 15.78,
            "eps_4q": 1.88,
            "eps_4q_growth_year": 4.38,
            "roe": 2.13,
            "roe_4q": 11.080000000000002,
            "gross_profit": 438282,
            "gross_margin": 32.11,
            "gross_margin_4q_avg": 32.55,
            "net_income": 131469,
            "revenue": 1365081,
            "common_shares": 2400000,
            "book_valuer_per_share": 22.17,
            "book_valuer_per_share_4q_avg": 22.15,
            "equity": 6251420,
            "current_ratio": 239.4,
            "debt_ratio": 34.76,
            "inventory_turnover_ratio": 0.65,
            "account_receivable_turnover_ratio": 2.8,
            "reinvestment_rate": -7.86,
            "research_to_sale_ratio": 0.14,
            "price_fair": 53.71,
            "eps_avg_yearly": 1.86,
            "eps_latest_yearly": 1.44,
            "eps_growth_yearly": 18.96
        },
        "20221": {
            "year_quarter": 20221,
            "year": 2022,
            "quarter": 1,
            "eps": 0.59,
            "eps_growth_year": 7.27,
            "eps_4q": 1.93,
            "eps_4q_growth_year": 3.72,
            "roe": 3.64,
            "roe_4q": 11.34,
            "gross_profit": 519396,
            "gross_margin": 33.87,
            "gross_margin_4q_avg": 32.39,
            "net_income": 233954,
            "revenue": 1533519,
            "common_shares": 2400000,
            "book_valuer_per_share": 23.06,
            "book_valuer_per_share_4q_avg": 22.38,
            "equity": 6591626,
            "current_ratio": 272.81,
            "debt_ratio": 32.77,
            "inventory_turnover_ratio": 0.68,
            "account_receivable_turnover_ratio": 3.34,
            "reinvestment_rate": 2.15,
            "research_to_sale_ratio": 0.14,
            "price_fair": 67.38,
            "eps_avg_yearly": 1.93,
            "eps_latest_yearly": 2.36,
            "eps_growth_yearly": 38.98
        },
        "20222": {
            "year_quarter": 20222,
            "year": 2022,
            "quarter": 2,
            "eps": 0.17,
            "eps_growth_year": -67.92,
            "eps_4q": 1.57,
            "eps_4q_growth_year": -19.31,
            "roe": 1.33,
            "roe_4q": 9.950000000000001,
            "gross_profit": 421323,
            "gross_margin": 26.63,
            "gross_margin_4q_avg": 30.9,
            "net_income": 84406,
            "revenue": 1582129,
            "common_shares": 2400000,
            "book_valuer_per_share": 21.88,
            "book_valuer_per_share_4q_avg": 22.23,
            "equity": 6063763,
            "current_ratio": 220.38,
            "debt_ratio": 37.1,
            "inventory_turnover_ratio": 0.73,
            "account_receivable_turnover_ratio": 3.22,
            "reinvestment_rate": -4.93,
            "research_to_sale_ratio": 0.13,
            "price_fair": 21.65,
            "eps_avg_yearly": 1.83,
            "eps_latest_yearly": 0.68,
            "eps_growth_yearly": 1.83
        },
        "20223": {
            "year_quarter": 20223,
            "year": 2022,
            "quarter": 3,
            "eps": 1.5,
            "eps_growth_year": 240.91,
            "eps_4q": 2.63,
            "eps_4q_growth_year": 43.21,
            "roe": 6.89,
            "roe_4q": 13.989999999999998,
            "gross_profit": 438161,
            "gross_margin": 27.55,
            "gross_margin_4q_avg": 30.04,
            "net_income": 426579,
            "revenue": 1590138,
            "common_shares": 2400000,
            "book_valuer_per_share": 22.66,
            "book_valuer_per_share_4q_avg": 22.44,
            "equity": 6317691,
            "current_ratio": 246.69,
            "debt_ratio": 35.04,
            "inventory_turnover_ratio": 0.66,
            "account_receivable_turnover_ratio": 3.04,
            "reinvestment_rate": -5.59,
            "research_to_sale_ratio": 0.12,
            "price_fair": 72.1,
            "eps_avg_yearly": 2.06,
            "eps_latest_yearly": 6,
            "eps_growth_yearly": 196.05
        },
        "20224": {
            "year_quarter": 20224,
            "year": 2022,
            "quarter": 4,
            "eps": 0.37,
            "eps_growth_year": 1.04,
            "eps_4q": 2.63,
            "eps_4q_growth_year": 39.64,
            "roe": 2.24,
            "roe_4q": 14.1,
            "gross_profit": 446299,
            "gross_margin": 26.57,
            "gross_margin_4q_avg": 28.66,
            "net_income": 144435,
            "revenue": 1679771,
            "common_shares": 2400000,
            "book_valuer_per_share": 23.28,
            "book_valuer_per_share_4q_avg": 22.72,
            "equity": 6575579,
            "current_ratio": 243.06,
            "debt_ratio": 34.25,
            "inventory_turnover_ratio": 0.62,
            "account_receivable_turnover_ratio": 3.32,
            "reinvestment_rate": -3.02,
            "research_to_sale_ratio": 0.11,
            "price_fair": 72.01,
            "eps_avg_yearly": 2.06,
            "eps_latest_yearly": 1.48,
            "eps_growth_yearly": 185.84
        },
        "20231": {
            "year_quarter": 20231,
            "year": 2023,
            "quarter": 1,
            "eps": 0.33,
            "eps_growth_year": -44.07,
            "eps_4q": 2.37,
            "eps_4q_growth_year": 22.84,
            "roe": 1.85,
            "roe_4q": 12.31,
            "gross_profit": 407133,
            "gross_margin": 25.83,
            "gross_margin_4q_avg": 26.65,
            "net_income": 123242,
            "revenue": 1576031,
            "common_shares": 2400000,
            "book_valuer_per_share": 23.69,
            "book_valuer_per_share_4q_avg": 22.88,
            "equity": 6722349,
            "current_ratio": 246.44,
            "debt_ratio": 33.57,
            "inventory_turnover_ratio": 0.56,
            "account_receivable_turnover_ratio": 3.31,
            "reinvestment_rate": -4.1,
            "research_to_sale_ratio": 0.12,
            "price_fair": 70.53,
            "eps_avg_yearly": 2.02,
            "eps_latest_yearly": 1.32,
            "eps_growth_yearly": 175.24
        }
    },
    "months": {
        "2001-06": {
            "month": "2001-06",
            "price": "5.41",
            "revenue": 198385
        },
        "2001-07": {
            "month": "2001-07",
            "price": "3.98",
            "revenue": 210363
        },
        "2001-08": {
            "month": "2001-08",
            "price": "3.35",
            "revenue": 260946
        },
        "2001-09": {
            "month": "2001-09",
            "price": "3.07",
            "revenue": 194656
        },
        "2001-10": {
            "month": "2001-10",
            "price": "2.83",
            "revenue": 171523
        },
        "2002-07": {
            "month": "2002-07",
            "price": "5.08",
            "revenue": 158763
        },
        "2002-08": {
            "month": "2002-08",
            "price": "7.66",
            "revenue": 189160
        },
        "2002-09": {
            "month": "2002-09",
            "price": "6.68",
            "revenue": 143469
        },
        "2002-10": {
            "month": "2002-10",
            "price": "6.71",
            "revenue": 139522
        },
        "2002-11": {
            "month": "2002-11",
            "price": "7.76",
            "revenue": 150747
        },
        "2002-12": {
            "month": "2002-12",
            "price": "7.89",
            "revenue": 176734
        },
        "2003-01": {
            "month": "2003-01",
            "price": "8.48",
            "revenue": 176226
        },
        "2003-02": {
            "month": "2003-02",
            "price": "7.57",
            "revenue": 115502
        },
        "2003-03": {
            "month": "2003-03",
            "price": "7.50",
            "revenue": 139793
        },
        "2003-04": {
            "month": "2003-04",
            "price": "7.51",
            "revenue": 138426
        },
        "2003-05": {
            "month": "2003-05",
            "price": "7.37",
            "revenue": 141078
        },
        "2003-06": {
            "month": "2003-06",
            "price": "7.91",
            "revenue": 140729
        },
        "2003-07": {
            "month": "2003-07",
            "price": "9.55",
            "revenue": 171959
        },
        "2003-08": {
            "month": "2003-08",
            "price": "9.72",
            "revenue": 166753
        },
        "2003-09": {
            "month": "2003-09",
            "price": "8.69",
            "revenue": 146755
        },
        "2003-10": {
            "month": "2003-10",
            "price": "9.39",
            "revenue": 141717
        },
        "2003-11": {
            "month": "2003-11",
            "price": "11.26",
            "revenue": 130926
        },
        "2003-12": {
            "month": "2003-12",
            "price": "11.04",
            "revenue": 154422
        },
        "2004-01": {
            "month": "2004-01",
            "price": "12.97",
            "revenue": 147138
        },
        "2004-02": {
            "month": "2004-02",
            "price": "16.00",
            "revenue": 131761
        },
        "2004-03": {
            "month": "2004-03",
            "price": "15.98",
            "revenue": 159526
        },
        "2004-04": {
            "month": "2004-04",
            "price": "14.40",
            "revenue": 154521
        },
        "2004-05": {
            "month": "2004-05",
            "price": "11.46",
            "revenue": 154293
        },
        "2004-06": {
            "month": "2004-06",
            "price": "10.84",
            "revenue": 146256
        },
        "2004-07": {
            "month": "2004-07",
            "price": "10.34",
            "revenue": 159570
        },
        "2004-08": {
            "month": "2004-08",
            "price": "10.28",
            "revenue": 174161
        },
        "2004-09": {
            "month": "2004-09",
            "price": "11.09",
            "revenue": 160206
        },
        "2004-10": {
            "month": "2004-10",
            "price": "11.76",
            "revenue": 753807
        },
        "2004-11": {
            "month": "2004-11",
            "price": "10.98",
            "revenue": 144811
        },
        "2004-12": {
            "month": "2004-12",
            "price": "10.86",
            "revenue": 159576
        },
        "2005-01": {
            "month": "2005-01",
            "price": "11.69",
            "revenue": 160103
        },
        "2005-02": {
            "month": "2005-02",
            "price": "11.16",
            "revenue": 124124
        },
        "2005-03": {
            "month": "2005-03",
            "price": "10.70",
            "revenue": 150567
        },
        "2005-04": {
            "month": "2005-04",
            "price": "9.32",
            "revenue": 134525
        },
        "2005-05": {
            "month": "2005-05",
            "price": "8.34",
            "revenue": 134959
        },
        "2005-06": {
            "month": "2005-06",
            "price": "9.04",
            "revenue": 143116
        },
        "2005-07": {
            "month": "2005-07",
            "price": "8.94",
            "revenue": 158857
        },
        "2005-08": {
            "month": "2005-08",
            "price": "8.69",
            "revenue": 181231
        },
        "2005-09": {
            "month": "2005-09",
            "price": "8.80",
            "revenue": 147064
        },
        "2005-10": {
            "month": "2005-10",
            "price": "9.17",
            "revenue": 127573
        },
        "2005-11": {
            "month": "2005-11",
            "price": "9.63",
            "revenue": 140937
        },
        "2005-12": {
            "month": "2005-12",
            "price": "9.87",
            "revenue": 162761
        },
        "2006-01": {
            "month": "2006-01",
            "price": "10.60",
            "revenue": 165089
        },
        "2006-02": {
            "month": "2006-02",
            "price": "11.24",
            "revenue": 111460
        },
        "2006-03": {
            "month": "2006-03",
            "price": "11.25",
            "revenue": 135686
        },
        "2006-04": {
            "month": "2006-04",
            "price": "11.59",
            "revenue": 129116
        },
        "2006-05": {
            "month": "2006-05",
            "price": "11.88",
            "revenue": 136306
        },
        "2006-06": {
            "month": "2006-06",
            "price": "10.87",
            "revenue": 134138
        },
        "2006-07": {
            "month": "2006-07",
            "price": "11.79",
            "revenue": 158931
        },
        "2006-08": {
            "month": "2006-08",
            "price": "11.15",
            "revenue": 160387
        },
        "2006-09": {
            "month": "2006-09",
            "price": "10.95",
            "revenue": 135875
        },
        "2006-10": {
            "month": "2006-10",
            "price": "11.60",
            "revenue": 129691
        },
        "2006-11": {
            "month": "2006-11",
            "price": "12.82",
            "revenue": 144257
        },
        "2006-12": {
            "month": "2006-12",
            "price": "15.16",
            "revenue": 163436
        },
        "2007-01": {
            "month": "2007-01",
            "price": "15.01",
            "revenue": 168563
        },
        "2007-02": {
            "month": "2007-02",
            "price": "14.75",
            "revenue": 127124
        },
        "2007-03": {
            "month": "2007-03",
            "price": "13.88",
            "revenue": 141811
        },
        "2007-04": {
            "month": "2007-04",
            "price": "14.78",
            "revenue": 126663
        },
        "2007-05": {
            "month": "2007-05",
            "price": "14.78",
            "revenue": 142146
        },
        "2007-06": {
            "month": "2007-06",
            "price": "15.18",
            "revenue": 138223
        },
        "2007-07": {
            "month": "2007-07",
            "price": "25.54",
            "revenue": 145396
        },
        "2007-08": {
            "month": "2007-08",
            "price": "24.82",
            "revenue": 186354
        },
        "2007-09": {
            "month": "2007-09",
            "price": "25.04",
            "revenue": 162230
        },
        "2007-10": {
            "month": "2007-10",
            "price": "25.53",
            "revenue": 157587
        },
        "2007-11": {
            "month": "2007-11",
            "price": "22.40",
            "revenue": 144604
        },
        "2007-12": {
            "month": "2007-12",
            "price": "19.44",
            "revenue": 152936
        },
        "2008-01": {
            "month": "2008-01",
            "price": "21.89",
            "revenue": 174918
        },
        "2008-02": {
            "month": "2008-02",
            "price": "22.55",
            "revenue": 124950
        },
        "2008-03": {
            "month": "2008-03",
            "price": "25.46",
            "revenue": 159370
        },
        "2008-04": {
            "month": "2008-04",
            "price": "26.82",
            "revenue": 164138
        },
        "2008-05": {
            "month": "2008-05",
            "price": "25.52",
            "revenue": 176335
        },
        "2008-06": {
            "month": "2008-06",
            "price": "20.39",
            "revenue": 162092
        },
        "2008-07": {
            "month": "2008-07",
            "price": "18.12",
            "revenue": 193192
        },
        "2008-08": {
            "month": "2008-08",
            "price": "18.12",
            "revenue": 168482
        },
        "2008-09": {
            "month": "2008-09",
            "price": "13.44",
            "revenue": 146545
        },
        "2008-10": {
            "month": "2008-10",
            "price": "10.90",
            "revenue": 166499
        },
        "2008-11": {
            "month": "2008-11",
            "price": "11.14",
            "revenue": 166562
        },
        "2008-12": {
            "month": "2008-12",
            "price": "11.93",
            "revenue": 1538681
        },
        "2009-01": {
            "month": "2009-01",
            "price": "12.85",
            "revenue": 160181
        },
        "2009-02": {
            "month": "2009-02",
            "price": "12.06",
            "revenue": 140626
        },
        "2009-03": {
            "month": "2009-03",
            "price": "12.60",
            "revenue": 522531
        },
        "2009-04": {
            "month": "2009-04",
            "price": "16.70",
            "revenue": 189962
        },
        "2009-05": {
            "month": "2009-05",
            "price": "22.38",
            "revenue": 403081
        },
        "2009-06": {
            "month": "2009-06",
            "price": "23.85",
            "revenue": 229351
        },
        "2009-07": {
            "month": "2009-07",
            "price": "25.91",
            "revenue": 191565
        },
        "2009-08": {
            "month": "2009-08",
            "price": "25.08",
            "revenue": 199499
        },
        "2009-09": {
            "month": "2009-09",
            "price": "25.68",
            "revenue": 171762
        },
        "2009-10": {
            "month": "2009-10",
            "price": "25.43",
            "revenue": 156886
        },
        "2009-11": {
            "month": "2009-11",
            "price": "25.14",
            "revenue": 174134
        },
        "2009-12": {
            "month": "2009-12",
            "price": "25.31",
            "revenue": 187221
        },
        "2010-01": {
            "month": "2010-01",
            "price": "26.30",
            "revenue": 178223
        },
        "2010-02": {
            "month": "2010-02",
            "price": "23.69",
            "revenue": 152852
        },
        "2010-03": {
            "month": "2010-03",
            "price": "25.53",
            "revenue": 145379
        },
        "2010-04": {
            "month": "2010-04",
            "price": "25.91",
            "revenue": 150445
        },
        "2010-05": {
            "month": "2010-05",
            "price": "23.45",
            "revenue": 142084
        },
        "2010-06": {
            "month": "2010-06",
            "price": "24.10",
            "revenue": 167409
        },
        "2010-07": {
            "month": "2010-07",
            "price": "25.69",
            "revenue": 172572
        },
        "2010-08": {
            "month": "2010-08",
            "price": "26.54",
            "revenue": 188248
        },
        "2010-09": {
            "month": "2010-09",
            "price": "25.06",
            "revenue": 148189
        },
        "2010-10": {
            "month": "2010-10",
            "price": "24.47",
            "revenue": 144402
        },
        "2010-11": {
            "month": "2010-11",
            "price": "24.11",
            "revenue": 162877
        },
        "2010-12": {
            "month": "2010-12",
            "price": "24.58",
            "revenue": 183896
        },
        "2011-01": {
            "month": "2011-01",
            "price": "24.15",
            "revenue": 187490
        },
        "2011-02": {
            "month": "2011-02",
            "price": "24.12",
            "revenue": 149486
        },
        "2011-03": {
            "month": "2011-03",
            "price": "22.79",
            "revenue": 184092
        },
        "2011-04": {
            "month": "2011-04",
            "price": "23.05",
            "revenue": 179230
        },
        "2011-05": {
            "month": "2011-05",
            "price": "23.19",
            "revenue": 159538
        },
        "2011-06": {
            "month": "2011-06",
            "price": "22.92",
            "revenue": 137763
        },
        "2011-07": {
            "month": "2011-07",
            "price": "23.08",
            "revenue": 170501
        },
        "2011-08": {
            "month": "2011-08",
            "price": "23.86",
            "revenue": 180603
        },
        "2011-09": {
            "month": "2011-09",
            "price": "21.92",
            "revenue": 151566
        },
        "2011-10": {
            "month": "2011-10",
            "price": "20.97",
            "revenue": 139359
        },
        "2011-11": {
            "month": "2011-11",
            "price": "21.01",
            "revenue": 142957
        },
        "2011-12": {
            "month": "2011-12",
            "price": "19.58",
            "revenue": 181302
        },
        "2012-01": {
            "month": "2012-01",
            "price": "19.49",
            "revenue": 177912
        },
        "2012-02": {
            "month": "2012-02",
            "price": "21.02",
            "revenue": 144944
        },
        "2012-03": {
            "month": "2012-03",
            "price": "21.90",
            "revenue": 162441
        },
        "2012-04": {
            "month": "2012-04",
            "price": "21.52",
            "revenue": 159584
        },
        "2012-05": {
            "month": "2012-05",
            "price": "20.50",
            "revenue": 157509
        },
        "2012-06": {
            "month": "2012-06",
            "price": "19.34",
            "revenue": 166799
        },
        "2012-07": {
            "month": "2012-07",
            "price": "19.87",
            "revenue": 158154
        },
        "2012-08": {
            "month": "2012-08",
            "price": "20.62",
            "revenue": 201970
        },
        "2012-09": {
            "month": "2012-09",
            "price": "22.12",
            "revenue": 153423
        },
        "2012-10": {
            "month": "2012-10",
            "price": "21.01",
            "revenue": 140042
        },
        "2012-11": {
            "month": "2012-11",
            "price": "19.46",
            "revenue": 146586
        },
        "2012-12": {
            "month": "2012-12",
            "price": "19.83",
            "revenue": 169246
        },
        "2013-01": {
            "month": "2013-01",
            "price": "20.47",
            "revenue": 540783
        },
        "2013-02": {
            "month": "2013-02",
            "price": "20.78",
            "revenue": 505506
        },
        "2013-03": {
            "month": "2013-03",
            "price": "20.30",
            "revenue": 539328
        },
        "2013-04": {
            "month": "2013-04",
            "price": "20.23",
            "revenue": 444567
        },
        "2013-05": {
            "month": "2013-05",
            "price": "21.10",
            "revenue": 523073
        },
        "2013-06": {
            "month": "2013-06",
            "price": "21.49",
            "revenue": 540437
        },
        "2013-07": {
            "month": "2013-07",
            "price": "22.68",
            "revenue": 527694
        },
        "2013-08": {
            "month": "2013-08",
            "price": "23.12",
            "revenue": 543046
        },
        "2013-09": {
            "month": "2013-09",
            "price": "22.46",
            "revenue": 521744
        },
        "2013-10": {
            "month": "2013-10",
            "price": "23.88",
            "revenue": 408637
        },
        "2013-11": {
            "month": "2013-11",
            "price": "24.99",
            "revenue": 462318
        },
        "2013-12": {
            "month": "2013-12",
            "price": "25.10",
            "revenue": 487333
        },
        "2014-01": {
            "month": "2014-01",
            "price": "25.02",
            "revenue": 516842
        },
        "2014-02": {
            "month": "2014-02",
            "price": "24.60",
            "revenue": 434406
        },
        "2014-03": {
            "month": "2014-03",
            "price": "23.96",
            "revenue": 549870
        },
        "2014-04": {
            "month": "2014-04",
            "price": "23.54",
            "revenue": 467621
        },
        "2014-05": {
            "month": "2014-05",
            "price": "22.86",
            "revenue": 505641
        },
        "2014-06": {
            "month": "2014-06",
            "price": "22.06",
            "revenue": 527696
        },
        "2014-07": {
            "month": "2014-07",
            "price": "24.07",
            "revenue": 646386
        },
        "2014-08": {
            "month": "2014-08",
            "price": "24.57",
            "revenue": 601374
        },
        "2014-09": {
            "month": "2014-09",
            "price": "23.80",
            "revenue": 311388
        },
        "2014-10": {
            "month": "2014-10",
            "price": "22.70",
            "revenue": 517142
        },
        "2014-11": {
            "month": "2014-11",
            "price": "22.58",
            "revenue": 434403
        },
        "2014-12": {
            "month": "2014-12",
            "price": "23.26",
            "revenue": 577309
        },
        "2015-01": {
            "month": "2015-01",
            "price": "23.71",
            "revenue": 586777
        },
        "2015-02": {
            "month": "2015-02",
            "price": "23.66",
            "revenue": 514192
        },
        "2015-03": {
            "month": "2015-03",
            "price": "23.56",
            "revenue": 559125
        },
        "2015-04": {
            "month": "2015-04",
            "price": "23.83",
            "revenue": 538441
        },
        "2015-05": {
            "month": "2015-05",
            "price": "24.00",
            "revenue": 558174
        },
        "2015-06": {
            "month": "2015-06",
            "price": "22.46",
            "revenue": 588358
        },
        "2015-07": {
            "month": "2015-07",
            "price": "22.26",
            "revenue": 541313
        },
        "2015-08": {
            "month": "2015-08",
            "price": "21.53",
            "revenue": 636854
        },
        "2015-09": {
            "month": "2015-09",
            "price": "19.86",
            "revenue": 610679
        },
        "2015-10": {
            "month": "2015-10",
            "price": "20.59",
            "revenue": 617683
        },
        "2015-11": {
            "month": "2015-11",
            "price": "22.43",
            "revenue": 568109
        },
        "2015-12": {
            "month": "2015-12",
            "price": "22.82",
            "revenue": 627208
        },
        "2016-01": {
            "month": "2016-01",
            "price": "22.59",
            "revenue": 552771
        },
        "2016-02": {
            "month": "2016-02",
            "price": "22.45",
            "revenue": 481019
        },
        "2016-03": {
            "month": "2016-03",
            "price": "22.43",
            "revenue": 511693
        },
        "2016-04": {
            "month": "2016-04",
            "price": "21.63",
            "revenue": 518779
        },
        "2016-05": {
            "month": "2016-05",
            "price": "21.60",
            "revenue": 535793
        },
        "2016-06": {
            "month": "2016-06",
            "price": "21.62",
            "revenue": 521923
        },
        "2016-07": {
            "month": "2016-07",
            "price": "21.79",
            "revenue": 534572
        },
        "2016-08": {
            "month": "2016-08",
            "price": "21.99",
            "revenue": 578616
        },
        "2016-09": {
            "month": "2016-09",
            "price": "21.65",
            "revenue": 507478
        },
        "2016-10": {
            "month": "2016-10",
            "price": "21.95",
            "revenue": 519767
        },
        "2016-11": {
            "month": "2016-11",
            "price": "22.08",
            "revenue": 523133
        },
        "2016-12": {
            "month": "2016-12",
            "price": "22.84",
            "revenue": 565174
        },
        "2017-01": {
            "month": "2017-01",
            "price": "23.00",
            "revenue": 543487
        },
        "2017-02": {
            "month": "2017-02",
            "price": "23.88",
            "revenue": 472692
        },
        "2017-03": {
            "month": "2017-03",
            "price": "23.90",
            "revenue": 548853
        },
        "2017-04": {
            "month": "2017-04",
            "price": "23.88",
            "revenue": 456889
        },
        "2017-05": {
            "month": "2017-05",
            "price": "24.17",
            "revenue": 501143
        },
        "2017-06": {
            "month": "2017-06",
            "price": "24.92",
            "revenue": 501186
        },
        "2017-07": {
            "month": "2017-07",
            "price": "24.61",
            "revenue": 514755
        },
        "2017-08": {
            "month": "2017-08",
            "price": "24.68",
            "revenue": 561578
        },
        "2017-09": {
            "month": "2017-09",
            "price": "23.89",
            "revenue": 543886
        },
        "2017-10": {
            "month": "2017-10",
            "price": "24.36",
            "revenue": 513465
        },
        "2017-11": {
            "month": "2017-11",
            "price": "25.01",
            "revenue": 493888
        },
        "2017-12": {
            "month": "2017-12",
            "price": "25.01",
            "revenue": 571720
        },
        "2018-01": {
            "month": "2018-01",
            "price": "26.60",
            "revenue": 497660
        },
        "2018-02": {
            "month": "2018-02",
            "price": "26.19",
            "revenue": 452100
        },
        "2018-03": {
            "month": "2018-03",
            "price": "26.21",
            "revenue": 506069
        },
        "2018-04": {
            "month": "2018-04",
            "price": "25.90",
            "revenue": 482643
        },
        "2018-05": {
            "month": "2018-05",
            "price": "25.53",
            "revenue": 526103
        },
        "2018-06": {
            "month": "2018-06",
            "price": "25.72",
            "revenue": 498245
        },
        "2018-07": {
            "month": "2018-07",
            "price": "25.62",
            "revenue": 476840
        },
        "2018-08": {
            "month": "2018-08",
            "price": "25.91",
            "revenue": 571897
        },
        "2018-09": {
            "month": "2018-09",
            "price": "25.38",
            "revenue": 520954
        },
        "2018-10": {
            "month": "2018-10",
            "price": "24.96",
            "revenue": 515554
        },
        "2018-11": {
            "month": "2018-11",
            "price": "25.50",
            "revenue": 506912
        },
        "2018-12": {
            "month": "2018-12",
            "price": "25.77",
            "revenue": 521085
        },
        "2019-01": {
            "month": "2019-01",
            "price": "26.10",
            "revenue": 544108
        },
        "2019-02": {
            "month": "2019-02",
            "price": "26.14",
            "revenue": 443171
        },
        "2019-03": {
            "month": "2019-03",
            "price": "26.25",
            "revenue": 514903
        },
        "2019-04": {
            "month": "2019-04",
            "price": "25.84",
            "revenue": 469207
        },
        "2019-05": {
            "month": "2019-05",
            "price": "26.04",
            "revenue": 531311
        },
        "2019-06": {
            "month": "2019-06",
            "price": "26.43",
            "revenue": 574920
        },
        "2019-07": {
            "month": "2019-07",
            "price": "26.75",
            "revenue": 552813
        },
        "2019-08": {
            "month": "2019-08",
            "price": "26.70",
            "revenue": 573610
        },
        "2019-09": {
            "month": "2019-09",
            "price": "26.61",
            "revenue": 540815
        },
        "2019-10": {
            "month": "2019-10",
            "price": "26.68",
            "revenue": 514106
        },
        "2019-11": {
            "month": "2019-11",
            "price": "27.05",
            "revenue": 585177
        },
        "2019-12": {
            "month": "2019-12",
            "price": "27.01",
            "revenue": 579498
        },
        "2020-01": {
            "month": "2020-01",
            "price": "27.17",
            "revenue": 544513
        },
        "2020-02": {
            "month": "2020-02",
            "price": "26.78",
            "revenue": 539918
        },
        "2020-03": {
            "month": "2020-03",
            "price": "26.23",
            "revenue": 591294
        },
        "2020-04": {
            "month": "2020-04",
            "price": "26.98",
            "revenue": 518202
        },
        "2020-05": {
            "month": "2020-05",
            "price": "28.03",
            "revenue": 467509
        },
        "2020-06": {
            "month": "2020-06",
            "price": "28.75",
            "revenue": 519138
        },
        "2020-07": {
            "month": "2020-07",
            "price": "29.95",
            "revenue": 490401
        },
        "2020-08": {
            "month": "2020-08",
            "price": "30.70",
            "revenue": 509509
        },
        "2020-09": {
            "month": "2020-09",
            "price": "32.12",
            "revenue": 540372
        },
        "2020-10": {
            "month": "2020-10",
            "price": "34.09",
            "revenue": 435262
        },
        "2020-11": {
            "month": "2020-11",
            "price": "36.18",
            "revenue": 481337
        },
        "2020-12": {
            "month": "2020-12",
            "price": "36.79",
            "revenue": 519264
        },
        "2021-01": {
            "month": "2021-01",
            "price": "35.77",
            "revenue": 545268
        },
        "2021-02": {
            "month": "2021-02",
            "price": "35.76",
            "revenue": 442622
        },
        "2021-03": {
            "month": "2021-03",
            "price": "37.52",
            "revenue": 500102
        },
        "2021-04": {
            "month": "2021-04",
            "price": "37.77",
            "revenue": 470972
        },
        "2021-05": {
            "month": "2021-05",
            "price": "35.90",
            "revenue": 488269
        },
        "2021-06": {
            "month": "2021-06",
            "price": "35.10",
            "revenue": 492972
        },
        "2021-07": {
            "month": "2021-07",
            "price": "34.19",
            "revenue": 494155
        },
        "2021-08": {
            "month": "2021-08",
            "price": "32.88",
            "revenue": 540451
        },
        "2021-09": {
            "month": "2021-09",
            "price": "32.54",
            "revenue": 504898
        },
        "2021-10": {
            "month": "2021-10",
            "price": "32.18",
            "revenue": 441364
        },
        "2021-11": {
            "month": "2021-11",
            "price": "33.07",
            "revenue": 388602
        },
        "2021-12": {
            "month": "2021-12",
            "price": "32.59",
            "revenue": 507831
        },
        "2022-01": {
            "month": "2022-01",
            "price": "32.92",
            "revenue": 564100
        },
        "2022-02": {
            "month": "2022-02",
            "price": "33.28",
            "revenue": 453678
        },
        "2022-03": {
            "month": "2022-03",
            "price": "33.29",
            "revenue": 517118
        },
        "2022-04": {
            "month": "2022-04",
            "price": "33.31",
            "revenue": 516050
        },
        "2022-05": {
            "month": "2022-05",
            "price": "32.92",
            "revenue": 533780
        },
        "2022-06": {
            "month": "2022-06",
            "price": "33.66",
            "revenue": 527809
        },
        "2022-07": {
            "month": "2022-07",
            "price": "33.20",
            "revenue": 514516
        },
        "2022-08": {
            "month": "2022-08",
            "price": "33.37",
            "revenue": 546197
        },
        "2022-09": {
            "month": "2022-09",
            "price": "32.00",
            "revenue": 523146
        },
        "2022-10": {
            "month": "2022-10",
            "price": "32.08",
            "revenue": 534997
        },
        "2022-11": {
            "month": "2022-11",
            "price": "33.29",
            "revenue": 538061
        },
        "2022-12": {
            "month": "2022-12",
            "price": "34.72",
            "revenue": 609563
        },
        "2023-01": {
            "month": "2023-01",
            "price": "35.62",
            "revenue": 515619
        },
        "2023-02": {
            "month": "2023-02",
            "price": "36.79",
            "revenue": 515621
        },
        "2023-03": {
            "month": "2023-03",
            "price": "37.48",
            "revenue": 544406
        },
        "2023-04": {
            "month": "2023-04",
            "price": "38.22",
            "revenue": 506873
        }
    }
}
