{
    "summary": {
        "stock_name": "大成",
        "stock_id": "1210",
        "category": "食品",
        "main_business": "飼料<br>大宗油脂<br>肉品",
        "website_url": "http://www.dachan.com",
        "ceo": "韓芳豪",
        "pe_ratio": 13,
        "report_year_from": 2001,
        "report_year_to": 2023,
        "age": 23,
        "eps_negative_percentage": 0,
        "eps_growth_avg": {
            "last_all": 7.69,
            "last_2y": 3.28,
            "last_4y": 9.69,
            "last_8y": 9.69,
            "last_12y": 8.01,
            "last_16y": 6.8,
            "last_20y": 9.64,
            "at_2006_last_3y": 21.73,
            "at_2007_last_3y": 26.08,
            "at_2008_last_3y": 34.12,
            "at_2009_last_3y": 14.3,
            "at_2010_last_3y": 2.87,
            "at_2011_last_3y": -4.47,
            "at_2012_last_3y": -8.06,
            "at_2013_last_3y": 11.76,
            "at_2014_last_3y": 4.22,
            "at_2015_last_3y": -8.77,
            "at_2016_last_3y": 25.41,
            "at_2017_last_3y": 2.57,
            "at_2018_last_3y": 9.7,
            "at_2019_last_3y": 25.26,
            "at_2020_last_3y": 8.6,
            "at_2021_last_3y": -3.75,
            "at_2022_last_3y": 2.52,
            "at_2023_last_3y": 10.79,
            "at_2024_last_3y": 10.79,
            "at_2006_last_all": 10.71,
            "at_2007_last_all": 12.99,
            "at_2008_last_all": 7.93,
            "at_2009_last_all": 9.53,
            "at_2010_last_all": 7.23,
            "at_2011_last_all": 6,
            "at_2012_last_all": 2.12,
            "at_2013_last_all": 10.27,
            "at_2014_last_all": 6.3,
            "at_2015_last_all": 1.78,
            "at_2016_last_all": 8.33,
            "at_2017_last_all": 8.35,
            "at_2018_last_all": 7.1,
            "at_2019_last_all": 7,
            "at_2020_last_all": 8.39,
            "at_2021_last_all": 5.93,
            "at_2022_last_all": 6.23,
            "at_2023_last_all": 7.69,
            "at_2024_last_all": 7.69
        },
        "latest_eps": 4.39,
        "latest_price": 58.5,
        "latest_roe": 14.97,
        "latest_gross_margin": 14.07,
        "latest_equity": 31447030,
        "latest_revenue": 28338364,
        "latest_gross_profit": 3988038,
        "latest_net_income": 1534152,
        "latest_debt_ratio": 51.42,
        "latest_current_ratio": 101.02,
        "latest_account_receivable_turnover_ratio": 3.41,
        "latest_inventory_turnover_ratio": 2.65,
        "latest_reinvestment_rate": 70,
        "latest_research_to_sale_ratio": 0.12
    },
    "eps_dividends": {
        "1991": {
            "cash": 0,
            "stock": 2.4,
            "eps": 0
        },
        "1992": {
            "cash": 0,
            "stock": 2,
            "eps": 0
        },
        "1993": {
            "cash": 0,
            "stock": 1,
            "eps": 0
        },
        "1994": {
            "cash": 0,
            "stock": 0.5,
            "eps": 0
        },
        "1996": {
            "cash": 0.4,
            "stock": 0.4,
            "eps": 0
        },
        "2001": {
            "cash": 0,
            "stock": 0,
            "eps": 1.08
        },
        "2002": {
            "cash": 1,
            "stock": 0,
            "eps": 0.72
        },
        "2003": {
            "cash": 0,
            "stock": 0,
            "eps": 0.77
        },
        "2004": {
            "cash": 0.2,
            "stock": 0.3,
            "eps": 0.35
        },
        "2005": {
            "cash": 0.31,
            "stock": 0,
            "eps": 1.71
        },
        "2006": {
            "cash": 1.09,
            "stock": 0,
            "eps": 2.3
        },
        "2007": {
            "cash": 0.99,
            "stock": 0.5,
            "eps": 2.86
        },
        "2008": {
            "cash": 1.48,
            "stock": 0.49,
            "eps": 2.22
        },
        "2009": {
            "cash": 1.2,
            "stock": 0.5,
            "eps": 2.68
        },
        "2010": {
            "cash": 1.2,
            "stock": 0.5,
            "eps": 2.38
        },
        "2011": {
            "cash": 2.38,
            "stock": 0.99,
            "eps": 2.26
        },
        "2012": {
            "cash": 0,
            "stock": 0,
            "eps": 1.43
        },
        "2013": {
            "cash": 1.2,
            "stock": 0,
            "eps": 3.41
        },
        "2014": {
            "cash": 1,
            "stock": 3,
            "eps": 2
        },
        "2015": {
            "cash": 1,
            "stock": 0,
            "eps": 0.86
        },
        "2016": {
            "cash": 0.7,
            "stock": 0,
            "eps": 3.01
        },
        "2017": {
            "cash": 1.5,
            "stock": 0,
            "eps": 3.27
        },
        "2018": {
            "cash": 2,
            "stock": 0.7,
            "eps": 2.85
        },
        "2019": {
            "cash": 1.5,
            "stock": 0.5,
            "eps": 3
        },
        "2020": {
            "cash": 2.2,
            "stock": 0,
            "eps": 4
        },
        "2021": {
            "cash": 2.7,
            "stock": 0.3,
            "eps": 2.37
        },
        "2022": {
            "cash": 1.5,
            "stock": 0.5,
            "eps": 2.66
        },
        "2023": {
            "cash": 3,
            "stock": 0,
            "eps": 3.68
        }
    },
    "dividends": {
        "1991-06-01": {
            "cash": 0,
            "stock": 2.4
        },
        "1992-05-30": {
            "cash": 0,
            "stock": 2
        },
        "1993-06-22": {
            "cash": 0,
            "stock": 1
        },
        "1994-06-02": {
            "cash": 0,
            "stock": 0.5
        },
        "1996-06-12": {
            "cash": 0.4,
            "stock": 0.4
        },
        "2002-06-25": {
            "cash": 1,
            "stock": 0
        },
        "2004-04-22": {
            "cash": 0.2,
            "stock": 0.3
        },
        "2005-04-29": {
            "cash": 0.31,
            "stock": 0
        },
        "2006-04-20": {
            "cash": 1.09,
            "stock": 0
        },
        "2007-04-27": {
            "cash": 0.99,
            "stock": 0.5
        },
        "2008-04-17": {
            "cash": 1.48,
            "stock": 0.49
        },
        "2009-04-23": {
            "cash": 1.2,
            "stock": 0.5
        },
        "2010-04-21": {
            "cash": 1.2,
            "stock": 0.5
        },
        "2011-01-01": {
            "cash": 1.19,
            "stock": 0.5
        },
        "2011-04-21": {
            "cash": 1.19,
            "stock": 0.49
        },
        "2013-03-28": {
            "cash": 1.2,
            "stock": 0
        },
        "2014-09-26": {
            "cash": 1,
            "stock": 3
        },
        "2015-09-25": {
            "cash": 1,
            "stock": 0
        },
        "2016-09-29": {
            "cash": 0.7,
            "stock": 0
        },
        "2017-09-29": {
            "cash": 1.5,
            "stock": 0
        },
        "2018-10-02": {
            "cash": 2,
            "stock": 0.7
        },
        "2019-10-01": {
            "cash": 1.5,
            "stock": 0.5
        },
        "2020-09-25": {
            "cash": 2.2,
            "stock": 0
        },
        "2021-09-24": {
            "cash": 2.7,
            "stock": 0.3
        },
        "2022-05-20": {
            "cash": 1.5,
            "stock": 0.5
        },
        "2023-05-03": {
            "cash": 1.5,
            "stock": 0
        },
        "2023-07-11": {
            "cash": 1.5,
            "stock": 0
        }
    },
    "prices": {
        "200101": "9.27",
        "200102": "9.85",
        "200103": "10.98",
        "200104": "10.88",
        "200105": "9.65",
        "200106": "10.12",
        "200107": "10.51",
        "200108": "9.44",
        "200109": "8.68",
        "200110": "8.07",
        "200111": "8.42",
        "200112": "8.87",
        "200201": "8.99",
        "200202": "9.43",
        "200203": "10.13",
        "200204": "10.69",
        "200205": "10.80",
        "200206": "11.23",
        "200207": "11.36",
        "200208": "9.96",
        "200209": "8.88",
        "200210": "8.93",
        "200211": "10.15",
        "200212": "10.76",
        "200301": "11.34",
        "200302": "10.78",
        "200303": "10.37",
        "200304": "9.70",
        "200305": "8.32",
        "200306": "8.83",
        "200307": "8.82",
        "200308": "8.19",
        "200309": "8.09",
        "200310": "8.47",
        "200311": "8.99",
        "200312": "8.76",
        "200401": "9.01",
        "200402": "9.96",
        "200403": "10.10",
        "200404": "9.58",
        "200405": "8.65",
        "200406": "8.45",
        "200407": "8.31",
        "200408": "8.07",
        "200409": "8.06",
        "200410": "8.08",
        "200411": "7.94",
        "200412": "8.08",
        "200501": "8.22",
        "200502": "8.26",
        "200503": "8.58",
        "200504": "8.33",
        "200505": "9.06",
        "200506": "9.67",
        "200507": "9.91",
        "200508": "9.94",
        "200509": "11.48",
        "200510": "10.36",
        "200511": "9.83",
        "200512": "10.26",
        "200601": "10.92",
        "200602": "11.12",
        "200603": "10.69",
        "200604": "12.19",
        "200605": "13.40",
        "200606": "12.65",
        "200607": "13.19",
        "200608": "12.99",
        "200609": "13.18",
        "200610": "15.26",
        "200611": "17.77",
        "200612": "17.90",
        "200701": "22.66",
        "200702": "25.22",
        "200703": "23.69",
        "200704": "27.02",
        "200705": "29.31",
        "200706": "33.66",
        "200707": "37.83",
        "200708": "45.08",
        "200709": "44.91",
        "200710": "43.61",
        "200711": "33.78",
        "200712": "31.45",
        "200801": "35.49",
        "200802": "38.67",
        "200803": "39.65",
        "200804": "38.27",
        "200805": "44.96",
        "200806": "44.26",
        "200807": "43.60",
        "200808": "36.46",
        "200809": "31.95",
        "200810": "24.81",
        "200811": "23.80",
        "200812": "24.25",
        "200901": "25.95",
        "200902": "24.67",
        "200903": "25.53",
        "200904": "33.02",
        "200905": "35.26",
        "200906": "36.00",
        "200907": "35.86",
        "200908": "34.07",
        "200909": "34.86",
        "200910": "35.04",
        "200911": "35.57",
        "200912": "35.16",
        "201001": "34.74",
        "201002": "31.22",
        "201003": "32.08",
        "201004": "32.37",
        "201005": "27.90",
        "201006": "28.16",
        "201007": "30.23",
        "201008": "31.49",
        "201009": "30.36",
        "201010": "31.50",
        "201011": "31.70",
        "201012": "31.63",
        "201101": "31.81",
        "201102": "30.52",
        "201103": "29.46",
        "201104": "34.07",
        "201105": "34.01",
        "201106": "32.09",
        "201107": "35.02",
        "201108": "34.50",
        "201109": "29.56",
        "201110": "29.27",
        "201111": "28.84",
        "201112": "27.98",
        "201201": "27.89",
        "201202": "30.30",
        "201203": "30.77",
        "201204": "28.99",
        "201205": "28.89",
        "201206": "27.62",
        "201207": "29.25",
        "201208": "30.09",
        "201209": "27.18",
        "201210": "26.30",
        "201211": "25.21",
        "201212": "26.48",
        "201301": "26.97",
        "201302": "26.97",
        "201303": "26.83",
        "201304": "25.00",
        "201305": "25.79",
        "201306": "25.74",
        "201307": "26.37",
        "201308": "26.66",
        "201309": "25.44",
        "201310": "26.71",
        "201311": "25.78",
        "201312": "26.06",
        "201401": "26.44",
        "201402": "25.95",
        "201403": "27.63",
        "201404": "30.26",
        "201405": "30.03",
        "201406": "35.10",
        "201407": "35.30",
        "201408": "34.80",
        "201409": "30.54",
        "201410": "27.89",
        "201411": "27.12",
        "201412": "27.08",
        "201501": "27.13",
        "201502": "27.71",
        "201503": "27.32",
        "201504": "25.32",
        "201505": "24.14",
        "201506": "21.92",
        "201507": "21.63",
        "201508": "19.16",
        "201509": "17.92",
        "201510": "19.43",
        "201511": "19.38",
        "201512": "19.77",
        "201601": "19.93",
        "201602": "20.82",
        "201603": "22.37",
        "201604": "21.78",
        "201605": "23.61",
        "201606": "27.69",
        "201607": "28.44",
        "201608": "27.63",
        "201609": "26.94",
        "201610": "28.18",
        "201611": "29.23",
        "201612": "28.62",
        "201701": "28.67",
        "201702": "28.74",
        "201703": "29.38",
        "201704": "28.87",
        "201705": "29.83",
        "201706": "31.99",
        "201707": "34.51",
        "201708": "31.89",
        "201709": "31.69",
        "201710": "34.32",
        "201711": "34.54",
        "201712": "33.04",
        "201801": "34.10",
        "201802": "32.98",
        "201803": "35.18",
        "201804": "35.35",
        "201805": "38.83",
        "201806": "40.01",
        "201807": "39.80",
        "201808": "40.21",
        "201809": "37.35",
        "201810": "33.32",
        "201811": "31.33",
        "201812": "33.04",
        "201901": "34.73",
        "201902": "34.82",
        "201903": "34.92",
        "201904": "35.32",
        "201905": "37.11",
        "201906": "39.27",
        "201907": "39.68",
        "201908": "39.53",
        "201909": "38.06",
        "201910": "37.49",
        "201911": "39.13",
        "201912": "42.63",
        "202001": "42.58",
        "202002": "40.81",
        "202003": "36.69",
        "202004": "38.84",
        "202005": "43.06",
        "202006": "43.30",
        "202007": "45.25",
        "202008": "47.38",
        "202009": "43.32",
        "202010": "44.91",
        "202011": "46.08",
        "202012": "47.17",
        "202101": "49.33",
        "202102": "49.25",
        "202103": "52.60",
        "202104": "56.84",
        "202105": "57.40",
        "202106": "58.84",
        "202107": "59.86",
        "202108": "56.78",
        "202109": "55.18",
        "202110": "53.57",
        "202111": "52.80",
        "202112": "52.60",
        "202201": "52.37",
        "202202": "53.75",
        "202203": "53.69",
        "202204": "54.33",
        "202205": "48.85",
        "202206": "48.07",
        "202207": "47.92",
        "202208": "48.92",
        "202209": "47.54",
        "202210": "42.76",
        "202211": "42.66",
        "202212": "44.80",
        "202301": "45.79",
        "202302": "47.44",
        "202303": "50.40",
        "202304": "51.74",
        "202305": "52.94",
        "202306": "52.72",
        "202307": "55.46",
        "202308": "55.41",
        "202309": "54.66",
        "202310": "52.16",
        "202311": "53.91",
        "202312": "57.51"
    },
    "quarters": {
        "20011": {
            "year_quarter": 20011,
            "year": 2001,
            "quarter": 1,
            "eps": 0.3,
            "eps_growth_year": 3.45,
            "eps_4q": 1.17,
            "eps_4q_growth_year": -6.41,
            "roe": 2.26,
            "roe_4q": 2.26,
            "gross_profit": 408101,
            "gross_margin": 11.95,
            "gross_margin_4q_avg": 11.95,
            "net_income": 128351,
            "net_income_4q": null,
            "revenue": 3415143,
            "revenue_4q": null,
            "common_shares": 4330994,
            "book_valuer_per_share": 12.78,
            "book_valuer_per_share_4q_avg": 12.78,
            "equity": 5533384,
            "current_ratio": 142.56,
            "debt_ratio": 39.91,
            "inventory_turnover_ratio": 2.46,
            "account_receivable_turnover_ratio": null,
            "reinvestment_rate": null,
            "research_to_sale_ratio": null,
            "price_fair": 0,
            "eps_avg_yearly": 0,
            "eps_latest_yearly": 0,
            "eps_growth_yearly": 0
        },
        "20012": {
            "year_quarter": 20012,
            "year": 2001,
            "quarter": 2,
            "eps": 0.11,
            "eps_growth_year": -45,
            "eps_4q": 1.14,
            "eps_4q_growth_year": -6.27,
            "roe": 0.83,
            "roe_4q": 3.09,
            "gross_profit": 318605,
            "gross_margin": 9.83,
            "gross_margin_4q_avg": 10.89,
            "net_income": 44706,
            "net_income_4q": null,
            "revenue": 3242612,
            "revenue_4q": null,
            "common_shares": 4330994,
            "book_valuer_per_share": 12.16,
            "book_valuer_per_share_4q_avg": 12.47,
            "equity": 5267777,
            "current_ratio": 120.01,
            "debt_ratio": 41.11,
            "inventory_turnover_ratio": 3.21,
            "account_receivable_turnover_ratio": null,
            "reinvestment_rate": null,
            "research_to_sale_ratio": null,
            "price_fair": 0,
            "eps_avg_yearly": 0,
            "eps_latest_yearly": 0,
            "eps_growth_yearly": 0
        },
        "20013": {
            "year_quarter": 20013,
            "year": 2001,
            "quarter": 3,
            "eps": 0.42,
            "eps_growth_year": 40,
            "eps_4q": 1.19,
            "eps_4q_growth_year": 8.32,
            "roe": 3.45,
            "roe_4q": 6.54,
            "gross_profit": 392401,
            "gross_margin": 11.85,
            "gross_margin_4q_avg": 11.21,
            "net_income": 184481,
            "net_income_4q": null,
            "revenue": 3311023,
            "revenue_4q": null,
            "common_shares": 4521388,
            "book_valuer_per_share": 12.02,
            "book_valuer_per_share_4q_avg": 12.32,
            "equity": 5436050,
            "current_ratio": 119.33,
            "debt_ratio": 39.75,
            "inventory_turnover_ratio": 3.3,
            "account_receivable_turnover_ratio": null,
            "reinvestment_rate": null,
            "research_to_sale_ratio": null,
            "price_fair": 0,
            "eps_avg_yearly": 0,
            "eps_latest_yearly": 0,
            "eps_growth_yearly": 0
        },
        "20014": {
            "year_quarter": 20014,
            "year": 2001,
            "quarter": 4,
            "eps": 0.25,
            "eps_growth_year": -34.21,
            "eps_4q": 1.06,
            "eps_4q_growth_year": -6.43,
            "roe": 1.86,
            "roe_4q": 8.4,
            "gross_profit": 406258,
            "gross_margin": 11.42,
            "gross_margin_4q_avg": 11.26,
            "net_income": 110843,
            "net_income_4q": null,
            "revenue": 3556376,
            "revenue_4q": null,
            "common_shares": 4521389,
            "book_valuer_per_share": 11.37,
            "book_valuer_per_share_4q_avg": 12.08,
            "equity": 6481421,
            "current_ratio": 116.21,
            "debt_ratio": 51.59,
            "inventory_turnover_ratio": 2.19,
            "account_receivable_turnover_ratio": null,
            "reinvestment_rate": null,
            "research_to_sale_ratio": null,
            "price_fair": 0,
            "eps_avg_yearly": 0,
            "eps_latest_yearly": 0,
            "eps_growth_yearly": 0
        },
        "20021": {
            "year_quarter": 20021,
            "year": 2002,
            "quarter": 1,
            "eps": 0.21,
            "eps_growth_year": -30,
            "eps_4q": 1.21,
            "eps_4q_growth_year": 3.31,
            "roe": 1.26,
            "roe_4q": 7.4,
            "gross_profit": 305497,
            "gross_margin": 8.83,
            "gross_margin_4q_avg": 10.48,
            "net_income": 71543,
            "net_income_4q": null,
            "revenue": 3460712,
            "revenue_4q": null,
            "common_shares": 4521389,
            "book_valuer_per_share": 10.69,
            "book_valuer_per_share_4q_avg": 11.56,
            "equity": 4833948,
            "current_ratio": 116.36,
            "debt_ratio": 42.07,
            "inventory_turnover_ratio": 2.05,
            "account_receivable_turnover_ratio": null,
            "reinvestment_rate": null,
            "research_to_sale_ratio": null,
            "price_fair": 2.52,
            "eps_avg_yearly": 0.84,
            "eps_latest_yearly": 0.84,
            "eps_growth_yearly": -64
        },
        "20022": {
            "year_quarter": 20022,
            "year": 2002,
            "quarter": 2,
            "eps": 0.16,
            "eps_growth_year": 45.45,
            "eps_4q": 1.19,
            "eps_4q_growth_year": 4.69,
            "roe": 1.18,
            "roe_4q": 7.75,
            "gross_profit": 354338,
            "gross_margin": 10.92,
            "gross_margin_4q_avg": 10.76,
            "net_income": 56909,
            "net_income_4q": null,
            "revenue": 3243552,
            "revenue_4q": null,
            "common_shares": 4521389,
            "book_valuer_per_share": 10.56,
            "book_valuer_per_share_4q_avg": 11.16,
            "equity": 4775505,
            "current_ratio": 130.43,
            "debt_ratio": 40.88,
            "inventory_turnover_ratio": 2.69,
            "account_receivable_turnover_ratio": null,
            "reinvestment_rate": null,
            "research_to_sale_ratio": null,
            "price_fair": 2.22,
            "eps_avg_yearly": 0.74,
            "eps_latest_yearly": 0.64,
            "eps_growth_yearly": -79.62
        },
        "20023": {
            "year_quarter": 20023,
            "year": 2002,
            "quarter": 3,
            "eps": 0.36,
            "eps_growth_year": -14.29,
            "eps_4q": 1.05,
            "eps_4q_growth_year": -11.45,
            "roe": 2.64,
            "roe_4q": 6.94,
            "gross_profit": 486735,
            "gross_margin": 13.93,
            "gross_margin_4q_avg": 11.28,
            "net_income": 124058,
            "net_income_4q": null,
            "revenue": 3494084,
            "revenue_4q": null,
            "common_shares": 4003182,
            "book_valuer_per_share": 11.57,
            "book_valuer_per_share_4q_avg": 11.05,
            "equity": 4630058,
            "current_ratio": 119.61,
            "debt_ratio": 45.45,
            "inventory_turnover_ratio": 2.76,
            "account_receivable_turnover_ratio": null,
            "reinvestment_rate": null,
            "research_to_sale_ratio": null,
            "price_fair": 34.07,
            "eps_avg_yearly": 0.97,
            "eps_latest_yearly": 1.44,
            "eps_growth_yearly": 113.59
        },
        "20024": {
            "year_quarter": 20024,
            "year": 2002,
            "quarter": 4,
            "eps": -0.01,
            "eps_growth_year": -104,
            "eps_4q": 0.8,
            "eps_4q_growth_year": -23.94,
            "roe": -0.04,
            "roe_4q": 5.04,
            "gross_profit": 354938,
            "gross_margin": 9.02,
            "gross_margin_4q_avg": 10.68,
            "net_income": -2171,
            "net_income_4q": null,
            "revenue": 3936078,
            "revenue_4q": null,
            "common_shares": 4003182,
            "book_valuer_per_share": 11.82,
            "book_valuer_per_share_4q_avg": 11.16,
            "equity": 6010873,
            "current_ratio": 111.12,
            "debt_ratio": 56.34,
            "inventory_turnover_ratio": 1.91,
            "account_receivable_turnover_ratio": null,
            "reinvestment_rate": 119.06,
            "research_to_sale_ratio": null,
            "price_fair": 34.07,
            "eps_avg_yearly": 0.97,
            "eps_latest_yearly": 1.44,
            "eps_growth_yearly": 113.59
        },
        "20031": {
            "year_quarter": 20031,
            "year": 2003,
            "quarter": 1,
            "eps": 0.04,
            "eps_growth_year": -80.95,
            "eps_4q": 0.62,
            "eps_4q_growth_year": -48.91,
            "roe": 0.23,
            "roe_4q": 4.01,
            "gross_profit": 266550,
            "gross_margin": 7.05,
            "gross_margin_4q_avg": 10.23,
            "net_income": 12390,
            "net_income_4q": null,
            "revenue": 3783268,
            "revenue_4q": null,
            "common_shares": 4003182,
            "book_valuer_per_share": 11.85,
            "book_valuer_per_share_4q_avg": 11.45,
            "equity": 4744153,
            "current_ratio": 118.96,
            "debt_ratio": 45.62,
            "inventory_turnover_ratio": 1.76,
            "account_receivable_turnover_ratio": null,
            "reinvestment_rate": 43.43,
            "research_to_sale_ratio": null,
            "price_fair": 34.07,
            "eps_avg_yearly": 0.97,
            "eps_latest_yearly": 1.44,
            "eps_growth_yearly": 113.59
        },
        "20032": {
            "year_quarter": 20032,
            "year": 2003,
            "quarter": 2,
            "eps": 0.12,
            "eps_growth_year": -25,
            "eps_4q": 0.5,
            "eps_4q_growth_year": -58.17,
            "roe": 0.89,
            "roe_4q": 3.72,
            "gross_profit": 291208,
            "gross_margin": 8.34,
            "gross_margin_4q_avg": 9.59,
            "net_income": 42580,
            "net_income_4q": null,
            "revenue": 3491706,
            "revenue_4q": null,
            "common_shares": 4003182,
            "book_valuer_per_share": 11.93,
            "book_valuer_per_share_4q_avg": 11.79,
            "equity": 4775011,
            "current_ratio": 114.64,
            "debt_ratio": 45.96,
            "inventory_turnover_ratio": 2.3,
            "account_receivable_turnover_ratio": null,
            "reinvestment_rate": 42.44,
            "research_to_sale_ratio": null,
            "price_fair": 29.75,
            "eps_avg_yearly": 0.85,
            "eps_latest_yearly": 0.48,
            "eps_growth_yearly": 285.19
        },
        "20033": {
            "year_quarter": 20033,
            "year": 2003,
            "quarter": 3,
            "eps": 0.23,
            "eps_growth_year": -36.11,
            "eps_4q": 0.38,
            "eps_4q_growth_year": -63.52,
            "roe": 1.67,
            "roe_4q": 2.75,
            "gross_profit": 296915,
            "gross_margin": 8.03,
            "gross_margin_4q_avg": 8.11,
            "net_income": 78540,
            "net_income_4q": null,
            "revenue": 3698537,
            "revenue_4q": null,
            "common_shares": 3903182,
            "book_valuer_per_share": 11.82,
            "book_valuer_per_share_4q_avg": 11.86,
            "equity": 4613036,
            "current_ratio": 120.57,
            "debt_ratio": 46.15,
            "inventory_turnover_ratio": 2.7,
            "account_receivable_turnover_ratio": null,
            "reinvestment_rate": 33.95,
            "research_to_sale_ratio": null,
            "price_fair": 30.24,
            "eps_avg_yearly": 0.86,
            "eps_latest_yearly": 0.92,
            "eps_growth_yearly": 301.49
        },
        "20034": {
            "year_quarter": 20034,
            "year": 2003,
            "quarter": 4,
            "eps": 0.38,
            "eps_growth_year": null,
            "eps_4q": 0.76,
            "eps_4q_growth_year": -4.92,
            "roe": 2.48,
            "roe_4q": 5.2700000000000005,
            "gross_profit": 316623,
            "gross_margin": 7.65,
            "gross_margin_4q_avg": 7.77,
            "net_income": 132133,
            "net_income_4q": null,
            "revenue": 4139421,
            "revenue_4q": null,
            "common_shares": 3903182,
            "book_valuer_per_share": 12.18,
            "book_valuer_per_share_4q_avg": 11.95,
            "equity": 6044899,
            "current_ratio": 116.22,
            "debt_ratio": 57.08,
            "inventory_turnover_ratio": 1.97,
            "account_receivable_turnover_ratio": null,
            "reinvestment_rate": 98.04,
            "research_to_sale_ratio": null,
            "price_fair": 34.07,
            "eps_avg_yearly": 0.97,
            "eps_latest_yearly": 1.52,
            "eps_growth_yearly": 294.72
        },
        "20041": {
            "year_quarter": 20041,
            "year": 2004,
            "quarter": 1,
            "eps": 0.13,
            "eps_growth_year": 225,
            "eps_4q": 0.89,
            "eps_4q_growth_year": 43.38,
            "roe": 0.81,
            "roe_4q": 5.85,
            "gross_profit": 261905,
            "gross_margin": 6.63,
            "gross_margin_4q_avg": 7.66,
            "net_income": 43606,
            "net_income_4q": null,
            "revenue": 3951103,
            "revenue_4q": null,
            "common_shares": 3903182,
            "book_valuer_per_share": 12.19,
            "book_valuer_per_share_4q_avg": 12.03,
            "equity": 4757950,
            "current_ratio": 122.54,
            "debt_ratio": 48.24,
            "inventory_turnover_ratio": 1.68,
            "account_receivable_turnover_ratio": null,
            "reinvestment_rate": 32.39,
            "research_to_sale_ratio": null,
            "price_fair": 31.8,
            "eps_avg_yearly": 0.91,
            "eps_latest_yearly": 0.52,
            "eps_growth_yearly": 215.02
        },
        "20042": {
            "year_quarter": 20042,
            "year": 2004,
            "quarter": 2,
            "eps": -0.1,
            "eps_growth_year": -183.33,
            "eps_4q": 0.56,
            "eps_4q_growth_year": 11.65,
            "roe": -0.79,
            "roe_4q": 4.17,
            "gross_profit": 215378,
            "gross_margin": 5.91,
            "gross_margin_4q_avg": 7.06,
            "net_income": -37079,
            "net_income_4q": null,
            "revenue": 3641249,
            "revenue_4q": null,
            "common_shares": 3903182,
            "book_valuer_per_share": 11.97,
            "book_valuer_per_share_4q_avg": 12.04,
            "equity": 4673411,
            "current_ratio": 130.65,
            "debt_ratio": 52.88,
            "inventory_turnover_ratio": 1.86,
            "account_receivable_turnover_ratio": null,
            "reinvestment_rate": 12.49,
            "research_to_sale_ratio": null,
            "price_fair": 31.8,
            "eps_avg_yearly": 0.91,
            "eps_latest_yearly": 0.52,
            "eps_growth_yearly": 215.02
        },
        "20043": {
            "year_quarter": 20043,
            "year": 2004,
            "quarter": 3,
            "eps": -0.1,
            "eps_growth_year": -143.48,
            "eps_4q": 0.26,
            "eps_4q_growth_year": -32.54,
            "roe": -0.74,
            "roe_4q": 1.76,
            "gross_profit": 172279,
            "gross_margin": 4.26,
            "gross_margin_4q_avg": 6.11,
            "net_income": -34346,
            "net_income_4q": null,
            "revenue": 4047287,
            "revenue_4q": null,
            "common_shares": 4020278,
            "book_valuer_per_share": 11.6,
            "book_valuer_per_share_4q_avg": 11.99,
            "equity": 4662320,
            "current_ratio": 112.62,
            "debt_ratio": 51.8,
            "inventory_turnover_ratio": 1.99,
            "account_receivable_turnover_ratio": null,
            "reinvestment_rate": 21.68,
            "research_to_sale_ratio": null,
            "price_fair": 31.8,
            "eps_avg_yearly": 0.91,
            "eps_latest_yearly": 0.52,
            "eps_growth_yearly": 215.02
        },
        "20044": {
            "year_quarter": 20044,
            "year": 2004,
            "quarter": 4,
            "eps": 0.42,
            "eps_growth_year": 10.53,
            "eps_4q": 0.34,
            "eps_4q_growth_year": -55.36,
            "roe": 2.8,
            "roe_4q": 2.0799999999999996,
            "gross_profit": 434976,
            "gross_margin": 9.51,
            "gross_margin_4q_avg": 6.58,
            "net_income": 147967,
            "net_income_4q": null,
            "revenue": 4575675,
            "revenue_4q": null,
            "common_shares": 4020278,
            "book_valuer_per_share": 11.66,
            "book_valuer_per_share_4q_avg": 11.86,
            "equity": 5892493,
            "current_ratio": 114.67,
            "debt_ratio": 57.05,
            "inventory_turnover_ratio": 1.89,
            "account_receivable_turnover_ratio": null,
            "reinvestment_rate": 28.27,
            "research_to_sale_ratio": null,
            "price_fair": 31.8,
            "eps_avg_yearly": 0.91,
            "eps_latest_yearly": 0.52,
            "eps_growth_yearly": 215.02
        },
        "20051": {
            "year_quarter": 20051,
            "year": 2005,
            "quarter": 1,
            "eps": 0.4,
            "eps_growth_year": 207.69,
            "eps_4q": 0.61,
            "eps_4q_growth_year": -30.74,
            "roe": 2.69,
            "roe_4q": 3.96,
            "gross_profit": 497316,
            "gross_margin": 12.67,
            "gross_margin_4q_avg": 8.09,
            "net_income": 143753,
            "net_income_4q": null,
            "revenue": 3926515,
            "revenue_4q": null,
            "common_shares": 4020278,
            "book_valuer_per_share": 11.9,
            "book_valuer_per_share_4q_avg": 11.78,
            "equity": 4784582,
            "current_ratio": 143.1,
            "debt_ratio": 42.4,
            "inventory_turnover_ratio": 1.87,
            "account_receivable_turnover_ratio": null,
            "reinvestment_rate": 22.14,
            "research_to_sale_ratio": null,
            "price_fair": 34.83,
            "eps_avg_yearly": 1,
            "eps_latest_yearly": 1.6,
            "eps_growth_yearly": 185.76
        },
        "20052": {
            "year_quarter": 20052,
            "year": 2005,
            "quarter": 2,
            "eps": 0.51,
            "eps_growth_year": null,
            "eps_4q": 1.25,
            "eps_4q_growth_year": 124.4,
            "roe": 3.71,
            "roe_4q": 8.459999999999999,
            "gross_profit": 454875,
            "gross_margin": 11.66,
            "gross_margin_4q_avg": 9.53,
            "net_income": 177693,
            "net_income_4q": null,
            "revenue": 3901437,
            "revenue_4q": null,
            "common_shares": 4020278,
            "book_valuer_per_share": 11.9,
            "book_valuer_per_share_4q_avg": 11.77,
            "equity": 4782299,
            "current_ratio": 150.33,
            "debt_ratio": 45.21,
            "inventory_turnover_ratio": 2.75,
            "account_receivable_turnover_ratio": null,
            "reinvestment_rate": 18.75,
            "research_to_sale_ratio": null,
            "price_fair": 38.89,
            "eps_avg_yearly": 1.11,
            "eps_latest_yearly": 2.04,
            "eps_growth_yearly": 177.34
        },
        "20053": {
            "year_quarter": 20053,
            "year": 2005,
            "quarter": 3,
            "eps": 0.58,
            "eps_growth_year": null,
            "eps_4q": 1.92,
            "eps_4q_growth_year": 641.28,
            "roe": 4.11,
            "roe_4q": 13.309999999999999,
            "gross_profit": 413545,
            "gross_margin": 10.36,
            "gross_margin_4q_avg": 11.05,
            "net_income": 202665,
            "net_income_4q": null,
            "revenue": 3993464,
            "revenue_4q": null,
            "common_shares": 4020278,
            "book_valuer_per_share": 12.62,
            "book_valuer_per_share_4q_avg": 12.02,
            "equity": 5074131,
            "current_ratio": 152.91,
            "debt_ratio": 43.94,
            "inventory_turnover_ratio": 2.44,
            "account_receivable_turnover_ratio": null,
            "reinvestment_rate": 20.04,
            "research_to_sale_ratio": null,
            "price_fair": 43.12,
            "eps_avg_yearly": 1.23,
            "eps_latest_yearly": 2.32,
            "eps_growth_yearly": 165.1
        },
        "20054": {
            "year_quarter": 20054,
            "year": 2005,
            "quarter": 4,
            "eps": 0.22,
            "eps_growth_year": -47.62,
            "eps_4q": 1.7,
            "eps_4q_growth_year": 399.14,
            "roe": 1.31,
            "roe_4q": 11.819999999999999,
            "gross_profit": 380036,
            "gross_margin": 9.45,
            "gross_margin_4q_avg": 11.04,
            "net_income": 77790,
            "net_income_4q": null,
            "revenue": 4020641,
            "revenue_4q": null,
            "common_shares": 4020278,
            "book_valuer_per_share": 12.85,
            "book_valuer_per_share_4q_avg": 12.32,
            "equity": 6792497,
            "current_ratio": 128.62,
            "debt_ratio": 56.35,
            "inventory_turnover_ratio": 1.48,
            "account_receivable_turnover_ratio": null,
            "reinvestment_rate": -22.91,
            "research_to_sale_ratio": null,
            "price_fair": 42,
            "eps_avg_yearly": 1.2,
            "eps_latest_yearly": 0.88,
            "eps_growth_yearly": 127.52
        },
        "20061": {
            "year_quarter": 20061,
            "year": 2006,
            "quarter": 1,
            "eps": 0.45,
            "eps_growth_year": 12.5,
            "eps_4q": 1.77,
            "eps_4q_growth_year": 188.9,
            "roe": 2.55,
            "roe_4q": 11.68,
            "gross_profit": 396406,
            "gross_margin": 10.95,
            "gross_margin_4q_avg": 10.61,
            "net_income": 156082,
            "net_income_4q": null,
            "revenue": 3621683,
            "revenue_4q": null,
            "common_shares": 4020278,
            "book_valuer_per_share": 13.55,
            "book_valuer_per_share_4q_avg": 12.73,
            "equity": 5448649,
            "current_ratio": 172.37,
            "debt_ratio": 37.26,
            "inventory_turnover_ratio": 1.34,
            "account_receivable_turnover_ratio": null,
            "reinvestment_rate": 21.6,
            "research_to_sale_ratio": null,
            "price_fair": 45.05,
            "eps_avg_yearly": 1.29,
            "eps_latest_yearly": 1.8,
            "eps_growth_yearly": 171.35
        },
        "20062": {
            "year_quarter": 20062,
            "year": 2006,
            "quarter": 2,
            "eps": 0.4,
            "eps_growth_year": -21.57,
            "eps_4q": 1.64,
            "eps_4q_growth_year": 31.36,
            "roe": 2.62,
            "roe_4q": 10.59,
            "gross_profit": 356377,
            "gross_margin": 10,
            "gross_margin_4q_avg": 10.19,
            "net_income": 140793,
            "net_income_4q": null,
            "revenue": 3564377,
            "revenue_4q": null,
            "common_shares": 4020278,
            "book_valuer_per_share": 13.14,
            "book_valuer_per_share_4q_avg": 13.04,
            "equity": 5281510,
            "current_ratio": 130.19,
            "debt_ratio": 43.14,
            "inventory_turnover_ratio": 2.43,
            "account_receivable_turnover_ratio": null,
            "reinvestment_rate": 0.69,
            "research_to_sale_ratio": null,
            "price_fair": 48.11,
            "eps_avg_yearly": 1.37,
            "eps_latest_yearly": 1.6,
            "eps_growth_yearly": 175.97
        },
        "20063": {
            "year_quarter": 20063,
            "year": 2006,
            "quarter": 3,
            "eps": 0.67,
            "eps_growth_year": 15.52,
            "eps_4q": 1.72,
            "eps_4q_growth_year": -10.38,
            "roe": 4.37,
            "roe_4q": 10.85,
            "gross_profit": 365840,
            "gross_margin": 10.26,
            "gross_margin_4q_avg": 10.17,
            "net_income": 238219,
            "net_income_4q": null,
            "revenue": 3564293,
            "revenue_4q": null,
            "common_shares": 4020278,
            "book_valuer_per_share": 13.99,
            "book_valuer_per_share_4q_avg": 13.38,
            "equity": 5623597,
            "current_ratio": 138.42,
            "debt_ratio": 39.92,
            "inventory_turnover_ratio": 2.8,
            "account_receivable_turnover_ratio": null,
            "reinvestment_rate": -26.64,
            "research_to_sale_ratio": null,
            "price_fair": 52.05,
            "eps_avg_yearly": 1.49,
            "eps_latest_yearly": 2.68,
            "eps_growth_yearly": 155.06
        },
        "20064": {
            "year_quarter": 20064,
            "year": 2006,
            "quarter": 4,
            "eps": 0.78,
            "eps_growth_year": 254.55,
            "eps_4q": 2.29,
            "eps_4q_growth_year": 34.59,
            "roe": 4.19,
            "roe_4q": 13.73,
            "gross_profit": 302084,
            "gross_margin": 7.6,
            "gross_margin_4q_avg": 9.7,
            "net_income": 276224,
            "net_income_4q": null,
            "revenue": 3972902,
            "revenue_4q": null,
            "common_shares": 4020278,
            "book_valuer_per_share": 14.87,
            "book_valuer_per_share_4q_avg": 13.89,
            "equity": 7565286,
            "current_ratio": 129.29,
            "debt_ratio": 56.21,
            "inventory_turnover_ratio": 1.31,
            "account_receivable_turnover_ratio": null,
            "reinvestment_rate": 0.34,
            "research_to_sale_ratio": null,
            "price_fair": 56.82,
            "eps_avg_yearly": 1.62,
            "eps_latest_yearly": 3.12,
            "eps_growth_yearly": 147.61
        },
        "20071": {
            "year_quarter": 20071,
            "year": 2007,
            "quarter": 1,
            "eps": 0.61,
            "eps_growth_year": 35.56,
            "eps_4q": 2.44,
            "eps_4q_growth_year": 37.56,
            "roe": 3.16,
            "roe_4q": 14.34,
            "gross_profit": 307413,
            "gross_margin": 7.99,
            "gross_margin_4q_avg": 8.96,
            "net_income": 218896,
            "net_income_4q": null,
            "revenue": 3847594,
            "revenue_4q": null,
            "common_shares": 4020278,
            "book_valuer_per_share": 15.67,
            "book_valuer_per_share_4q_avg": 14.42,
            "equity": 6301744,
            "current_ratio": 133.63,
            "debt_ratio": 40.08,
            "inventory_turnover_ratio": 1.14,
            "account_receivable_turnover_ratio": null,
            "reinvestment_rate": -19.98,
            "research_to_sale_ratio": null,
            "price_fair": 59.02,
            "eps_avg_yearly": 1.69,
            "eps_latest_yearly": 2.44,
            "eps_growth_yearly": 129.55
        },
        "20072": {
            "year_quarter": 20072,
            "year": 2007,
            "quarter": 2,
            "eps": 0.57,
            "eps_growth_year": 42.5,
            "eps_4q": 2.51,
            "eps_4q_growth_year": 53.2,
            "roe": 3.43,
            "roe_4q": 15.150000000000002,
            "gross_profit": 301097,
            "gross_margin": 7.21,
            "gross_margin_4q_avg": 8.27,
            "net_income": 215151,
            "net_income_4q": null,
            "revenue": 4177569,
            "revenue_4q": null,
            "common_shares": 4020278,
            "book_valuer_per_share": 15.56,
            "book_valuer_per_share_4q_avg": 15.02,
            "equity": 6257219,
            "current_ratio": 111.58,
            "debt_ratio": 44.94,
            "inventory_turnover_ratio": 2.18,
            "account_receivable_turnover_ratio": null,
            "reinvestment_rate": -15.04,
            "research_to_sale_ratio": null,
            "price_fair": 63.86,
            "eps_avg_yearly": 1.82,
            "eps_latest_yearly": 2.28,
            "eps_growth_yearly": 66
        },
        "20073": {
            "year_quarter": 20073,
            "year": 2007,
            "quarter": 3,
            "eps": 0.88,
            "eps_growth_year": 31.34,
            "eps_4q": 2.73,
            "eps_4q_growth_year": 58.17,
            "roe": 5.06,
            "roe_4q": 15.84,
            "gross_profit": 379718,
            "gross_margin": 8.49,
            "gross_margin_4q_avg": 7.82,
            "net_income": 338518,
            "net_income_4q": null,
            "revenue": 4474467,
            "revenue_4q": null,
            "common_shares": 4218966,
            "book_valuer_per_share": 16.88,
            "book_valuer_per_share_4q_avg": 15.75,
            "equity": 7123044,
            "current_ratio": 132.32,
            "debt_ratio": 39.8,
            "inventory_turnover_ratio": 2.22,
            "account_receivable_turnover_ratio": null,
            "reinvestment_rate": -7.98,
            "research_to_sale_ratio": null,
            "price_fair": 70.86,
            "eps_avg_yearly": 2.02,
            "eps_latest_yearly": 3.52,
            "eps_growth_yearly": 54.53
        },
        "20074": {
            "year_quarter": 20074,
            "year": 2007,
            "quarter": 4,
            "eps": 0.8,
            "eps_growth_year": 2.56,
            "eps_4q": 2.79,
            "eps_4q_growth_year": 21.59,
            "roe": 3.2,
            "roe_4q": 14.85,
            "gross_profit": 584624,
            "gross_margin": 11.03,
            "gross_margin_4q_avg": 8.68,
            "net_income": 311276,
            "net_income_4q": null,
            "revenue": 5301275,
            "revenue_4q": null,
            "common_shares": 4218966,
            "book_valuer_per_share": 19.41,
            "book_valuer_per_share_4q_avg": 16.88,
            "equity": 12322795,
            "current_ratio": 163.21,
            "debt_ratio": 50.53,
            "inventory_turnover_ratio": 1.14,
            "account_receivable_turnover_ratio": null,
            "reinvestment_rate": 41.23,
            "research_to_sale_ratio": null,
            "price_fair": 75.38,
            "eps_avg_yearly": 2.15,
            "eps_latest_yearly": 3.2,
            "eps_growth_yearly": 31.66
        },
        "20081": {
            "year_quarter": 20081,
            "year": 2008,
            "quarter": 1,
            "eps": 0.96,
            "eps_growth_year": 57.38,
            "eps_4q": 2.08,
            "eps_4q_growth_year": -14.52,
            "roe": 4.57,
            "roe_4q": 16.26,
            "gross_profit": 1679793,
            "gross_margin": 9.76,
            "gross_margin_4q_avg": 9.12,
            "net_income": 570584,
            "net_income_4q": null,
            "revenue": 17210554,
            "revenue_4q": null,
            "common_shares": 4218966,
            "book_valuer_per_share": 20.3,
            "book_valuer_per_share_4q_avg": 18.04,
            "equity": 12672603,
            "current_ratio": 161.55,
            "debt_ratio": 50.78,
            "inventory_turnover_ratio": 2.3,
            "account_receivable_turnover_ratio": null,
            "reinvestment_rate": 117.1,
            "research_to_sale_ratio": null,
            "price_fair": 84.32,
            "eps_avg_yearly": 2.41,
            "eps_latest_yearly": 3.84,
            "eps_growth_yearly": 58.06
        },
        "20082": {
            "year_quarter": 20082,
            "year": 2008,
            "quarter": 2,
            "eps": 0.71,
            "eps_growth_year": 24.56,
            "eps_4q": 2.22,
            "eps_4q_growth_year": -11.68,
            "roe": 3.34,
            "roe_4q": 16.169999999999998,
            "gross_profit": 1734800,
            "gross_margin": 9.56,
            "gross_margin_4q_avg": 9.71,
            "net_income": 420633,
            "net_income_4q": null,
            "revenue": 18149216,
            "revenue_4q": null,
            "common_shares": 4222791,
            "book_valuer_per_share": 19.66,
            "book_valuer_per_share_4q_avg": 19.06,
            "equity": 12514053,
            "current_ratio": 138.77,
            "debt_ratio": 54.33,
            "inventory_turnover_ratio": 2.2,
            "account_receivable_turnover_ratio": null,
            "reinvestment_rate": 134.05,
            "research_to_sale_ratio": null,
            "price_fair": 85.4,
            "eps_avg_yearly": 2.44,
            "eps_latest_yearly": 2.84,
            "eps_growth_yearly": 46.47
        },
        "20083": {
            "year_quarter": 20083,
            "year": 2008,
            "quarter": 3,
            "eps": 0.69,
            "eps_growth_year": -21.59,
            "eps_4q": 2.49,
            "eps_4q_growth_year": -8.74,
            "roe": 2.71,
            "roe_4q": 13.82,
            "gross_profit": 1146458,
            "gross_margin": 6.26,
            "gross_margin_4q_avg": 9.15,
            "net_income": 349538,
            "net_income_4q": null,
            "revenue": 18306865,
            "revenue_4q": null,
            "common_shares": 4486784,
            "book_valuer_per_share": 19.43,
            "book_valuer_per_share_4q_avg": 19.7,
            "equity": 13320392,
            "current_ratio": 136.3,
            "debt_ratio": 52.96,
            "inventory_turnover_ratio": 2.2,
            "account_receivable_turnover_ratio": null,
            "reinvestment_rate": 144.41,
            "research_to_sale_ratio": null,
            "price_fair": 86.15,
            "eps_avg_yearly": 2.46,
            "eps_latest_yearly": 2.76,
            "eps_growth_yearly": 42.62
        },
        "20084": {
            "year_quarter": 20084,
            "year": 2008,
            "quarter": 4,
            "eps": -0.14,
            "eps_growth_year": -117.5,
            "eps_4q": 1.55,
            "eps_4q_growth_year": -44.2,
            "roe": -0.72,
            "roe_4q": 9.9,
            "gross_profit": 1172054,
            "gross_margin": 6.68,
            "gross_margin_4q_avg": 8.07,
            "net_income": -95773,
            "net_income_4q": null,
            "revenue": 17533106,
            "revenue_4q": null,
            "common_shares": 4486784,
            "book_valuer_per_share": 19.4,
            "book_valuer_per_share_4q_avg": 19.7,
            "equity": 13457934,
            "current_ratio": 156.24,
            "debt_ratio": 45.03,
            "inventory_turnover_ratio": 2.62,
            "account_receivable_turnover_ratio": 8.71,
            "reinvestment_rate": 99.33,
            "research_to_sale_ratio": null,
            "price_fair": 86.15,
            "eps_avg_yearly": 2.46,
            "eps_latest_yearly": 2.76,
            "eps_growth_yearly": 42.62
        },
        "20091": {
            "year_quarter": 20091,
            "year": 2009,
            "quarter": 1,
            "eps": 1.09,
            "eps_growth_year": 13.54,
            "eps_4q": 2.03,
            "eps_4q_growth_year": -2.58,
            "roe": 3.75,
            "roe_4q": 9.08,
            "gross_profit": 1964432,
            "gross_margin": 11.84,
            "gross_margin_4q_avg": 8.59,
            "net_income": 522158,
            "net_income_4q": null,
            "revenue": 16591490,
            "revenue_4q": null,
            "common_shares": 4486784,
            "book_valuer_per_share": 20.93,
            "book_valuer_per_share_4q_avg": 19.86,
            "equity": 14371209,
            "current_ratio": 161.94,
            "debt_ratio": 42.7,
            "inventory_turnover_ratio": 3.13,
            "account_receivable_turnover_ratio": 4,
            "reinvestment_rate": 153.25,
            "research_to_sale_ratio": null,
            "price_fair": 88.3,
            "eps_avg_yearly": 2.52,
            "eps_latest_yearly": 2.76,
            "eps_growth_yearly": 47.03
        },
        "20092": {
            "year_quarter": 20092,
            "year": 2009,
            "quarter": 2,
            "eps": 0.78,
            "eps_growth_year": 9.86,
            "eps_4q": 1.82,
            "eps_4q_growth_year": -17.89,
            "roe": 3.07,
            "roe_4q": 8.81,
            "gross_profit": 1678785,
            "gross_margin": 10.82,
            "gross_margin_4q_avg": 8.9,
            "net_income": 436930,
            "net_income_4q": null,
            "revenue": 15508904,
            "revenue_4q": null,
            "common_shares": 4486784,
            "book_valuer_per_share": 20.52,
            "book_valuer_per_share_4q_avg": 20.07,
            "equity": 14061444,
            "current_ratio": 159.8,
            "debt_ratio": 43.28,
            "inventory_turnover_ratio": 2.8,
            "account_receivable_turnover_ratio": 3.98,
            "reinvestment_rate": 141.36,
            "research_to_sale_ratio": null,
            "price_fair": 91,
            "eps_avg_yearly": 2.6,
            "eps_latest_yearly": 3.12,
            "eps_growth_yearly": 31.04
        },
        "20093": {
            "year_quarter": 20093,
            "year": 2009,
            "quarter": 3,
            "eps": 0.63,
            "eps_growth_year": -8.7,
            "eps_4q": 1.63,
            "eps_4q_growth_year": -34.61,
            "roe": 2.76,
            "roe_4q": 8.86,
            "gross_profit": 1603274,
            "gross_margin": 9.05,
            "gross_margin_4q_avg": 9.6,
            "net_income": 391066,
            "net_income_4q": null,
            "revenue": 17716622,
            "revenue_4q": null,
            "common_shares": 4711123,
            "book_valuer_per_share": 20.08,
            "book_valuer_per_share_4q_avg": 20.23,
            "equity": 14309164,
            "current_ratio": 154.86,
            "debt_ratio": 43.5,
            "inventory_turnover_ratio": 2.94,
            "account_receivable_turnover_ratio": 5,
            "reinvestment_rate": 154.19,
            "research_to_sale_ratio": null,
            "price_fair": 82.68,
            "eps_avg_yearly": 2.61,
            "eps_latest_yearly": 2.52,
            "eps_growth_yearly": 21.63
        },
        "20094": {
            "year_quarter": 20094,
            "year": 2009,
            "quarter": 4,
            "eps": 0.18,
            "eps_growth_year": null,
            "eps_4q": 2.63,
            "eps_4q_growth_year": 68.93,
            "roe": 1.41,
            "roe_4q": 10.99,
            "gross_profit": 1430655,
            "gross_margin": 7.93,
            "gross_margin_4q_avg": 9.91,
            "net_income": 202090,
            "net_income_4q": null,
            "revenue": 18040877,
            "revenue_4q": null,
            "common_shares": 4711123,
            "book_valuer_per_share": 21.76,
            "book_valuer_per_share_4q_avg": 20.82,
            "equity": 14389628,
            "current_ratio": 155.5,
            "debt_ratio": 43.81,
            "inventory_turnover_ratio": 2.95,
            "account_receivable_turnover_ratio": 8.19,
            "reinvestment_rate": 117.31,
            "research_to_sale_ratio": null,
            "price_fair": 75.36,
            "eps_avg_yearly": 2.6,
            "eps_latest_yearly": 0.72,
            "eps_growth_yearly": 18.95
        },
        "20101": {
            "year_quarter": 20101,
            "year": 2010,
            "quarter": 1,
            "eps": 0.55,
            "eps_growth_year": -49.54,
            "eps_4q": 2.14,
            "eps_4q_growth_year": 5.5,
            "roe": 1.85,
            "roe_4q": 9.09,
            "gross_profit": 1532744,
            "gross_margin": 8.71,
            "gross_margin_4q_avg": 9.13,
            "net_income": 267779,
            "net_income_4q": null,
            "revenue": 17594808,
            "revenue_4q": null,
            "common_shares": 4711123,
            "book_valuer_per_share": 22.37,
            "book_valuer_per_share_4q_avg": 21.18,
            "equity": 14625557,
            "current_ratio": 151.12,
            "debt_ratio": 45.59,
            "inventory_turnover_ratio": 2.79,
            "account_receivable_turnover_ratio": 3.9,
            "reinvestment_rate": 178.97,
            "research_to_sale_ratio": 0.01,
            "price_fair": 92.1,
            "eps_avg_yearly": 2.63,
            "eps_latest_yearly": 2.2,
            "eps_growth_yearly": 47.81
        },
        "20102": {
            "year_quarter": 20102,
            "year": 2010,
            "quarter": 2,
            "eps": 0.29,
            "eps_growth_year": -62.25,
            "eps_4q": 1.58,
            "eps_4q_growth_year": -13.2,
            "roe": 1.56,
            "roe_4q": 7.58,
            "gross_profit": 1454090,
            "gross_margin": 8.46,
            "gross_margin_4q_avg": 8.54,
            "net_income": 226345,
            "net_income_4q": null,
            "revenue": 17191280,
            "revenue_4q": null,
            "common_shares": 4711123,
            "book_valuer_per_share": 21.8,
            "book_valuer_per_share_4q_avg": 21.5,
            "equity": 14349327,
            "current_ratio": 141.37,
            "debt_ratio": 46.36,
            "inventory_turnover_ratio": 2.76,
            "account_receivable_turnover_ratio": 3.8,
            "reinvestment_rate": 190.96,
            "research_to_sale_ratio": 0.02,
            "price_fair": 91,
            "eps_avg_yearly": 2.6,
            "eps_latest_yearly": 1.16,
            "eps_growth_yearly": 37.48
        },
        "20103": {
            "year_quarter": 20103,
            "year": 2010,
            "quarter": 3,
            "eps": 0.84,
            "eps_growth_year": 33.16,
            "eps_4q": 1.83,
            "eps_4q_growth_year": 12.45,
            "roe": 3.39,
            "roe_4q": 8.21,
            "gross_profit": 1828811,
            "gross_margin": 9.57,
            "gross_margin_4q_avg": 8.67,
            "net_income": 491278,
            "net_income_4q": null,
            "revenue": 19111779,
            "revenue_4q": null,
            "common_shares": 4946679,
            "book_valuer_per_share": 21.41,
            "book_valuer_per_share_4q_avg": 21.84,
            "equity": 14661619,
            "current_ratio": 141.53,
            "debt_ratio": 47.36,
            "inventory_turnover_ratio": 2.97,
            "account_receivable_turnover_ratio": 4,
            "reinvestment_rate": 185.96,
            "research_to_sale_ratio": -0,
            "price_fair": 92.7,
            "eps_avg_yearly": 2.65,
            "eps_latest_yearly": 3.36,
            "eps_growth_yearly": 72.38
        },
        "20104": {
            "year_quarter": 20104,
            "year": 2010,
            "quarter": 4,
            "eps": 0.7,
            "eps_growth_year": 288.92,
            "eps_4q": 2.36,
            "eps_4q_growth_year": -10.11,
            "roe": 3.79,
            "roe_4q": 10.59,
            "gross_profit": 1722386,
            "gross_margin": 8.78,
            "gross_margin_4q_avg": 8.88,
            "net_income": 557672,
            "net_income_4q": null,
            "revenue": 19606594,
            "revenue_4q": null,
            "common_shares": 4946679,
            "book_valuer_per_share": 21.79,
            "book_valuer_per_share_4q_avg": 21.84,
            "equity": 14783596,
            "current_ratio": 140.96,
            "debt_ratio": 47.55,
            "inventory_turnover_ratio": 2.78,
            "account_receivable_turnover_ratio": 3.83,
            "reinvestment_rate": 114.78,
            "research_to_sale_ratio": 0.03,
            "price_fair": 91.9,
            "eps_avg_yearly": 2.63,
            "eps_latest_yearly": 2.8,
            "eps_growth_yearly": 62.93
        },
        "20111": {
            "year_quarter": 20111,
            "year": 2011,
            "quarter": 1,
            "eps": 0.79,
            "eps_growth_year": 43.64,
            "eps_4q": 2.62,
            "eps_4q_growth_year": 22.54,
            "roe": 3.39,
            "roe_4q": 12.13,
            "gross_profit": 1833653,
            "gross_margin": 9.93,
            "gross_margin_4q_avg": 9.19,
            "net_income": 512184,
            "net_income_4q": null,
            "revenue": 18462470,
            "revenue_4q": null,
            "common_shares": 4946679,
            "book_valuer_per_share": 22.75,
            "book_valuer_per_share_4q_avg": 21.94,
            "equity": 15404727,
            "current_ratio": 144.02,
            "debt_ratio": 47.54,
            "inventory_turnover_ratio": 2.33,
            "account_receivable_turnover_ratio": 3.65,
            "reinvestment_rate": 176.84,
            "research_to_sale_ratio": 0.01,
            "price_fair": 93.7,
            "eps_avg_yearly": 2.68,
            "eps_latest_yearly": 3.16,
            "eps_growth_yearly": 72.83
        },
        "20112": {
            "year_quarter": 20112,
            "year": 2011,
            "quarter": 2,
            "eps": 0.52,
            "eps_growth_year": 75.76,
            "eps_4q": 2.72,
            "eps_4q_growth_year": 72.28,
            "roe": 2.81,
            "roe_4q": 13.38,
            "gross_profit": 1809184,
            "gross_margin": 9.24,
            "gross_margin_4q_avg": 9.38,
            "net_income": 427928,
            "net_income_4q": null,
            "revenue": 19585977,
            "revenue_4q": null,
            "common_shares": 4946679,
            "book_valuer_per_share": 21.96,
            "book_valuer_per_share_4q_avg": 21.98,
            "equity": 15020585,
            "current_ratio": 135.16,
            "debt_ratio": 51.8,
            "inventory_turnover_ratio": 2.53,
            "account_receivable_turnover_ratio": 3.86,
            "reinvestment_rate": 177.11,
            "research_to_sale_ratio": 0.02,
            "price_fair": 93.2,
            "eps_avg_yearly": 2.66,
            "eps_latest_yearly": 2.08,
            "eps_growth_yearly": 64.94
        },
        "20113": {
            "year_quarter": 20113,
            "year": 2011,
            "quarter": 3,
            "eps": 0.46,
            "eps_growth_year": -45.24,
            "eps_4q": 2.37,
            "eps_4q_growth_year": 29.78,
            "roe": 2.65,
            "roe_4q": 12.64,
            "gross_profit": 1934751,
            "gross_margin": 8.79,
            "gross_margin_4q_avg": 9.19,
            "net_income": 412682,
            "net_income_4q": null,
            "revenue": 22021894,
            "revenue_4q": null,
            "common_shares": 5194013,
            "book_valuer_per_share": 22.29,
            "book_valuer_per_share_4q_avg": 22.2,
            "equity": 16106205,
            "current_ratio": 129.84,
            "debt_ratio": 50.07,
            "inventory_turnover_ratio": 3.01,
            "account_receivable_turnover_ratio": 3.9,
            "reinvestment_rate": 196.62,
            "research_to_sale_ratio": -0,
            "price_fair": 89,
            "eps_avg_yearly": 2.54,
            "eps_latest_yearly": 1.84,
            "eps_growth_yearly": 46.1
        },
        "20114": {
            "year_quarter": 20114,
            "year": 2011,
            "quarter": 4,
            "eps": 0.49,
            "eps_growth_year": -30.16,
            "eps_4q": 2.2,
            "eps_4q_growth_year": -6.63,
            "roe": 2.58,
            "roe_4q": 11.430000000000001,
            "gross_profit": 1919977,
            "gross_margin": 8,
            "gross_margin_4q_avg": 8.99,
            "net_income": 421410,
            "net_income_4q": null,
            "revenue": 23992349,
            "revenue_4q": null,
            "common_shares": 5247491,
            "book_valuer_per_share": 22.4,
            "book_valuer_per_share_4q_avg": 22.35,
            "equity": 16597213,
            "current_ratio": 134.84,
            "debt_ratio": 49.6,
            "inventory_turnover_ratio": 2.98,
            "account_receivable_turnover_ratio": 3.94,
            "reinvestment_rate": 122.12,
            "research_to_sale_ratio": 0.02,
            "price_fair": 85.9,
            "eps_avg_yearly": 2.45,
            "eps_latest_yearly": 1.96,
            "eps_growth_yearly": 50.56
        },
        "20121": {
            "year_quarter": 20121,
            "year": 2012,
            "quarter": 1,
            "eps": 0.49,
            "eps_growth_year": -37.97,
            "eps_4q": 1.96,
            "eps_4q_growth_year": -25.4,
            "roe": 2.51,
            "roe_4q": 10.55,
            "gross_profit": 1858905,
            "gross_margin": 8.81,
            "gross_margin_4q_avg": 8.71,
            "net_income": 419378,
            "net_income_4q": null,
            "revenue": 21089000,
            "revenue_4q": null,
            "common_shares": 5247491,
            "book_valuer_per_share": 22.76,
            "book_valuer_per_share_4q_avg": 22.35,
            "equity": 16821747,
            "current_ratio": 140.49,
            "debt_ratio": 47.79,
            "inventory_turnover_ratio": 2.42,
            "account_receivable_turnover_ratio": 3.69,
            "reinvestment_rate": 135.96,
            "research_to_sale_ratio": 0.01,
            "price_fair": 81.2,
            "eps_avg_yearly": 2.32,
            "eps_latest_yearly": 1.96,
            "eps_growth_yearly": 44.85
        },
        "20122": {
            "year_quarter": 20122,
            "year": 2012,
            "quarter": 2,
            "eps": 0.2,
            "eps_growth_year": -61.22,
            "eps_4q": 1.57,
            "eps_4q_growth_year": -42.41,
            "roe": 1.32,
            "roe_4q": 9.06,
            "gross_profit": 1700553,
            "gross_margin": 8.08,
            "gross_margin_4q_avg": 8.42,
            "net_income": 217990,
            "net_income_4q": null,
            "revenue": 21045431,
            "revenue_4q": null,
            "common_shares": 5247491,
            "book_valuer_per_share": 21.78,
            "book_valuer_per_share_4q_avg": 22.31,
            "equity": 16246967,
            "current_ratio": 131.71,
            "debt_ratio": 51.7,
            "inventory_turnover_ratio": 2.57,
            "account_receivable_turnover_ratio": 3.74,
            "reinvestment_rate": 129.37,
            "research_to_sale_ratio": 0.01,
            "price_fair": 76.1,
            "eps_avg_yearly": 2.17,
            "eps_latest_yearly": 0.8,
            "eps_growth_yearly": 35.38
        },
        "20123": {
            "year_quarter": 20123,
            "year": 2012,
            "quarter": 3,
            "eps": 0.71,
            "eps_growth_year": 54.95,
            "eps_4q": 1.82,
            "eps_4q_growth_year": -23.52,
            "roe": 2.28,
            "roe_4q": 8.69,
            "gross_profit": 1954754,
            "gross_margin": 8.66,
            "gross_margin_4q_avg": 8.39,
            "net_income": 377865,
            "net_income_4q": null,
            "revenue": 22568544,
            "revenue_4q": null,
            "common_shares": 5509866,
            "book_valuer_per_share": 22.16,
            "book_valuer_per_share_4q_avg": 22.28,
            "equity": 16864277,
            "current_ratio": 133.87,
            "debt_ratio": 50.33,
            "inventory_turnover_ratio": 2.76,
            "account_receivable_turnover_ratio": 3.77,
            "reinvestment_rate": 115.17,
            "research_to_sale_ratio": 0.01,
            "price_fair": 76.3,
            "eps_avg_yearly": 2.18,
            "eps_latest_yearly": 2.84,
            "eps_growth_yearly": 109.04
        },
        "20124": {
            "year_quarter": 20124,
            "year": 2012,
            "quarter": 4,
            "eps": 0.03,
            "eps_growth_year": -93.45,
            "eps_4q": 1.4,
            "eps_4q_growth_year": -36.66,
            "roe": 0.54,
            "roe_4q": 6.6499999999999995,
            "gross_profit": 1433271,
            "gross_margin": 6.28,
            "gross_margin_4q_avg": 7.96,
            "net_income": 92052,
            "net_income_4q": null,
            "revenue": 22819624,
            "revenue_4q": null,
            "common_shares": 5664572,
            "book_valuer_per_share": 21.53,
            "book_valuer_per_share_4q_avg": 22.06,
            "equity": 16926053,
            "current_ratio": 136.5,
            "debt_ratio": 51.44,
            "inventory_turnover_ratio": 2.61,
            "account_receivable_turnover_ratio": 3.78,
            "reinvestment_rate": 109.32,
            "research_to_sale_ratio": 0.11,
            "price_fair": 71.49,
            "eps_avg_yearly": 2.04,
            "eps_latest_yearly": 0.12,
            "eps_growth_yearly": 76.23
        },
        "20131": {
            "year_quarter": 20131,
            "year": 2013,
            "quarter": 1,
            "eps": 0.45,
            "eps_growth_year": -8.16,
            "eps_4q": 1.39,
            "eps_4q_growth_year": -28.86,
            "roe": 1.69,
            "roe_4q": 5.83,
            "gross_profit": 1938861,
            "gross_margin": 9.08,
            "gross_margin_4q_avg": 8.03,
            "net_income": 291215,
            "net_income_4q": null,
            "revenue": 21357129,
            "revenue_4q": null,
            "common_shares": 5664572,
            "book_valuer_per_share": 22.44,
            "book_valuer_per_share_4q_avg": 21.98,
            "equity": 17501940,
            "current_ratio": 144.9,
            "debt_ratio": 50.34,
            "inventory_turnover_ratio": 2.43,
            "account_receivable_turnover_ratio": 3.6,
            "reinvestment_rate": 127.62,
            "research_to_sale_ratio": 0.09,
            "price_fair": 70.96,
            "eps_avg_yearly": 2.03,
            "eps_latest_yearly": 1.8,
            "eps_growth_yearly": 421.47
        },
        "20132": {
            "year_quarter": 20132,
            "year": 2013,
            "quarter": 2,
            "eps": 0.08,
            "eps_growth_year": -60.14,
            "eps_4q": 1.27,
            "eps_4q_growth_year": -18.87,
            "roe": -0.37,
            "roe_4q": 4.14,
            "gross_profit": 1611307,
            "gross_margin": 7.58,
            "gross_margin_4q_avg": 7.9,
            "net_income": -64171,
            "net_income_4q": null,
            "revenue": 21257781,
            "revenue_4q": null,
            "common_shares": 5664572,
            "book_valuer_per_share": 21.58,
            "book_valuer_per_share_4q_avg": 21.93,
            "equity": 17004559,
            "current_ratio": 146.99,
            "debt_ratio": 53.79,
            "inventory_turnover_ratio": 2.76,
            "account_receivable_turnover_ratio": 3.56,
            "reinvestment_rate": 151.13,
            "research_to_sale_ratio": 0.13,
            "price_fair": 64.84,
            "eps_avg_yearly": 1.85,
            "eps_latest_yearly": 0.32,
            "eps_growth_yearly": 408.02
        },
        "20133": {
            "year_quarter": 20133,
            "year": 2013,
            "quarter": 3,
            "eps": 0.63,
            "eps_growth_year": -11.5,
            "eps_4q": 1.19,
            "eps_4q_growth_year": -34.33,
            "roe": 2.47,
            "roe_4q": 4.33,
            "gross_profit": 2075858,
            "gross_margin": 9.03,
            "gross_margin_4q_avg": 7.99,
            "net_income": 423086,
            "net_income_4q": null,
            "revenue": 22984709,
            "revenue_4q": null,
            "common_shares": 5664572,
            "book_valuer_per_share": 22.14,
            "book_valuer_per_share_4q_avg": 21.92,
            "equity": 17273679,
            "current_ratio": 145.49,
            "debt_ratio": 53.75,
            "inventory_turnover_ratio": 3.08,
            "account_receivable_turnover_ratio": 3.87,
            "reinvestment_rate": 129.48,
            "research_to_sale_ratio": 0.05,
            "price_fair": 64.84,
            "eps_avg_yearly": 1.85,
            "eps_latest_yearly": 2.52,
            "eps_growth_yearly": 584.71
        },
        "20134": {
            "year_quarter": 20134,
            "year": 2013,
            "quarter": 4,
            "eps": 2.25,
            "eps_growth_year": 6939.03,
            "eps_4q": 3.42,
            "eps_4q_growth_year": 144.64,
            "roe": 8.91,
            "roe_4q": 12.700000000000001,
            "gross_profit": 2029222,
            "gross_margin": 8.16,
            "gross_margin_4q_avg": 8.46,
            "net_income": 1606510,
            "net_income_4q": null,
            "revenue": 24878398,
            "revenue_4q": null,
            "common_shares": 5664572,
            "book_valuer_per_share": 24,
            "book_valuer_per_share_4q_avg": 22.54,
            "equity": 18788276,
            "current_ratio": 141.61,
            "debt_ratio": 51.15,
            "inventory_turnover_ratio": 3.1,
            "account_receivable_turnover_ratio": 4.41,
            "reinvestment_rate": 116.51,
            "research_to_sale_ratio": 0.17,
            "price_fair": 82.95,
            "eps_avg_yearly": 2.37,
            "eps_latest_yearly": 9,
            "eps_growth_yearly": 666.85
        },
        "20141": {
            "year_quarter": 20141,
            "year": 2014,
            "quarter": 1,
            "eps": 0.68,
            "eps_growth_year": 51.11,
            "eps_4q": 3.64,
            "eps_4q_growth_year": 161.72,
            "roe": 1.92,
            "roe_4q": 12.930000000000001,
            "gross_profit": 2163160,
            "gross_margin": 9.95,
            "gross_margin_4q_avg": 8.68,
            "net_income": 367411,
            "net_income_4q": null,
            "revenue": 21742705,
            "revenue_4q": null,
            "common_shares": 5664572,
            "book_valuer_per_share": 25.01,
            "book_valuer_per_share_4q_avg": 23.18,
            "equity": 19417543,
            "current_ratio": 146.49,
            "debt_ratio": 49.66,
            "inventory_turnover_ratio": 2.53,
            "account_receivable_turnover_ratio": 4.16,
            "reinvestment_rate": 118.79,
            "research_to_sale_ratio": 0.11,
            "price_fair": 84.09,
            "eps_avg_yearly": 2.4,
            "eps_latest_yearly": 2.72,
            "eps_growth_yearly": 598.02
        },
        "20142": {
            "year_quarter": 20142,
            "year": 2014,
            "quarter": 2,
            "eps": 0.6,
            "eps_growth_year": 650,
            "eps_4q": 3.15,
            "eps_4q_growth_year": 147.1,
            "roe": 1.98,
            "roe_4q": 15.280000000000001,
            "gross_profit": 2089442,
            "gross_margin": 9.22,
            "gross_margin_4q_avg": 9.09,
            "net_income": 383417,
            "net_income_4q": null,
            "revenue": 22672001,
            "revenue_4q": null,
            "common_shares": 5664572,
            "book_valuer_per_share": 24.99,
            "book_valuer_per_share_4q_avg": 24.04,
            "equity": 19291925,
            "current_ratio": 142.85,
            "debt_ratio": 52.02,
            "inventory_turnover_ratio": 2.72,
            "account_receivable_turnover_ratio": 4.11,
            "reinvestment_rate": 116.49,
            "research_to_sale_ratio": 0.11,
            "price_fair": 86.8,
            "eps_avg_yearly": 2.48,
            "eps_latest_yearly": 2.4,
            "eps_growth_yearly": 606.89
        },
        "20143": {
            "year_quarter": 20143,
            "year": 2014,
            "quarter": 3,
            "eps": 0.73,
            "eps_growth_year": 15.87,
            "eps_4q": 3.44,
            "eps_4q_growth_year": 188.66,
            "roe": 2.78,
            "roe_4q": 15.59,
            "gross_profit": 1940416,
            "gross_margin": 8.41,
            "gross_margin_4q_avg": 8.94,
            "net_income": 542341,
            "net_income_4q": null,
            "revenue": 23067717,
            "revenue_4q": null,
            "common_shares": 7363944,
            "book_valuer_per_share": 19.84,
            "book_valuer_per_share_4q_avg": 23.46,
            "equity": 19768283,
            "current_ratio": 130.91,
            "debt_ratio": 51.62,
            "inventory_turnover_ratio": 2.74,
            "account_receivable_turnover_ratio": 3.76,
            "reinvestment_rate": 117.56,
            "research_to_sale_ratio": 0.13,
            "price_fair": 85.84,
            "eps_avg_yearly": 2.45,
            "eps_latest_yearly": 2.92,
            "eps_growth_yearly": 564.9
        },
        "20144": {
            "year_quarter": 20144,
            "year": 2014,
            "quarter": 4,
            "eps": -0.01,
            "eps_growth_year": -100.3,
            "eps_4q": 1.7,
            "eps_4q_growth_year": -50.2,
            "roe": -1.48,
            "roe_4q": 5.199999999999999,
            "gross_profit": 1804941,
            "gross_margin": 7.44,
            "gross_margin_4q_avg": 8.76,
            "net_income": -293592,
            "net_income_4q": null,
            "revenue": 24258497,
            "revenue_4q": null,
            "common_shares": 7363944,
            "book_valuer_per_share": 20.19,
            "book_valuer_per_share_4q_avg": 22.51,
            "equity": 19944399,
            "current_ratio": 136.03,
            "debt_ratio": 51.82,
            "inventory_turnover_ratio": 2.89,
            "account_receivable_turnover_ratio": 3.95,
            "reinvestment_rate": 145.38,
            "research_to_sale_ratio": 0.19,
            "price_fair": 85.03,
            "eps_avg_yearly": 2.43,
            "eps_latest_yearly": 2.92,
            "eps_growth_yearly": 607
        },
        "20151": {
            "year_quarter": 20151,
            "year": 2015,
            "quarter": 1,
            "eps": 0.23,
            "eps_growth_year": -66.18,
            "eps_4q": 1.41,
            "eps_4q_growth_year": -61.28,
            "roe": 0.45,
            "roe_4q": 3.7299999999999995,
            "gross_profit": 1867194,
            "gross_margin": 9.3,
            "gross_margin_4q_avg": 8.59,
            "net_income": 89692,
            "net_income_4q": null,
            "revenue": 20079300,
            "revenue_4q": null,
            "common_shares": 7363944,
            "book_valuer_per_share": 20.69,
            "book_valuer_per_share_4q_avg": 21.43,
            "equity": 20121996,
            "current_ratio": 136.37,
            "debt_ratio": 51.49,
            "inventory_turnover_ratio": 2.35,
            "account_receivable_turnover_ratio": 3.54,
            "reinvestment_rate": 141.16,
            "research_to_sale_ratio": 0.13,
            "price_fair": 83.2,
            "eps_avg_yearly": 2.38,
            "eps_latest_yearly": 2.92,
            "eps_growth_yearly": 646.68
        },
        "20152": {
            "year_quarter": 20152,
            "year": 2015,
            "quarter": 2,
            "eps": 0.14,
            "eps_growth_year": -76.67,
            "eps_4q": 1.09,
            "eps_4q_growth_year": -65.23,
            "roe": 0.71,
            "roe_4q": 2.46,
            "gross_profit": 1959202,
            "gross_margin": 10.47,
            "gross_margin_4q_avg": 8.91,
            "net_income": 139412,
            "net_income_4q": null,
            "revenue": 18716305,
            "revenue_4q": null,
            "common_shares": 7363944,
            "book_valuer_per_share": 19.31,
            "book_valuer_per_share_4q_avg": 20.01,
            "equity": 19155682,
            "current_ratio": 130.45,
            "debt_ratio": 52.04,
            "inventory_turnover_ratio": 2.41,
            "account_receivable_turnover_ratio": 3.43,
            "reinvestment_rate": 137.3,
            "research_to_sale_ratio": 0.15,
            "price_fair": 79.4,
            "eps_avg_yearly": 2.27,
            "eps_latest_yearly": 0.56,
            "eps_growth_yearly": 645.27
        },
        "20153": {
            "year_quarter": 20153,
            "year": 2015,
            "quarter": 3,
            "eps": 0.5,
            "eps_growth_year": -31.51,
            "eps_4q": 0.87,
            "eps_4q_growth_year": -74.74,
            "roe": 2.01,
            "roe_4q": 1.69,
            "gross_profit": 2371344,
            "gross_margin": 11.9,
            "gross_margin_4q_avg": 9.78,
            "net_income": 390722,
            "net_income_4q": null,
            "revenue": 19927554,
            "revenue_4q": null,
            "common_shares": 7363944,
            "book_valuer_per_share": 20.1,
            "book_valuer_per_share_4q_avg": 20.07,
            "equity": 19758503,
            "current_ratio": 133.71,
            "debt_ratio": 51.24,
            "inventory_turnover_ratio": 2.89,
            "account_receivable_turnover_ratio": 3.4,
            "reinvestment_rate": 122.13,
            "research_to_sale_ratio": 0.13,
            "price_fair": 79.8,
            "eps_avg_yearly": 2.28,
            "eps_latest_yearly": 2,
            "eps_growth_yearly": 722.03
        },
        "20154": {
            "year_quarter": 20154,
            "year": 2015,
            "quarter": 4,
            "eps": -0.01,
            "eps_growth_year": null,
            "eps_4q": 0.87,
            "eps_4q_growth_year": -49.13,
            "roe": -0.69,
            "roe_4q": 2.48,
            "gross_profit": 2206382,
            "gross_margin": 11.3,
            "gross_margin_4q_avg": 10.74,
            "net_income": -133611,
            "net_income_4q": null,
            "revenue": 19529008,
            "revenue_4q": null,
            "common_shares": 7363944,
            "book_valuer_per_share": 19.95,
            "book_valuer_per_share_4q_avg": 20.01,
            "equity": 19248606,
            "current_ratio": 123.09,
            "debt_ratio": 51.91,
            "inventory_turnover_ratio": 2.7,
            "account_receivable_turnover_ratio": 3.32,
            "reinvestment_rate": 105.62,
            "research_to_sale_ratio": 0.13,
            "price_fair": 80.66,
            "eps_avg_yearly": 2.3,
            "eps_latest_yearly": 2,
            "eps_growth_yearly": 775.57
        },
        "20161": {
            "year_quarter": 20161,
            "year": 2016,
            "quarter": 1,
            "eps": 0.73,
            "eps_growth_year": 217.39,
            "eps_4q": 1.36,
            "eps_4q_growth_year": -3.3,
            "roe": 3.06,
            "roe_4q": 5.09,
            "gross_profit": 2416264,
            "gross_margin": 13.62,
            "gross_margin_4q_avg": 11.82,
            "net_income": 597271,
            "net_income_4q": null,
            "revenue": 17743529,
            "revenue_4q": null,
            "common_shares": 7363944,
            "book_valuer_per_share": 20.65,
            "book_valuer_per_share_4q_avg": 20,
            "equity": 19762567,
            "current_ratio": 124.42,
            "debt_ratio": 48.84,
            "inventory_turnover_ratio": 2.43,
            "account_receivable_turnover_ratio": 3.24,
            "reinvestment_rate": 90.8,
            "research_to_sale_ratio": 0.14,
            "price_fair": 81.67,
            "eps_avg_yearly": 2.33,
            "eps_latest_yearly": 2,
            "eps_growth_yearly": 840.2
        },
        "20162": {
            "year_quarter": 20162,
            "year": 2016,
            "quarter": 2,
            "eps": 0.77,
            "eps_growth_year": 450,
            "eps_4q": 1.99,
            "eps_4q_growth_year": 82.11,
            "roe": 3.29,
            "roe_4q": 7.67,
            "gross_profit": 2409009,
            "gross_margin": 13.07,
            "gross_margin_4q_avg": 12.47,
            "net_income": 647002,
            "net_income_4q": null,
            "revenue": 18428958,
            "revenue_4q": null,
            "common_shares": 7363944,
            "book_valuer_per_share": 20.45,
            "book_valuer_per_share_4q_avg": 20.29,
            "equity": 19620494,
            "current_ratio": 122.05,
            "debt_ratio": 48.56,
            "inventory_turnover_ratio": 2.8,
            "account_receivable_turnover_ratio": 3.48,
            "reinvestment_rate": 74,
            "research_to_sale_ratio": 0.12,
            "price_fair": 88.32,
            "eps_avg_yearly": 2.52,
            "eps_latest_yearly": 3.08,
            "eps_growth_yearly": 861.75
        },
        "20163": {
            "year_quarter": 20163,
            "year": 2016,
            "quarter": 3,
            "eps": 0.83,
            "eps_growth_year": 66,
            "eps_4q": 2.32,
            "eps_4q_growth_year": 167.17,
            "roe": 3.77,
            "roe_4q": 9.430000000000001,
            "gross_profit": 2472506,
            "gross_margin": 12.85,
            "gross_margin_4q_avg": 12.71,
            "net_income": 744922,
            "net_income_4q": null,
            "revenue": 19248564,
            "revenue_4q": null,
            "common_shares": 7363944,
            "book_valuer_per_share": 21.1,
            "book_valuer_per_share_4q_avg": 20.54,
            "equity": 19860752,
            "current_ratio": 124.11,
            "debt_ratio": 47.62,
            "inventory_turnover_ratio": 2.82,
            "account_receivable_turnover_ratio": 3.53,
            "reinvestment_rate": 55.94,
            "research_to_sale_ratio": 0.18,
            "price_fair": 89.72,
            "eps_avg_yearly": 2.56,
            "eps_latest_yearly": 3.32,
            "eps_growth_yearly": 779.35
        },
        "20164": {
            "year_quarter": 20164,
            "year": 2016,
            "quarter": 4,
            "eps": 0.68,
            "eps_growth_year": null,
            "eps_4q": 3.01,
            "eps_4q_growth_year": 248.06,
            "roe": 2.86,
            "roe_4q": 12.98,
            "gross_profit": 2629895,
            "gross_margin": 12.91,
            "gross_margin_4q_avg": 13.11,
            "net_income": 572067,
            "net_income_4q": null,
            "revenue": 20374609,
            "revenue_4q": null,
            "common_shares": 7363944,
            "book_valuer_per_share": 21.61,
            "book_valuer_per_share_4q_avg": 20.95,
            "equity": 20183014,
            "current_ratio": 123.35,
            "debt_ratio": 46.7,
            "inventory_turnover_ratio": 2.71,
            "account_receivable_turnover_ratio": 3.5,
            "reinvestment_rate": 37.56,
            "research_to_sale_ratio": 0.15,
            "price_fair": 97.3,
            "eps_avg_yearly": 2.78,
            "eps_latest_yearly": 2.72,
            "eps_growth_yearly": 805.25
        },
        "20171": {
            "year_quarter": 20171,
            "year": 2017,
            "quarter": 1,
            "eps": 0.74,
            "eps_growth_year": 1.37,
            "eps_4q": 3.02,
            "eps_4q_growth_year": 121.29,
            "roe": 3.11,
            "roe_4q": 13.030000000000001,
            "gross_profit": 2520529,
            "gross_margin": 13.42,
            "gross_margin_4q_avg": 13.06,
            "net_income": 630550,
            "net_income_4q": null,
            "revenue": 18781077,
            "revenue_4q": null,
            "common_shares": 7363944,
            "book_valuer_per_share": 22.06,
            "book_valuer_per_share_4q_avg": 21.31,
            "equity": 20397119,
            "current_ratio": 127.07,
            "debt_ratio": 46.31,
            "inventory_turnover_ratio": 2.39,
            "account_receivable_turnover_ratio": 3.22,
            "reinvestment_rate": 20.7,
            "research_to_sale_ratio": 0.16,
            "price_fair": 100.68,
            "eps_avg_yearly": 2.88,
            "eps_latest_yearly": 2.96,
            "eps_growth_yearly": 341.53
        },
        "20172": {
            "year_quarter": 20172,
            "year": 2017,
            "quarter": 2,
            "eps": 0.55,
            "eps_growth_year": -28.57,
            "eps_4q": 2.8,
            "eps_4q_growth_year": 40.81,
            "roe": 1.84,
            "roe_4q": 11.58,
            "gross_profit": 2319291,
            "gross_margin": 12.91,
            "gross_margin_4q_avg": 13.02,
            "net_income": 372578,
            "net_income_4q": null,
            "revenue": 17959990,
            "revenue_4q": null,
            "common_shares": 7363944,
            "book_valuer_per_share": 21.29,
            "book_valuer_per_share_4q_avg": 21.52,
            "equity": 20078776,
            "current_ratio": 120.86,
            "debt_ratio": 46.76,
            "inventory_turnover_ratio": 2.34,
            "account_receivable_turnover_ratio": 3.19,
            "reinvestment_rate": 22.39,
            "research_to_sale_ratio": 0.2,
            "price_fair": 106.17,
            "eps_avg_yearly": 3.03,
            "eps_latest_yearly": 2.2,
            "eps_growth_yearly": 360.38
        },
        "20173": {
            "year_quarter": 20173,
            "year": 2017,
            "quarter": 3,
            "eps": 0.95,
            "eps_growth_year": 14.46,
            "eps_4q": 2.92,
            "eps_4q_growth_year": 25.75,
            "roe": 3.71,
            "roe_4q": 11.52,
            "gross_profit": 2716332,
            "gross_margin": 14.13,
            "gross_margin_4q_avg": 13.34,
            "net_income": 759090,
            "net_income_4q": null,
            "revenue": 19225965,
            "revenue_4q": null,
            "common_shares": 7363944,
            "book_valuer_per_share": 22.36,
            "book_valuer_per_share_4q_avg": 21.83,
            "equity": 20820376,
            "current_ratio": 123.27,
            "debt_ratio": 46.15,
            "inventory_turnover_ratio": 2.52,
            "account_receivable_turnover_ratio": 3.31,
            "reinvestment_rate": 26.03,
            "research_to_sale_ratio": 0.18,
            "price_fair": 109.9,
            "eps_avg_yearly": 3.14,
            "eps_latest_yearly": 3.8,
            "eps_growth_yearly": 155.45
        },
        "20174": {
            "year_quarter": 20174,
            "year": 2017,
            "quarter": 4,
            "eps": 1.03,
            "eps_growth_year": 52.29,
            "eps_4q": 3.28,
            "eps_4q_growth_year": 8.77,
            "roe": 4.19,
            "roe_4q": 12.85,
            "gross_profit": 2676581,
            "gross_margin": 13.41,
            "gross_margin_4q_avg": 13.47,
            "net_income": 890394,
            "net_income_4q": null,
            "revenue": 19963982,
            "revenue_4q": null,
            "common_shares": 7363944,
            "book_valuer_per_share": 23.41,
            "book_valuer_per_share_4q_avg": 22.28,
            "equity": 21722937,
            "current_ratio": 131.49,
            "debt_ratio": 46.69,
            "inventory_turnover_ratio": 2.51,
            "account_receivable_turnover_ratio": 3.28,
            "reinvestment_rate": 15.36,
            "research_to_sale_ratio": 0.18,
            "price_fair": 95.67,
            "eps_avg_yearly": 2.73,
            "eps_latest_yearly": 4.12,
            "eps_growth_yearly": 72.54
        },
        "20181": {
            "year_quarter": 20181,
            "year": 2018,
            "quarter": 1,
            "eps": 1.16,
            "eps_growth_year": 56.76,
            "eps_4q": 3.7,
            "eps_4q_growth_year": 22.6,
            "roe": 4.16,
            "roe_4q": 13.900000000000002,
            "gross_profit": 2552191,
            "gross_margin": 14.9,
            "gross_margin_4q_avg": 13.84,
            "net_income": 924252,
            "net_income_4q": null,
            "revenue": 17123119,
            "revenue_4q": null,
            "common_shares": 7363944,
            "book_valuer_per_share": 24.74,
            "book_valuer_per_share_4q_avg": 22.95,
            "equity": 22692839,
            "current_ratio": 135.86,
            "debt_ratio": 44.92,
            "inventory_turnover_ratio": 2.1,
            "account_receivable_turnover_ratio": 2.9,
            "reinvestment_rate": -2.99,
            "research_to_sale_ratio": 0.18,
            "price_fair": 101.27,
            "eps_avg_yearly": 2.89,
            "eps_latest_yearly": 4.64,
            "eps_growth_yearly": 100.01
        },
        "20182": {
            "year_quarter": 20182,
            "year": 2018,
            "quarter": 2,
            "eps": 0.48,
            "eps_growth_year": -12.73,
            "eps_4q": 3.37,
            "eps_4q_growth_year": 20.01,
            "roe": 1.72,
            "roe_4q": 13.780000000000001,
            "gross_profit": 2432541,
            "gross_margin": 13.62,
            "gross_margin_4q_avg": 14.02,
            "net_income": 379992,
            "net_income_4q": null,
            "revenue": 17861051,
            "revenue_4q": null,
            "common_shares": 7363944,
            "book_valuer_per_share": 22.96,
            "book_valuer_per_share_4q_avg": 23.37,
            "equity": 21471784,
            "current_ratio": 124.82,
            "debt_ratio": 48.57,
            "inventory_turnover_ratio": 2.3,
            "account_receivable_turnover_ratio": 3.13,
            "reinvestment_rate": -7.01,
            "research_to_sale_ratio": 0.2,
            "price_fair": 99.87,
            "eps_avg_yearly": 2.85,
            "eps_latest_yearly": 1.92,
            "eps_growth_yearly": 84.39
        },
        "20183": {
            "year_quarter": 20183,
            "year": 2018,
            "quarter": 3,
            "eps": 0.59,
            "eps_growth_year": -37.89,
            "eps_4q": 3.09,
            "eps_4q_growth_year": 5.72,
            "roe": 2.48,
            "roe_4q": 12.55,
            "gross_profit": 2590353,
            "gross_margin": 14.1,
            "gross_margin_4q_avg": 14.01,
            "net_income": 534279,
            "net_income_4q": null,
            "revenue": 18377271,
            "revenue_4q": null,
            "common_shares": 7879420,
            "book_valuer_per_share": 21.95,
            "book_valuer_per_share_4q_avg": 23.27,
            "equity": 21632766,
            "current_ratio": 127.53,
            "debt_ratio": 48.71,
            "inventory_turnover_ratio": 2.23,
            "account_receivable_turnover_ratio": 3.06,
            "reinvestment_rate": -12.28,
            "research_to_sale_ratio": 0.17,
            "price_fair": 98.23,
            "eps_avg_yearly": 2.81,
            "eps_latest_yearly": 2.36,
            "eps_growth_yearly": 84.81
        },
        "20184": {
            "year_quarter": 20184,
            "year": 2018,
            "quarter": 4,
            "eps": 0.62,
            "eps_growth_year": -39.55,
            "eps_4q": 2.75,
            "eps_4q_growth_year": -16.1,
            "roe": 2.62,
            "roe_4q": 10.98,
            "gross_profit": 2513010,
            "gross_margin": 13.17,
            "gross_margin_4q_avg": 13.95,
            "net_income": 575084,
            "net_income_4q": null,
            "revenue": 19081492,
            "revenue_4q": null,
            "common_shares": 7879420,
            "book_valuer_per_share": 22.52,
            "book_valuer_per_share_4q_avg": 23.04,
            "equity": 22222633,
            "current_ratio": 125.42,
            "debt_ratio": 47.74,
            "inventory_turnover_ratio": 2.22,
            "account_receivable_turnover_ratio": 3.09,
            "reinvestment_rate": -14.82,
            "research_to_sale_ratio": -0.28,
            "price_fair": 97.35,
            "eps_avg_yearly": 2.78,
            "eps_latest_yearly": 2.48,
            "eps_growth_yearly": 79.85
        },
        "20191": {
            "year_quarter": 20191,
            "year": 2019,
            "quarter": 1,
            "eps": 0.65,
            "eps_growth_year": -43.97,
            "eps_4q": 2.28,
            "eps_4q_growth_year": -38.43,
            "roe": 2.18,
            "roe_4q": 9.000000000000002,
            "gross_profit": 2655076,
            "gross_margin": 14.6,
            "gross_margin_4q_avg": 13.87,
            "net_income": 499745,
            "net_income_4q": null,
            "revenue": 18186187,
            "revenue_4q": null,
            "common_shares": 7879420,
            "book_valuer_per_share": 23.66,
            "book_valuer_per_share_4q_avg": 22.77,
            "equity": 23534584,
            "current_ratio": 122.93,
            "debt_ratio": 47.37,
            "inventory_turnover_ratio": 2.17,
            "account_receivable_turnover_ratio": 3.02,
            "reinvestment_rate": 10.87,
            "research_to_sale_ratio": 0.17,
            "price_fair": 96.9,
            "eps_avg_yearly": 2.77,
            "eps_latest_yearly": 2.6,
            "eps_growth_yearly": 75.53
        },
        "20192": {
            "year_quarter": 20192,
            "year": 2019,
            "quarter": 2,
            "eps": 0.77,
            "eps_growth_year": 60.42,
            "eps_4q": 2.48,
            "eps_4q_growth_year": -26.38,
            "roe": 3.04,
            "roe_4q": 10.32,
            "gross_profit": 2823082,
            "gross_margin": 14.87,
            "gross_margin_4q_avg": 14.19,
            "net_income": 713745,
            "net_income_4q": null,
            "revenue": 18983549,
            "revenue_4q": null,
            "common_shares": 7879420,
            "book_valuer_per_share": 23.38,
            "book_valuer_per_share_4q_avg": 22.88,
            "equity": 23377772,
            "current_ratio": 110.78,
            "debt_ratio": 49.58,
            "inventory_turnover_ratio": 2.41,
            "account_receivable_turnover_ratio": 3.16,
            "reinvestment_rate": 26.6,
            "research_to_sale_ratio": 0.13,
            "price_fair": 103.2,
            "eps_avg_yearly": 2.95,
            "eps_latest_yearly": 3.08,
            "eps_growth_yearly": 91.98
        },
        "20193": {
            "year_quarter": 20193,
            "year": 2019,
            "quarter": 3,
            "eps": 0.97,
            "eps_growth_year": 64.41,
            "eps_4q": 2.9,
            "eps_4q_growth_year": -6.24,
            "roe": 4.13,
            "roe_4q": 11.969999999999999,
            "gross_profit": 3188685,
            "gross_margin": 16.27,
            "gross_margin_4q_avg": 14.73,
            "net_income": 974568,
            "net_income_4q": null,
            "revenue": 19603514,
            "revenue_4q": null,
            "common_shares": 8273391,
            "book_valuer_per_share": 22.84,
            "book_valuer_per_share_4q_avg": 23.1,
            "equity": 23807214,
            "current_ratio": 108.65,
            "debt_ratio": 49.99,
            "inventory_turnover_ratio": 2.29,
            "account_receivable_turnover_ratio": 3.18,
            "reinvestment_rate": 24.82,
            "research_to_sale_ratio": 0.21,
            "price_fair": 107.9,
            "eps_avg_yearly": 3.08,
            "eps_latest_yearly": 3.88,
            "eps_growth_yearly": 25.93
        },
        "20194": {
            "year_quarter": 20194,
            "year": 2019,
            "quarter": 4,
            "eps": 0.61,
            "eps_growth_year": -2.54,
            "eps_4q": 2.92,
            "eps_4q_growth_year": 6.26,
            "roe": 3.27,
            "roe_4q": 12.620000000000001,
            "gross_profit": 3064412,
            "gross_margin": 14.59,
            "gross_margin_4q_avg": 15.08,
            "net_income": 785969,
            "net_income_4q": null,
            "revenue": 20996736,
            "revenue_4q": null,
            "common_shares": 8273391,
            "book_valuer_per_share": 23.31,
            "book_valuer_per_share_4q_avg": 23.3,
            "equity": 24324519,
            "current_ratio": 105.52,
            "debt_ratio": 48.57,
            "inventory_turnover_ratio": 2.33,
            "account_receivable_turnover_ratio": 3.43,
            "reinvestment_rate": 36.25,
            "research_to_sale_ratio": 0.32,
            "price_fair": 73.9,
            "eps_avg_yearly": 3.04,
            "eps_latest_yearly": 2.44,
            "eps_growth_yearly": 14.31
        },
        "20201": {
            "year_quarter": 20201,
            "year": 2020,
            "quarter": 1,
            "eps": 0.72,
            "eps_growth_year": 10.77,
            "eps_4q": 3.02,
            "eps_4q_growth_year": 32.68,
            "roe": 3.15,
            "roe_4q": 13.59,
            "gross_profit": 2710001,
            "gross_margin": 14.78,
            "gross_margin_4q_avg": 15.13,
            "net_income": 741215,
            "net_income_4q": null,
            "revenue": 18331788,
            "revenue_4q": null,
            "common_shares": 8273391,
            "book_valuer_per_share": 21.32,
            "book_valuer_per_share_4q_avg": 22.71,
            "equity": 22744813,
            "current_ratio": 99.2,
            "debt_ratio": 52.69,
            "inventory_turnover_ratio": 2.1,
            "account_receivable_turnover_ratio": 3.09,
            "reinvestment_rate": 45.23,
            "research_to_sale_ratio": 0.24,
            "price_fair": 84.61,
            "eps_avg_yearly": 3.03,
            "eps_latest_yearly": 2.88,
            "eps_growth_yearly": 17.92
        },
        "20202": {
            "year_quarter": 20202,
            "year": 2020,
            "quarter": 2,
            "eps": 0.94,
            "eps_growth_year": 22.08,
            "eps_4q": 3.24,
            "eps_4q_growth_year": 30.57,
            "roe": 4.03,
            "roe_4q": 14.579999999999998,
            "gross_profit": 2891616,
            "gross_margin": 15.1,
            "gross_margin_4q_avg": 15.19,
            "net_income": 954154,
            "net_income_4q": null,
            "revenue": 19151472,
            "revenue_4q": null,
            "common_shares": 8273391,
            "book_valuer_per_share": 22.49,
            "book_valuer_per_share_4q_avg": 22.49,
            "equity": 24555572,
            "current_ratio": 104.38,
            "debt_ratio": 50.34,
            "inventory_turnover_ratio": 2.25,
            "account_receivable_turnover_ratio": 3.25,
            "reinvestment_rate": 47.73,
            "research_to_sale_ratio": 0.12,
            "price_fair": 105.05,
            "eps_avg_yearly": 3.07,
            "eps_latest_yearly": 3.76,
            "eps_growth_yearly": 24.19
        },
        "20203": {
            "year_quarter": 20203,
            "year": 2020,
            "quarter": 3,
            "eps": 1.28,
            "eps_growth_year": 31.96,
            "eps_4q": 3.54,
            "eps_4q_growth_year": 22.4,
            "roe": 5.18,
            "roe_4q": 15.63,
            "gross_profit": 3423204,
            "gross_margin": 16.48,
            "gross_margin_4q_avg": 15.24,
            "net_income": 1316373,
            "net_income_4q": null,
            "revenue": 20769412,
            "revenue_4q": null,
            "common_shares": 8273391,
            "book_valuer_per_share": 24.02,
            "book_valuer_per_share_4q_avg": 22.79,
            "equity": 26251218,
            "current_ratio": 112.08,
            "debt_ratio": 49.02,
            "inventory_turnover_ratio": 2.19,
            "account_receivable_turnover_ratio": 3.45,
            "reinvestment_rate": 55.5,
            "research_to_sale_ratio": 0.19,
            "price_fair": 111.48,
            "eps_avg_yearly": 3.19,
            "eps_latest_yearly": 5.12,
            "eps_growth_yearly": 31.29
        },
        "20204": {
            "year_quarter": 20204,
            "year": 2020,
            "quarter": 4,
            "eps": 1.06,
            "eps_growth_year": 73.76,
            "eps_4q": 3.99,
            "eps_4q_growth_year": 36.72,
            "roe": 3.92,
            "roe_4q": 16.279999999999998,
            "gross_profit": 3237408,
            "gross_margin": 13.84,
            "gross_margin_4q_avg": 15.05,
            "net_income": 1060604,
            "net_income_4q": null,
            "revenue": 23398220,
            "revenue_4q": null,
            "common_shares": 8273391,
            "book_valuer_per_share": 25.81,
            "book_valuer_per_share_4q_avg": 23.41,
            "equity": 27886752,
            "current_ratio": 111.21,
            "debt_ratio": 46.05,
            "inventory_turnover_ratio": 2.45,
            "account_receivable_turnover_ratio": 3.76,
            "reinvestment_rate": 62.02,
            "research_to_sale_ratio": 0.27,
            "price_fair": 114.8,
            "eps_avg_yearly": 3.28,
            "eps_latest_yearly": 4.24,
            "eps_growth_yearly": 31.51
        },
        "20211": {
            "year_quarter": 20211,
            "year": 2021,
            "quarter": 1,
            "eps": 1.01,
            "eps_growth_year": 40.28,
            "eps_4q": 4.28,
            "eps_4q_growth_year": 41.77,
            "roe": 3.4,
            "roe_4q": 16.53,
            "gross_profit": 3130995,
            "gross_margin": 13.83,
            "gross_margin_4q_avg": 14.81,
            "net_income": 923265,
            "net_income_4q": null,
            "revenue": 22637984,
            "revenue_4q": null,
            "common_shares": 8273391,
            "book_valuer_per_share": 23.88,
            "book_valuer_per_share_4q_avg": 24.05,
            "equity": 26477509,
            "current_ratio": 101.93,
            "debt_ratio": 51.18,
            "inventory_turnover_ratio": 2.4,
            "account_receivable_turnover_ratio": 3.42,
            "reinvestment_rate": 64.08,
            "research_to_sale_ratio": 0.15,
            "price_fair": 117.16,
            "eps_avg_yearly": 3.35,
            "eps_latest_yearly": 4.04,
            "eps_growth_yearly": 28.12
        },
        "20212": {
            "year_quarter": 20212,
            "year": 2021,
            "quarter": 2,
            "eps": 0.51,
            "eps_growth_year": -45.74,
            "eps_4q": 3.73,
            "eps_4q_growth_year": 15.38,
            "roe": 1.46,
            "roe_4q": 13.959999999999999,
            "gross_profit": 2470357,
            "gross_margin": 9.11,
            "gross_margin_4q_avg": 13.32,
            "net_income": 389114,
            "net_income_4q": null,
            "revenue": 27116530,
            "revenue_4q": null,
            "common_shares": 8521593,
            "book_valuer_per_share": 24.04,
            "book_valuer_per_share_4q_avg": 24.44,
            "equity": 26932893,
            "current_ratio": 101.22,
            "debt_ratio": 50.97,
            "inventory_turnover_ratio": 3.02,
            "account_receivable_turnover_ratio": 3.9,
            "reinvestment_rate": 62.42,
            "research_to_sale_ratio": 0.11,
            "price_fair": 107.35,
            "eps_avg_yearly": 3.34,
            "eps_latest_yearly": 2.04,
            "eps_growth_yearly": 22.17
        },
        "20213": {
            "year_quarter": 20213,
            "year": 2021,
            "quarter": 3,
            "eps": 0.37,
            "eps_growth_year": -71.09,
            "eps_4q": 2.87,
            "eps_4q_growth_year": -19.11,
            "roe": 1.35,
            "roe_4q": 10.129999999999999,
            "gross_profit": 2475147,
            "gross_margin": 9.51,
            "gross_margin_4q_avg": 11.57,
            "net_income": 364492,
            "net_income_4q": null,
            "revenue": 26025464,
            "revenue_4q": null,
            "common_shares": 8521593,
            "book_valuer_per_share": 24.38,
            "book_valuer_per_share_4q_avg": 24.53,
            "equity": 27190088,
            "current_ratio": 101.41,
            "debt_ratio": 49.65,
            "inventory_turnover_ratio": 2.9,
            "account_receivable_turnover_ratio": 3.86,
            "reinvestment_rate": 62.59,
            "research_to_sale_ratio": 0.14,
            "price_fair": 9.58,
            "eps_avg_yearly": 3.19,
            "eps_latest_yearly": 1.48,
            "eps_growth_yearly": -2.88
        },
        "20214": {
            "year_quarter": 20214,
            "year": 2021,
            "quarter": 4,
            "eps": 0.48,
            "eps_growth_year": -54.63,
            "eps_4q": 2.32,
            "eps_4q_growth_year": -41.87,
            "roe": 2.13,
            "roe_4q": 8.34,
            "gross_profit": 2660051,
            "gross_margin": 10.37,
            "gross_margin_4q_avg": 10.71,
            "net_income": 585152,
            "net_income_4q": null,
            "revenue": 25657864,
            "revenue_4q": null,
            "common_shares": 8521593,
            "book_valuer_per_share": 24.96,
            "book_valuer_per_share_4q_avg": 24.32,
            "equity": 27739609,
            "current_ratio": 100.07,
            "debt_ratio": 51.1,
            "inventory_turnover_ratio": 2.83,
            "account_receivable_turnover_ratio": 3.66,
            "reinvestment_rate": 60.75,
            "research_to_sale_ratio": 0.15,
            "price_fair": 38.03,
            "eps_avg_yearly": 3.06,
            "eps_latest_yearly": 1.92,
            "eps_growth_yearly": 2.45
        },
        "20221": {
            "year_quarter": 20221,
            "year": 2022,
            "quarter": 1,
            "eps": 0.69,
            "eps_growth_year": -31.68,
            "eps_4q": 2.03,
            "eps_4q_growth_year": -52.64,
            "roe": 2.28,
            "roe_4q": 7.22,
            "gross_profit": 2579393,
            "gross_margin": 10.09,
            "gross_margin_4q_avg": 9.77,
            "net_income": 632123,
            "net_income_4q": null,
            "revenue": 25571801,
            "revenue_4q": null,
            "common_shares": 8521593,
            "book_valuer_per_share": 24.39,
            "book_valuer_per_share_4q_avg": 24.44,
            "equity": 27627769,
            "current_ratio": 96.96,
            "debt_ratio": 53.43,
            "inventory_turnover_ratio": 2.65,
            "account_receivable_turnover_ratio": 3.23,
            "reinvestment_rate": 77,
            "research_to_sale_ratio": 0.14,
            "price_fair": 59.43,
            "eps_avg_yearly": 2.94,
            "eps_latest_yearly": 2.76,
            "eps_growth_yearly": 10.23
        },
        "20222": {
            "year_quarter": 20222,
            "year": 2022,
            "quarter": 2,
            "eps": 0.64,
            "eps_growth_year": 25.49,
            "eps_4q": 2.07,
            "eps_4q_growth_year": -44.63,
            "roe": 2.43,
            "roe_4q": 8.19,
            "gross_profit": 2793239,
            "gross_margin": 10.31,
            "gross_margin_4q_avg": 10.07,
            "net_income": 676710,
            "net_income_4q": null,
            "revenue": 27083656,
            "revenue_4q": null,
            "common_shares": 8947673,
            "book_valuer_per_share": 23.65,
            "book_valuer_per_share_4q_avg": 24.35,
            "equity": 28007234,
            "current_ratio": 97.92,
            "debt_ratio": 54.95,
            "inventory_turnover_ratio": 2.49,
            "account_receivable_turnover_ratio": 3.2,
            "reinvestment_rate": 75.33,
            "research_to_sale_ratio": 0.13,
            "price_fair": 98.48,
            "eps_avg_yearly": 2.98,
            "eps_latest_yearly": 2.56,
            "eps_growth_yearly": 23.07
        },
        "20223": {
            "year_quarter": 20223,
            "year": 2022,
            "quarter": 3,
            "eps": 0.62,
            "eps_growth_year": 67.57,
            "eps_4q": 2.34,
            "eps_4q_growth_year": -18.44,
            "roe": 2.65,
            "roe_4q": 9.489999999999998,
            "gross_profit": 2933704,
            "gross_margin": 9.73,
            "gross_margin_4q_avg": 10.13,
            "net_income": 753216,
            "net_income_4q": null,
            "revenue": 30160959,
            "revenue_4q": null,
            "common_shares": 8947673,
            "book_valuer_per_share": 24.47,
            "book_valuer_per_share_4q_avg": 24.37,
            "equity": 28857122,
            "current_ratio": 97.92,
            "debt_ratio": 53.31,
            "inventory_turnover_ratio": 2.81,
            "account_receivable_turnover_ratio": 3.61,
            "reinvestment_rate": 85.99,
            "research_to_sale_ratio": 0.12,
            "price_fair": 79.29,
            "eps_avg_yearly": 2.99,
            "eps_latest_yearly": 2.48,
            "eps_growth_yearly": 16.56
        },
        "20224": {
            "year_quarter": 20224,
            "year": 2022,
            "quarter": 4,
            "eps": 0.71,
            "eps_growth_year": 48.4,
            "eps_4q": 2.59,
            "eps_4q_growth_year": 11.73,
            "roe": 2.73,
            "roe_4q": 10.09,
            "gross_profit": 3052434,
            "gross_margin": 10.01,
            "gross_margin_4q_avg": 10.04,
            "net_income": 788077,
            "net_income_4q": null,
            "revenue": 30480870,
            "revenue_4q": null,
            "common_shares": 8947673,
            "book_valuer_per_share": 24.66,
            "book_valuer_per_share_4q_avg": 24.29,
            "equity": 28896226,
            "current_ratio": 98.25,
            "debt_ratio": 53.65,
            "inventory_turnover_ratio": 2.74,
            "account_receivable_turnover_ratio": 3.68,
            "reinvestment_rate": 82.2,
            "research_to_sale_ratio": 0.15,
            "price_fair": 86.98,
            "eps_avg_yearly": 3.01,
            "eps_latest_yearly": 2.84,
            "eps_growth_yearly": 18.92
        },
        "20231": {
            "year_quarter": 20231,
            "year": 2023,
            "quarter": 1,
            "eps": 0.9,
            "eps_growth_year": 30.43,
            "eps_4q": 2.84,
            "eps_4q_growth_year": 39.95,
            "roe": 3.04,
            "roe_4q": 10.85,
            "gross_profit": 3213037,
            "gross_margin": 11.87,
            "gross_margin_4q_avg": 10.48,
            "net_income": 894291,
            "net_income_4q": null,
            "revenue": 27073084,
            "revenue_4q": null,
            "common_shares": 8947673,
            "book_valuer_per_share": 25.78,
            "book_valuer_per_share_4q_avg": 24.64,
            "equity": 30010258,
            "current_ratio": 99.83,
            "debt_ratio": 50.58,
            "inventory_turnover_ratio": 2.39,
            "account_receivable_turnover_ratio": 3.37,
            "reinvestment_rate": 72.3,
            "research_to_sale_ratio": 0.15,
            "price_fair": 105.61,
            "eps_avg_yearly": 3.07,
            "eps_latest_yearly": 3.6,
            "eps_growth_yearly": 24.4
        },
        "20232": {
            "year_quarter": 20232,
            "year": 2023,
            "quarter": 2,
            "eps": 1.27,
            "eps_growth_year": 98.44,
            "eps_4q": 3.5,
            "eps_4q_growth_year": 69.28,
            "roe": 4.36,
            "roe_4q": 12.780000000000001,
            "gross_profit": 3750734,
            "gross_margin": 13.59,
            "gross_margin_4q_avg": 11.3,
            "net_income": 1298301,
            "net_income_4q": null,
            "revenue": 27597963,
            "revenue_4q": null,
            "common_shares": 8947673,
            "book_valuer_per_share": 25.35,
            "book_valuer_per_share_4q_avg": 25.07,
            "equity": 29564478,
            "current_ratio": 98.56,
            "debt_ratio": 52.11,
            "inventory_turnover_ratio": 2.67,
            "account_receivable_turnover_ratio": 3.57,
            "reinvestment_rate": 64.44,
            "research_to_sale_ratio": 0.13,
            "price_fair": 111.83,
            "eps_avg_yearly": 3.2,
            "eps_latest_yearly": 5.08,
            "eps_growth_yearly": 30.06
        },
        "20233": {
            "year_quarter": 20233,
            "year": 2023,
            "quarter": 3,
            "eps": 1.51,
            "eps_growth_year": 143.55,
            "eps_4q": 4.39,
            "eps_4q_growth_year": 87.94,
            "roe": 5.03,
            "roe_4q": 15.16,
            "gross_profit": 3988038,
            "gross_margin": 14.07,
            "gross_margin_4q_avg": 12.39,
            "net_income": 1534152,
            "net_income_4q": null,
            "revenue": 28338364,
            "revenue_4q": null,
            "common_shares": 8947673,
            "book_valuer_per_share": 27.07,
            "book_valuer_per_share_4q_avg": 25.72,
            "equity": 31447030,
            "current_ratio": 101.02,
            "debt_ratio": 51.42,
            "inventory_turnover_ratio": 2.65,
            "account_receivable_turnover_ratio": 3.41,
            "reinvestment_rate": 70,
            "research_to_sale_ratio": 0.12,
            "price_fair": 116.55,
            "eps_avg_yearly": 3.33,
            "eps_latest_yearly": 6.04,
            "eps_growth_yearly": 28.29
        }
    },
    "months": {
        "2001-06": {
            "month": "2001-06",
            "price": "10.12",
            "revenue": 1094692
        },
        "2001-07": {
            "month": "2001-07",
            "price": "10.51",
            "revenue": 1107055
        },
        "2001-08": {
            "month": "2001-08",
            "price": "9.44",
            "revenue": 1078147
        },
        "2001-09": {
            "month": "2001-09",
            "price": "8.68",
            "revenue": 1125821
        },
        "2001-10": {
            "month": "2001-10",
            "price": "8.07",
            "revenue": 1161487
        },
        "2001-11": {
            "month": "2001-11",
            "price": "8.42",
            "revenue": 1107761
        },
        "2001-12": {
            "month": "2001-12",
            "price": "8.87",
            "revenue": 1238329
        },
        "2002-01": {
            "month": "2002-01",
            "price": "8.99",
            "revenue": 1250025
        },
        "2002-02": {
            "month": "2002-02",
            "price": "9.43",
            "revenue": 1068747
        },
        "2002-03": {
            "month": "2002-03",
            "price": "10.13",
            "revenue": 1141940
        },
        "2002-04": {
            "month": "2002-04",
            "price": "10.69",
            "revenue": 1034550
        },
        "2002-05": {
            "month": "2002-05",
            "price": "10.80",
            "revenue": 1131930
        },
        "2002-06": {
            "month": "2002-06",
            "price": "11.23",
            "revenue": 1077076
        },
        "2002-07": {
            "month": "2002-07",
            "price": "11.36",
            "revenue": 1185440
        },
        "2002-08": {
            "month": "2002-08",
            "price": "9.96",
            "revenue": 1175812
        },
        "2002-09": {
            "month": "2002-09",
            "price": "8.88",
            "revenue": 1132832
        },
        "2002-10": {
            "month": "2002-10",
            "price": "8.93",
            "revenue": 1287494
        },
        "2002-11": {
            "month": "2002-11",
            "price": "10.15",
            "revenue": 1264035
        },
        "2002-12": {
            "month": "2002-12",
            "price": "10.76",
            "revenue": 1383295
        },
        "2003-01": {
            "month": "2003-01",
            "price": "11.34",
            "revenue": 1467501
        },
        "2003-02": {
            "month": "2003-02",
            "price": "10.78",
            "revenue": 1047274
        },
        "2003-03": {
            "month": "2003-03",
            "price": "10.37",
            "revenue": 1268492
        },
        "2003-04": {
            "month": "2003-04",
            "price": "9.70",
            "revenue": 1212564
        },
        "2003-05": {
            "month": "2003-05",
            "price": "8.32",
            "revenue": 1142674
        },
        "2003-06": {
            "month": "2003-06",
            "price": "8.83",
            "revenue": 1136468
        },
        "2003-07": {
            "month": "2003-07",
            "price": "8.82",
            "revenue": 1226001
        },
        "2003-08": {
            "month": "2003-08",
            "price": "8.19",
            "revenue": 1230271
        },
        "2003-09": {
            "month": "2003-09",
            "price": "8.09",
            "revenue": 1244085
        },
        "2003-10": {
            "month": "2003-10",
            "price": "8.47",
            "revenue": 1305016
        },
        "2003-11": {
            "month": "2003-11",
            "price": "8.99",
            "revenue": 1337117
        },
        "2003-12": {
            "month": "2003-12",
            "price": "8.76",
            "revenue": 1498020
        },
        "2004-01": {
            "month": "2004-01",
            "price": "9.01",
            "revenue": 1332518
        },
        "2004-02": {
            "month": "2004-02",
            "price": "9.96",
            "revenue": 1168061
        },
        "2004-03": {
            "month": "2004-03",
            "price": "10.10",
            "revenue": 1452030
        },
        "2004-04": {
            "month": "2004-04",
            "price": "9.58",
            "revenue": 1222564
        },
        "2004-05": {
            "month": "2004-05",
            "price": "8.65",
            "revenue": 1211465
        },
        "2004-06": {
            "month": "2004-06",
            "price": "8.45",
            "revenue": 1205794
        },
        "2004-07": {
            "month": "2004-07",
            "price": "8.31",
            "revenue": 1380694
        },
        "2004-08": {
            "month": "2004-08",
            "price": "8.07",
            "revenue": 1296786
        },
        "2004-09": {
            "month": "2004-09",
            "price": "8.06",
            "revenue": 1368433
        },
        "2004-10": {
            "month": "2004-10",
            "price": "8.08",
            "revenue": 1514549
        },
        "2004-11": {
            "month": "2004-11",
            "price": "7.94",
            "revenue": 1509458
        },
        "2004-12": {
            "month": "2004-12",
            "price": "8.08",
            "revenue": 1551650
        },
        "2005-01": {
            "month": "2005-01",
            "price": "8.22",
            "revenue": 1426905
        },
        "2005-02": {
            "month": "2005-02",
            "price": "8.26",
            "revenue": 1137814
        },
        "2005-03": {
            "month": "2005-03",
            "price": "8.58",
            "revenue": 1361315
        },
        "2005-04": {
            "month": "2005-04",
            "price": "8.33",
            "revenue": 1330105
        },
        "2005-05": {
            "month": "2005-05",
            "price": "9.06",
            "revenue": 1297087
        },
        "2005-06": {
            "month": "2005-06",
            "price": "9.67",
            "revenue": 1273550
        },
        "2005-07": {
            "month": "2005-07",
            "price": "9.91",
            "revenue": 1269912
        },
        "2005-08": {
            "month": "2005-08",
            "price": "9.94",
            "revenue": 1422681
        },
        "2005-09": {
            "month": "2005-09",
            "price": "11.48",
            "revenue": 1301200
        },
        "2005-10": {
            "month": "2005-10",
            "price": "10.36",
            "revenue": 1350606
        },
        "2005-11": {
            "month": "2005-11",
            "price": "9.83",
            "revenue": 1326622
        },
        "2005-12": {
            "month": "2005-12",
            "price": "10.26",
            "revenue": 1337735
        },
        "2006-01": {
            "month": "2006-01",
            "price": "10.92",
            "revenue": 1297304
        },
        "2006-02": {
            "month": "2006-02",
            "price": "11.12",
            "revenue": 1066436
        },
        "2006-03": {
            "month": "2006-03",
            "price": "10.69",
            "revenue": 1258286
        },
        "2006-04": {
            "month": "2006-04",
            "price": "12.19",
            "revenue": 1241997
        },
        "2006-05": {
            "month": "2006-05",
            "price": "13.40",
            "revenue": 1193053
        },
        "2006-06": {
            "month": "2006-06",
            "price": "12.65",
            "revenue": 1122152
        },
        "2006-07": {
            "month": "2006-07",
            "price": "13.19",
            "revenue": 1145979
        },
        "2006-08": {
            "month": "2006-08",
            "price": "12.99",
            "revenue": 1208059
        },
        "2006-09": {
            "month": "2006-09",
            "price": "13.18",
            "revenue": 1216727
        },
        "2006-10": {
            "month": "2006-10",
            "price": "15.26",
            "revenue": 1321935
        },
        "2006-11": {
            "month": "2006-11",
            "price": "17.77",
            "revenue": 1272978
        },
        "2006-12": {
            "month": "2006-12",
            "price": "17.90",
            "revenue": 1377978
        },
        "2007-01": {
            "month": "2007-01",
            "price": "22.66",
            "revenue": 1350583
        },
        "2007-02": {
            "month": "2007-02",
            "price": "25.22",
            "revenue": 1106933
        },
        "2007-03": {
            "month": "2007-03",
            "price": "23.69",
            "revenue": 1390068
        },
        "2007-04": {
            "month": "2007-04",
            "price": "27.02",
            "revenue": 1279700
        },
        "2007-05": {
            "month": "2007-05",
            "price": "29.31",
            "revenue": 1437728
        },
        "2007-06": {
            "month": "2007-06",
            "price": "33.66",
            "revenue": 1456167
        },
        "2007-07": {
            "month": "2007-07",
            "price": "37.83",
            "revenue": 1410443
        },
        "2007-08": {
            "month": "2007-08",
            "price": "45.08",
            "revenue": 1555269
        },
        "2007-09": {
            "month": "2007-09",
            "price": "44.91",
            "revenue": 1507078
        },
        "2007-10": {
            "month": "2007-10",
            "price": "43.61",
            "revenue": 1683051
        },
        "2007-11": {
            "month": "2007-11",
            "price": "33.78",
            "revenue": 1758766
        },
        "2007-12": {
            "month": "2007-12",
            "price": "31.45",
            "revenue": 1857289
        },
        "2008-01": {
            "month": "2008-01",
            "price": "35.49",
            "revenue": 1968430
        },
        "2008-02": {
            "month": "2008-02",
            "price": "38.67",
            "revenue": 1670546
        },
        "2008-03": {
            "month": "2008-03",
            "price": "39.65",
            "revenue": 1828527
        },
        "2008-04": {
            "month": "2008-04",
            "price": "38.27",
            "revenue": 1846810
        },
        "2008-05": {
            "month": "2008-05",
            "price": "44.96",
            "revenue": 1986333
        },
        "2008-06": {
            "month": "2008-06",
            "price": "44.26",
            "revenue": 1943769
        },
        "2008-07": {
            "month": "2008-07",
            "price": "43.60",
            "revenue": 2046830
        },
        "2008-08": {
            "month": "2008-08",
            "price": "36.46",
            "revenue": 2036780
        },
        "2008-09": {
            "month": "2008-09",
            "price": "31.95",
            "revenue": 1966970
        },
        "2008-10": {
            "month": "2008-10",
            "price": "24.81",
            "revenue": 2032941
        },
        "2008-11": {
            "month": "2008-11",
            "price": "23.80",
            "revenue": 1882051
        },
        "2008-12": {
            "month": "2008-12",
            "price": "24.25",
            "revenue": 1873637
        },
        "2009-01": {
            "month": "2009-01",
            "price": "25.95",
            "revenue": 1701648
        },
        "2009-02": {
            "month": "2009-02",
            "price": "24.67",
            "revenue": 1521729
        },
        "2009-03": {
            "month": "2009-03",
            "price": "25.53",
            "revenue": 1761351
        },
        "2009-04": {
            "month": "2009-04",
            "price": "33.02",
            "revenue": 1669012
        },
        "2009-05": {
            "month": "2009-05",
            "price": "35.26",
            "revenue": 1708356
        },
        "2009-06": {
            "month": "2009-06",
            "price": "36.00",
            "revenue": 1658029
        },
        "2009-07": {
            "month": "2009-07",
            "price": "35.86",
            "revenue": 1712177
        },
        "2009-08": {
            "month": "2009-08",
            "price": "34.07",
            "revenue": 1593249
        },
        "2009-09": {
            "month": "2009-09",
            "price": "34.86",
            "revenue": 1624408
        },
        "2009-10": {
            "month": "2009-10",
            "price": "35.04",
            "revenue": 1750662
        },
        "2009-11": {
            "month": "2009-11",
            "price": "35.57",
            "revenue": 1649760
        },
        "2009-12": {
            "month": "2009-12",
            "price": "35.16",
            "revenue": 1819559
        },
        "2010-01": {
            "month": "2010-01",
            "price": "34.74",
            "revenue": 1838786
        },
        "2010-02": {
            "month": "2010-02",
            "price": "31.22",
            "revenue": 1598531
        },
        "2010-03": {
            "month": "2010-03",
            "price": "32.08",
            "revenue": 1783707
        },
        "2010-04": {
            "month": "2010-04",
            "price": "32.37",
            "revenue": 1674334
        },
        "2010-05": {
            "month": "2010-05",
            "price": "27.90",
            "revenue": 1656972
        },
        "2010-06": {
            "month": "2010-06",
            "price": "28.16",
            "revenue": 1728509
        },
        "2010-07": {
            "month": "2010-07",
            "price": "30.23",
            "revenue": 1674661
        },
        "2010-08": {
            "month": "2010-08",
            "price": "31.49",
            "revenue": 1835507
        },
        "2010-09": {
            "month": "2010-09",
            "price": "30.36",
            "revenue": 1703744
        },
        "2010-10": {
            "month": "2010-10",
            "price": "31.50",
            "revenue": 1716555
        },
        "2010-11": {
            "month": "2010-11",
            "price": "31.70",
            "revenue": 1862010
        },
        "2010-12": {
            "month": "2010-12",
            "price": "31.63",
            "revenue": 1956012
        },
        "2011-01": {
            "month": "2011-01",
            "price": "31.81",
            "revenue": 2047391
        },
        "2011-02": {
            "month": "2011-02",
            "price": "30.52",
            "revenue": 1637680
        },
        "2011-03": {
            "month": "2011-03",
            "price": "29.46",
            "revenue": 2027686
        },
        "2011-04": {
            "month": "2011-04",
            "price": "34.07",
            "revenue": 1894525
        },
        "2011-05": {
            "month": "2011-05",
            "price": "34.01",
            "revenue": 1820511
        },
        "2011-06": {
            "month": "2011-06",
            "price": "32.09",
            "revenue": 1636893
        },
        "2011-07": {
            "month": "2011-07",
            "price": "35.02",
            "revenue": 1868950
        },
        "2011-08": {
            "month": "2011-08",
            "price": "34.50",
            "revenue": 2013621
        },
        "2011-09": {
            "month": "2011-09",
            "price": "29.56",
            "revenue": 2110835
        },
        "2011-10": {
            "month": "2011-10",
            "price": "29.27",
            "revenue": 2044951
        },
        "2011-11": {
            "month": "2011-11",
            "price": "28.84",
            "revenue": 1974857
        },
        "2011-12": {
            "month": "2011-12",
            "price": "27.98",
            "revenue": 1993411
        },
        "2012-01": {
            "month": "2012-01",
            "price": "27.89",
            "revenue": 1857729
        },
        "2012-02": {
            "month": "2012-02",
            "price": "30.30",
            "revenue": 1814091
        },
        "2012-03": {
            "month": "2012-03",
            "price": "30.77",
            "revenue": 2054665
        },
        "2012-04": {
            "month": "2012-04",
            "price": "28.99",
            "revenue": 1806962
        },
        "2012-05": {
            "month": "2012-05",
            "price": "28.89",
            "revenue": 1827003
        },
        "2012-06": {
            "month": "2012-06",
            "price": "27.62",
            "revenue": 1795554
        },
        "2012-07": {
            "month": "2012-07",
            "price": "29.25",
            "revenue": 1946071
        },
        "2012-08": {
            "month": "2012-08",
            "price": "30.09",
            "revenue": 2120335
        },
        "2012-09": {
            "month": "2012-09",
            "price": "27.18",
            "revenue": 2100913
        },
        "2012-10": {
            "month": "2012-10",
            "price": "26.30",
            "revenue": 2063098
        },
        "2012-11": {
            "month": "2012-11",
            "price": "25.21",
            "revenue": 2040013
        },
        "2012-12": {
            "month": "2012-12",
            "price": "26.48",
            "revenue": 2181625
        },
        "2013-01": {
            "month": "2013-01",
            "price": "26.97",
            "revenue": 7783821
        },
        "2013-02": {
            "month": "2013-02",
            "price": "26.97",
            "revenue": 5933139
        },
        "2013-03": {
            "month": "2013-03",
            "price": "26.83",
            "revenue": 7306534
        },
        "2013-04": {
            "month": "2013-04",
            "price": "25.00",
            "revenue": 7038552
        },
        "2013-05": {
            "month": "2013-05",
            "price": "25.79",
            "revenue": 6997335
        },
        "2013-06": {
            "month": "2013-06",
            "price": "25.74",
            "revenue": 7146366
        },
        "2013-07": {
            "month": "2013-07",
            "price": "26.37",
            "revenue": 7294503
        },
        "2013-08": {
            "month": "2013-08",
            "price": "26.66",
            "revenue": 7697099
        },
        "2013-09": {
            "month": "2013-09",
            "price": "25.44",
            "revenue": 8121104
        },
        "2013-10": {
            "month": "2013-10",
            "price": "26.71",
            "revenue": 7951762
        },
        "2013-11": {
            "month": "2013-11",
            "price": "25.78",
            "revenue": 8425620
        },
        "2013-12": {
            "month": "2013-12",
            "price": "26.06",
            "revenue": 8294173
        },
        "2014-01": {
            "month": "2014-01",
            "price": "26.44",
            "revenue": 8245551
        },
        "2014-02": {
            "month": "2014-02",
            "price": "25.95",
            "revenue": 6064270
        },
        "2014-03": {
            "month": "2014-03",
            "price": "27.63",
            "revenue": 7653696
        },
        "2014-04": {
            "month": "2014-04",
            "price": "30.26",
            "revenue": 7860482
        },
        "2014-05": {
            "month": "2014-05",
            "price": "30.03",
            "revenue": 7742388
        },
        "2014-06": {
            "month": "2014-06",
            "price": "35.10",
            "revenue": 6985580
        },
        "2014-07": {
            "month": "2014-07",
            "price": "35.30",
            "revenue": 7456796
        },
        "2014-08": {
            "month": "2014-08",
            "price": "34.80",
            "revenue": 7704769
        },
        "2014-09": {
            "month": "2014-09",
            "price": "30.54",
            "revenue": 7975042
        },
        "2014-10": {
            "month": "2014-10",
            "price": "27.89",
            "revenue": 8095060
        },
        "2014-11": {
            "month": "2014-11",
            "price": "27.12",
            "revenue": 7940092
        },
        "2014-12": {
            "month": "2014-12",
            "price": "27.08",
            "revenue": 8633058
        },
        "2015-01": {
            "month": "2015-01",
            "price": "27.13",
            "revenue": 7571531
        },
        "2015-02": {
            "month": "2015-02",
            "price": "27.71",
            "revenue": 5937293
        },
        "2015-03": {
            "month": "2015-03",
            "price": "27.32",
            "revenue": 6701988
        },
        "2015-04": {
            "month": "2015-04",
            "price": "25.32",
            "revenue": 6503540
        },
        "2015-05": {
            "month": "2015-05",
            "price": "24.14",
            "revenue": 6118820
        },
        "2015-06": {
            "month": "2015-06",
            "price": "21.92",
            "revenue": 6191953
        },
        "2015-07": {
            "month": "2015-07",
            "price": "21.63",
            "revenue": 6517264
        },
        "2015-08": {
            "month": "2015-08",
            "price": "19.16",
            "revenue": 6466764
        },
        "2015-09": {
            "month": "2015-09",
            "price": "17.92",
            "revenue": 6972451
        },
        "2015-10": {
            "month": "2015-10",
            "price": "19.43",
            "revenue": 6659811
        },
        "2015-11": {
            "month": "2015-11",
            "price": "19.38",
            "revenue": 6419347
        },
        "2015-12": {
            "month": "2015-12",
            "price": "19.77",
            "revenue": 6765203
        },
        "2016-01": {
            "month": "2016-01",
            "price": "19.93",
            "revenue": 6296474
        },
        "2016-02": {
            "month": "2016-02",
            "price": "20.82",
            "revenue": 5436415
        },
        "2016-03": {
            "month": "2016-03",
            "price": "22.37",
            "revenue": 6301420
        },
        "2016-04": {
            "month": "2016-04",
            "price": "21.78",
            "revenue": 5717685
        },
        "2016-05": {
            "month": "2016-05",
            "price": "23.61",
            "revenue": 6019684
        },
        "2016-06": {
            "month": "2016-06",
            "price": "27.69",
            "revenue": 6273286
        },
        "2016-07": {
            "month": "2016-07",
            "price": "28.44",
            "revenue": 6139235
        },
        "2016-08": {
            "month": "2016-08",
            "price": "27.63",
            "revenue": 6489143
        },
        "2016-09": {
            "month": "2016-09",
            "price": "26.94",
            "revenue": 6539518
        },
        "2016-10": {
            "month": "2016-10",
            "price": "28.18",
            "revenue": 6502286
        },
        "2016-11": {
            "month": "2016-11",
            "price": "29.23",
            "revenue": 6915358
        },
        "2016-12": {
            "month": "2016-12",
            "price": "28.62",
            "revenue": 7296496
        },
        "2017-01": {
            "month": "2017-01",
            "price": "28.67",
            "revenue": 6274308
        },
        "2017-02": {
            "month": "2017-02",
            "price": "28.74",
            "revenue": 5549618
        },
        "2017-03": {
            "month": "2017-03",
            "price": "29.38",
            "revenue": 6686950
        },
        "2017-04": {
            "month": "2017-04",
            "price": "28.87",
            "revenue": 6297791
        },
        "2017-05": {
            "month": "2017-05",
            "price": "29.83",
            "revenue": 5986895
        },
        "2017-06": {
            "month": "2017-06",
            "price": "31.99",
            "revenue": 5738622
        },
        "2017-07": {
            "month": "2017-07",
            "price": "34.51",
            "revenue": 6158273
        },
        "2017-08": {
            "month": "2017-08",
            "price": "31.89",
            "revenue": 6554870
        },
        "2017-09": {
            "month": "2017-09",
            "price": "31.69",
            "revenue": 7052418
        },
        "2017-10": {
            "month": "2017-10",
            "price": "34.32",
            "revenue": 6551300
        },
        "2017-11": {
            "month": "2017-11",
            "price": "34.54",
            "revenue": 6490644
        },
        "2017-12": {
            "month": "2017-12",
            "price": "33.04",
            "revenue": 7129396
        },
        "2018-01": {
            "month": "2018-01",
            "price": "34.10",
            "revenue": 6653413
        },
        "2018-02": {
            "month": "2018-02",
            "price": "32.98",
            "revenue": 5485976
        },
        "2018-03": {
            "month": "2018-03",
            "price": "35.18",
            "revenue": 5059713
        },
        "2018-04": {
            "month": "2018-04",
            "price": "35.35",
            "revenue": 5558027
        },
        "2018-05": {
            "month": "2018-05",
            "price": "38.83",
            "revenue": 6115698
        },
        "2018-06": {
            "month": "2018-06",
            "price": "40.01",
            "revenue": 5925107
        },
        "2018-07": {
            "month": "2018-07",
            "price": "39.80",
            "revenue": 6059127
        },
        "2018-08": {
            "month": "2018-08",
            "price": "40.21",
            "revenue": 6280981
        },
        "2018-09": {
            "month": "2018-09",
            "price": "37.35",
            "revenue": 6405654
        },
        "2018-10": {
            "month": "2018-10",
            "price": "33.32",
            "revenue": 6123232
        },
        "2018-11": {
            "month": "2018-11",
            "price": "31.33",
            "revenue": 6735632
        },
        "2018-12": {
            "month": "2018-12",
            "price": "33.04",
            "revenue": 6339590
        },
        "2019-01": {
            "month": "2019-01",
            "price": "34.73",
            "revenue": 7176513
        },
        "2019-02": {
            "month": "2019-02",
            "price": "34.82",
            "revenue": 4971488
        },
        "2019-03": {
            "month": "2019-03",
            "price": "34.92",
            "revenue": 6130106
        },
        "2019-04": {
            "month": "2019-04",
            "price": "35.32",
            "revenue": 6424220
        },
        "2019-05": {
            "month": "2019-05",
            "price": "37.11",
            "revenue": 6390612
        },
        "2019-06": {
            "month": "2019-06",
            "price": "39.27",
            "revenue": 6144976
        },
        "2019-07": {
            "month": "2019-07",
            "price": "39.68",
            "revenue": 6491269
        },
        "2019-08": {
            "month": "2019-08",
            "price": "39.53",
            "revenue": 6927433
        },
        "2019-09": {
            "month": "2019-09",
            "price": "38.06",
            "revenue": 6685601
        },
        "2019-10": {
            "month": "2019-10",
            "price": "37.49",
            "revenue": 6863541
        },
        "2019-11": {
            "month": "2019-11",
            "price": "39.13",
            "revenue": 6902836
        },
        "2019-12": {
            "month": "2019-12",
            "price": "42.63",
            "revenue": 6971663
        },
        "2020-01": {
            "month": "2020-01",
            "price": "42.58",
            "revenue": 6488716
        },
        "2020-02": {
            "month": "2020-02",
            "price": "40.81",
            "revenue": 6001214
        },
        "2020-03": {
            "month": "2020-03",
            "price": "36.69",
            "revenue": 6610246
        },
        "2020-04": {
            "month": "2020-04",
            "price": "38.84",
            "revenue": 6180161
        },
        "2020-05": {
            "month": "2020-05",
            "price": "43.06",
            "revenue": 6059697
        },
        "2020-06": {
            "month": "2020-06",
            "price": "43.30",
            "revenue": 6450520
        },
        "2020-07": {
            "month": "2020-07",
            "price": "45.25",
            "revenue": 6397684
        },
        "2020-08": {
            "month": "2020-08",
            "price": "47.38",
            "revenue": 6771132
        },
        "2020-09": {
            "month": "2020-09",
            "price": "43.32",
            "revenue": 7188625
        },
        "2020-10": {
            "month": "2020-10",
            "price": "44.91",
            "revenue": 7189097
        },
        "2020-11": {
            "month": "2020-11",
            "price": "46.08",
            "revenue": 6951437
        },
        "2020-12": {
            "month": "2020-12",
            "price": "47.17",
            "revenue": 7703853
        },
        "2021-01": {
            "month": "2021-01",
            "price": "49.33",
            "revenue": 8480630
        },
        "2021-02": {
            "month": "2021-02",
            "price": "49.25",
            "revenue": 5817609
        },
        "2021-03": {
            "month": "2021-03",
            "price": "52.60",
            "revenue": 8072006
        },
        "2021-04": {
            "month": "2021-04",
            "price": "56.84",
            "revenue": 8512993
        },
        "2021-05": {
            "month": "2021-05",
            "price": "57.40",
            "revenue": 8029443
        },
        "2021-06": {
            "month": "2021-06",
            "price": "58.84",
            "revenue": 8392356
        },
        "2021-07": {
            "month": "2021-07",
            "price": "59.86",
            "revenue": 9150386
        },
        "2021-08": {
            "month": "2021-08",
            "price": "56.78",
            "revenue": 7913624
        },
        "2021-09": {
            "month": "2021-09",
            "price": "55.18",
            "revenue": 9493296
        },
        "2021-10": {
            "month": "2021-10",
            "price": "53.57",
            "revenue": 8186264
        },
        "2021-11": {
            "month": "2021-11",
            "price": "52.80",
            "revenue": 8855770
        },
        "2021-12": {
            "month": "2021-12",
            "price": "52.60",
            "revenue": 9224406
        },
        "2022-01": {
            "month": "2022-01",
            "price": "52.37",
            "revenue": 9956918
        },
        "2022-02": {
            "month": "2022-02",
            "price": "53.75",
            "revenue": 7516358
        },
        "2022-03": {
            "month": "2022-03",
            "price": "53.69",
            "revenue": 8558697
        },
        "2022-04": {
            "month": "2022-04",
            "price": "54.33",
            "revenue": 9182352
        },
        "2022-05": {
            "month": "2022-05",
            "price": "48.85",
            "revenue": 8649541
        },
        "2022-06": {
            "month": "2022-06",
            "price": "48.07",
            "revenue": 9471082
        },
        "2022-07": {
            "month": "2022-07",
            "price": "47.92",
            "revenue": 9161168
        },
        "2022-08": {
            "month": "2022-08",
            "price": "48.92",
            "revenue": 10578033
        },
        "2022-09": {
            "month": "2022-09",
            "price": "47.54",
            "revenue": 9702507
        },
        "2022-10": {
            "month": "2022-10",
            "price": "42.76",
            "revenue": 10031178
        },
        "2022-11": {
            "month": "2022-11",
            "price": "42.66",
            "revenue": 10074064
        },
        "2022-12": {
            "month": "2022-12",
            "price": "44.80",
            "revenue": 10247364
        },
        "2023-01": {
            "month": "2023-01",
            "price": "45.79",
            "revenue": 9191048
        },
        "2023-02": {
            "month": "2023-02",
            "price": "47.44",
            "revenue": 8240329
        },
        "2023-03": {
            "month": "2023-03",
            "price": "50.40",
            "revenue": 9633956
        },
        "2023-04": {
            "month": "2023-04",
            "price": "51.74",
            "revenue": 8940319
        },
        "2023-05": {
            "month": "2023-05",
            "price": "52.94",
            "revenue": 9815309
        },
        "2023-06": {
            "month": "2023-06",
            "price": "52.72",
            "revenue": 8906040
        },
        "2023-07": {
            "month": "2023-07",
            "price": "55.46",
            "revenue": 8904562
        },
        "2023-08": {
            "month": "2023-08",
            "price": "55.41",
            "revenue": 10230624
        },
        "2023-09": {
            "month": "2023-09",
            "price": "54.66",
            "revenue": 9291296
        },
        "2023-10": {
            "month": "2023-10",
            "price": "52.16",
            "revenue": 8992288
        },
        "2023-11": {
            "month": "2023-11",
            "price": "53.91",
            "revenue": 9371916
        }
    }
}
