{
    "summary": {
        "stock_name": "大飲",
        "stock_id": "1213",
        "category": "食品",
        "main_business": "製造蘋果汽水礦泉水及各種汽水飲料等之批發<br>經銷各國及國內有關飲料之產品副產品加工產品<br>百貨批發",
        "website_url": "http://applesidra.com.tw",
        "ceo": "于忠敏",
        "pe_ratio": -4,
        "report_year_from": 2001,
        "report_year_to": 2023,
        "age": 23,
        "eps_negative_percentage": 35,
        "eps_growth_avg": {
            "last_all": -12.31,
            "last_2y": null,
            "last_4y": null,
            "last_8y": -39.08,
            "last_12y": -6.02,
            "last_16y": -4.21,
            "last_20y": -9.85,
            "at_2006_last_3y": -23.96,
            "at_2007_last_3y": -19.44,
            "at_2008_last_3y": -52.78,
            "at_2009_last_3y": -0,
            "at_2010_last_3y": -0,
            "at_2011_last_3y": -0,
            "at_2012_last_3y": 33.33,
            "at_2013_last_3y": 15.15,
            "at_2014_last_3y": 38.07,
            "at_2015_last_3y": 39.91,
            "at_2016_last_3y": 11.79,
            "at_2017_last_3y": -21.9,
            "at_2018_last_3y": -39.08,
            "at_2019_last_3y": -67.26,
            "at_2020_last_3y": -94.64,
            "at_2021_last_3y": -100,
            "at_2022_last_3y": null,
            "at_2023_last_3y": null,
            "at_2024_last_3y": null,
            "at_2006_last_all": -28.5,
            "at_2007_last_all": -28.5,
            "at_2008_last_all": -23.75,
            "at_2009_last_all": -6.07,
            "at_2010_last_all": -17.81,
            "at_2011_last_all": -17.81,
            "at_2012_last_all": -4.72,
            "at_2013_last_all": 0.3,
            "at_2014_last_all": -2.57,
            "at_2015_last_all": 1.43,
            "at_2016_last_all": 0.36,
            "at_2017_last_all": -6.04,
            "at_2018_last_all": -12.31,
            "at_2019_last_all": -12.31,
            "at_2020_last_all": -12.31,
            "at_2021_last_all": -12.31,
            "at_2022_last_all": -12.31,
            "at_2023_last_all": -12.31,
            "at_2024_last_all": -12.31
        },
        "latest_eps": -1.97,
        "latest_price": 7.25,
        "latest_roe": -34.33,
        "latest_gross_margin": 594.9,
        "latest_equity": 269005,
        "latest_revenue": -7229,
        "latest_gross_profit": -43005,
        "latest_net_income": -37119,
        "latest_debt_ratio": 70.7,
        "latest_current_ratio": 35.61,
        "latest_account_receivable_turnover_ratio": -0.6,
        "latest_inventory_turnover_ratio": 2.23,
        "latest_reinvestment_rate": null,
        "latest_research_to_sale_ratio": null
    },
    "eps_dividends": {
        "2001": {
            "cash": 0,
            "stock": 0,
            "eps": 0.15
        },
        "2002": {
            "cash": 0,
            "stock": 1,
            "eps": 0.08
        },
        "2003": {
            "cash": 0,
            "stock": 0,
            "eps": 0.05
        },
        "2004": {
            "cash": 0,
            "stock": 0,
            "eps": 0.12
        },
        "2005": {
            "cash": 0,
            "stock": 0,
            "eps": 0.05
        },
        "2006": {
            "cash": 0,
            "stock": 2,
            "eps": -0.03
        },
        "2007": {
            "cash": 0,
            "stock": 0,
            "eps": 0.11
        },
        "2008": {
            "cash": 0,
            "stock": 0,
            "eps": 0.11
        },
        "2009": {
            "cash": 0,
            "stock": 0,
            "eps": 0.23
        },
        "2010": {
            "cash": 0,
            "stock": 0,
            "eps": -0.28
        },
        "2011": {
            "cash": 0,
            "stock": 0,
            "eps": 0.05
        },
        "2012": {
            "cash": 0,
            "stock": 0,
            "eps": 0.22
        },
        "2013": {
            "cash": 0,
            "stock": 0,
            "eps": 0.32
        },
        "2014": {
            "cash": 0,
            "stock": 0,
            "eps": 0.22
        },
        "2015": {
            "cash": 0,
            "stock": 0,
            "eps": 0.32
        },
        "2016": {
            "cash": 0,
            "stock": 1,
            "eps": 0.28
        },
        "2017": {
            "cash": 0,
            "stock": 0,
            "eps": 0.03
        },
        "2018": {
            "cash": 0,
            "stock": 0,
            "eps": -1.1
        },
        "2019": {
            "cash": 0,
            "stock": 0,
            "eps": -0.75
        },
        "2020": {
            "cash": 0,
            "stock": 0,
            "eps": -0.48
        },
        "2021": {
            "cash": 0,
            "stock": 0,
            "eps": -1.66
        },
        "2022": {
            "cash": 0,
            "stock": 0,
            "eps": -1.34
        },
        "2023": {
            "cash": 0,
            "stock": 0,
            "eps": -1.72
        }
    },
    "dividends": {
        "2002-06-21": {
            "cash": 0,
            "stock": 1
        },
        "2006-04-12": {
            "cash": 0,
            "stock": 2
        },
        "2016-03-25": {
            "cash": 0,
            "stock": 1
        }
    },
    "prices": {
        "200101": "8.23",
        "200102": "11.15",
        "200103": "11.81",
        "200104": "11.17",
        "200105": "10.66",
        "200106": "11.30",
        "200107": "10.84",
        "200108": "11.55",
        "200109": "11.77",
        "200110": "11.66",
        "200111": "10.91",
        "200112": "11.42",
        "200201": "10.18",
        "200202": "9.02",
        "200203": "9.86",
        "200204": "11.26",
        "200205": "12.62",
        "200206": "11.62",
        "200207": "12.44",
        "200208": "15.58",
        "200209": "14.91",
        "200210": "10.85",
        "200211": "11.42",
        "200212": "12.43",
        "200301": "13.00",
        "200302": "12.67",
        "200303": "11.99",
        "200304": "11.64",
        "200305": "10.88",
        "200306": "11.41",
        "200307": "11.76",
        "200308": "11.73",
        "200309": "11.67",
        "200310": "11.56",
        "200311": "11.40",
        "200312": "11.35",
        "200401": "12.09",
        "200402": "13.73",
        "200403": "13.73",
        "200404": "13.13",
        "200405": "12.76",
        "200406": "12.21",
        "200407": "12.03",
        "200408": "11.70",
        "200409": "11.56",
        "200410": "11.44",
        "200411": "11.63",
        "200412": "11.61",
        "200501": "11.49",
        "200502": "11.25",
        "200503": "11.24",
        "200504": "11.29",
        "200505": "10.40",
        "200506": "10.38",
        "200507": "10.32",
        "200508": "10.03",
        "200509": "9.38",
        "200510": "9.03",
        "200511": "8.35",
        "200512": "8.52",
        "200601": "8.28",
        "200602": "8.22",
        "200603": "8.14",
        "200604": "11.28",
        "200605": "16.42",
        "200606": "13.80",
        "200607": "13.06",
        "200608": "13.58",
        "200609": "12.63",
        "200610": "13.23",
        "200611": "14.13",
        "200612": "13.44",
        "200701": "14.42",
        "200702": "14.45",
        "200703": "13.39",
        "200704": "14.26",
        "200705": "14.21",
        "200706": "14.22",
        "200707": "16.35",
        "200708": "14.11",
        "200709": "13.11",
        "200710": "13.69",
        "200711": "12.05",
        "200712": "10.72",
        "200801": "10.27",
        "200802": "10.12",
        "200803": "11.56",
        "200804": "12.22",
        "200805": "13.05",
        "200806": "11.80",
        "200807": "9.42",
        "200808": "9.04",
        "200809": "7.66",
        "200810": "6.88",
        "200811": "6.36",
        "200812": "6.62",
        "200901": "6.84",
        "200902": "6.79",
        "200903": "7.47",
        "200904": "9.73",
        "200905": "9.49",
        "200906": "9.24",
        "200907": "9.12",
        "200908": "9.01",
        "200909": "8.73",
        "200910": "9.00",
        "200911": "9.11",
        "200912": "9.40",
        "201001": "9.92",
        "201002": "9.26",
        "201003": "10.26",
        "201004": "11.91",
        "201005": "11.44",
        "201006": "11.36",
        "201007": "20.92",
        "201008": "28.98",
        "201009": "24.87",
        "201010": "23.65",
        "201011": "25.90",
        "201012": "26.95",
        "201101": "26.37",
        "201102": "24.64",
        "201103": "25.32",
        "201104": "26.36",
        "201105": "29.16",
        "201106": "27.91",
        "201107": "30.15",
        "201108": "25.91",
        "201109": "19.20",
        "201110": "18.96",
        "201111": "19.81",
        "201112": "18.00",
        "201201": "18.30",
        "201202": "23.62",
        "201203": "25.66",
        "201204": "25.21",
        "201205": "26.12",
        "201206": "25.29",
        "201207": "26.80",
        "201208": "25.10",
        "201209": "22.22",
        "201210": "19.67",
        "201211": "18.02",
        "201212": "19.91",
        "201301": "20.72",
        "201302": "21.96",
        "201303": "24.32",
        "201304": "23.64",
        "201305": "24.46",
        "201306": "23.34",
        "201307": "22.57",
        "201308": "21.20",
        "201309": "19.58",
        "201310": "19.92",
        "201311": "19.05",
        "201312": "20.21",
        "201401": "21.11",
        "201402": "22.50",
        "201403": "22.04",
        "201404": "22.21",
        "201405": "21.15",
        "201406": "21.60",
        "201407": "23.63",
        "201408": "20.32",
        "201409": "19.15",
        "201410": "18.81",
        "201411": "19.95",
        "201412": "20.58",
        "201501": "21.08",
        "201502": "21.08",
        "201503": "21.90",
        "201504": "22.19",
        "201505": "21.84",
        "201506": "21.26",
        "201507": "19.69",
        "201508": "16.79",
        "201509": "14.93",
        "201510": "15.18",
        "201511": "15.70",
        "201512": "15.26",
        "201601": "14.98",
        "201602": "15.45",
        "201603": "16.70",
        "201604": "18.51",
        "201605": "17.67",
        "201606": "19.69",
        "201607": "18.09",
        "201608": "16.65",
        "201609": "15.58",
        "201610": "15.30",
        "201611": "16.38",
        "201612": "16.77",
        "201701": "16.84",
        "201702": "17.70",
        "201703": "17.97",
        "201704": "17.73",
        "201705": "17.51",
        "201706": "17.12",
        "201707": "16.12",
        "201708": "15.55",
        "201709": "15.33",
        "201710": "15.25",
        "201711": "15.57",
        "201712": "15.70",
        "201801": "15.89",
        "201802": "15.51",
        "201803": "15.34",
        "201804": "15.01",
        "201805": "14.87",
        "201806": "14.73",
        "201807": "13.72",
        "201808": "13.36",
        "201809": "12.49",
        "201810": "11.07",
        "201811": "10.04",
        "201812": "10.40",
        "201901": "10.07",
        "201902": "10.39",
        "201903": "10.91",
        "201904": "9.76",
        "201905": "無",
        "201906": "無",
        "201907": "無",
        "201908": "無",
        "201909": "7.43",
        "201910": "6.03",
        "201911": "6.04",
        "201912": "6.09",
        "202001": "6.06",
        "202002": "5.97",
        "202003": "5.67",
        "202004": "5.87",
        "202005": "5.93",
        "202006": "5.89",
        "202007": "8.37",
        "202008": "9.77",
        "202009": "9.75",
        "202010": "9.33",
        "202011": "8.63",
        "202012": "7.75",
        "202101": "7.48",
        "202102": "7.41",
        "202103": "7.83",
        "202104": "9.12",
        "202105": "8.43",
        "202106": "8.90",
        "202107": "8.53",
        "202108": "8.62",
        "202109": "8.56",
        "202110": "8.30",
        "202111": "8.24",
        "202112": "8.31",
        "202201": "8.39",
        "202202": "8.27",
        "202203": "7.80",
        "202204": "7.98",
        "202205": "7.93",
        "202206": "7.99",
        "202207": "7.63",
        "202208": "7.56",
        "202209": "7.44",
        "202210": "7.12",
        "202211": "7.07",
        "202212": "7.08",
        "202301": "7.08",
        "202302": "7.05",
        "202303": "7.10",
        "202304": "7.14",
        "202305": "6.78",
        "202306": "6.63",
        "202307": "6.45",
        "202308": "6.36",
        "202309": "6.58",
        "202310": "7.14",
        "202311": "6.93",
        "202312": "6.93",
        "202401": "7.11",
        "202402": "7.08",
        "202403": "7.13"
    },
    "quarters": {
        "20011": {
            "year_quarter": 20011,
            "year": 2001,
            "quarter": 1,
            "eps": 0.08,
            "eps_growth_year": -68,
            "eps_4q": 0.23,
            "eps_4q_growth_year": -45.64,
            "roe": 0.57,
            "roe_4q": 0.57,
            "gross_profit": 22598,
            "gross_margin": 14.35,
            "gross_margin_4q_avg": 14.35,
            "net_income": 3196,
            "net_income_4q": null,
            "revenue": 157463,
            "revenue_4q": null,
            "common_shares": 389963,
            "book_valuer_per_share": 14.45,
            "book_valuer_per_share_4q_avg": 14.45,
            "equity": 563527,
            "current_ratio": 192.55,
            "debt_ratio": 22.05,
            "inventory_turnover_ratio": 3.37,
            "account_receivable_turnover_ratio": null,
            "reinvestment_rate": null,
            "research_to_sale_ratio": null,
            "price_fair": 0,
            "eps_avg_yearly": 0,
            "eps_latest_yearly": 0,
            "eps_growth_yearly": 0
        },
        "20012": {
            "year_quarter": 20012,
            "year": 2001,
            "quarter": 2,
            "eps": -0.07,
            "eps_growth_year": -163.64,
            "eps_4q": 0.06,
            "eps_4q_growth_year": -85.16,
            "roe": -0.47,
            "roe_4q": 0.09999999999999998,
            "gross_profit": 18738,
            "gross_margin": 12.26,
            "gross_margin_4q_avg": 13.31,
            "net_income": -2619,
            "net_income_4q": null,
            "revenue": 152869,
            "revenue_4q": null,
            "common_shares": 389963,
            "book_valuer_per_share": 14.38,
            "book_valuer_per_share_4q_avg": 14.42,
            "equity": 560908,
            "current_ratio": 203.3,
            "debt_ratio": 20.62,
            "inventory_turnover_ratio": 3.16,
            "account_receivable_turnover_ratio": null,
            "reinvestment_rate": null,
            "research_to_sale_ratio": null,
            "price_fair": 0,
            "eps_avg_yearly": 0,
            "eps_latest_yearly": 0,
            "eps_growth_yearly": 0
        },
        "20013": {
            "year_quarter": 20013,
            "year": 2001,
            "quarter": 3,
            "eps": 0.21,
            "eps_growth_year": -19.23,
            "eps_4q": 0.01,
            "eps_4q_growth_year": -97.48,
            "roe": 1.44,
            "roe_4q": 1.54,
            "gross_profit": 32779,
            "gross_margin": 17.41,
            "gross_margin_4q_avg": 14.67,
            "net_income": 8150,
            "net_income_4q": null,
            "revenue": 188279,
            "revenue_4q": null,
            "common_shares": 389963,
            "book_valuer_per_share": 14.59,
            "book_valuer_per_share_4q_avg": 14.47,
            "equity": 569058,
            "current_ratio": 198.24,
            "debt_ratio": 22.89,
            "inventory_turnover_ratio": 3.83,
            "account_receivable_turnover_ratio": null,
            "reinvestment_rate": null,
            "research_to_sale_ratio": null,
            "price_fair": 0,
            "eps_avg_yearly": 0,
            "eps_latest_yearly": 0,
            "eps_growth_yearly": 0
        },
        "20014": {
            "year_quarter": 20014,
            "year": 2001,
            "quarter": 4,
            "eps": -0.07,
            "eps_growth_year": null,
            "eps_4q": 0.15,
            "eps_4q_growth_year": -62.5,
            "roe": -0.48,
            "roe_4q": 1.06,
            "gross_profit": 14940,
            "gross_margin": 11.8,
            "gross_margin_4q_avg": 13.96,
            "net_income": -2697,
            "net_income_4q": null,
            "revenue": 126624,
            "revenue_4q": null,
            "common_shares": 389963,
            "book_valuer_per_share": 14.52,
            "book_valuer_per_share_4q_avg": 14.49,
            "equity": 566361,
            "current_ratio": 235.64,
            "debt_ratio": 18.38,
            "inventory_turnover_ratio": 2.82,
            "account_receivable_turnover_ratio": null,
            "reinvestment_rate": null,
            "research_to_sale_ratio": null,
            "price_fair": 0,
            "eps_avg_yearly": 0,
            "eps_latest_yearly": 0,
            "eps_growth_yearly": 0
        },
        "20021": {
            "year_quarter": 20021,
            "year": 2002,
            "quarter": 1,
            "eps": 0.14,
            "eps_growth_year": 75,
            "eps_4q": 0.21,
            "eps_4q_growth_year": -7.64,
            "roe": 0.96,
            "roe_4q": 1.45,
            "gross_profit": 24254,
            "gross_margin": 16.87,
            "gross_margin_4q_avg": 14.59,
            "net_income": 5489,
            "net_income_4q": null,
            "revenue": 143731,
            "revenue_4q": null,
            "common_shares": 389963,
            "book_valuer_per_share": 14.66,
            "book_valuer_per_share_4q_avg": 14.54,
            "equity": 571850,
            "current_ratio": 236.87,
            "debt_ratio": 19.27,
            "inventory_turnover_ratio": 3.11,
            "account_receivable_turnover_ratio": null,
            "reinvestment_rate": null,
            "research_to_sale_ratio": null,
            "price_fair": 0,
            "eps_avg_yearly": 0,
            "eps_latest_yearly": 0,
            "eps_growth_yearly": 0
        },
        "20022": {
            "year_quarter": 20022,
            "year": 2002,
            "quarter": 2,
            "eps": -0.08,
            "eps_growth_year": null,
            "eps_4q": 0.2,
            "eps_4q_growth_year": 215.72,
            "roe": -0.56,
            "roe_4q": 1.3599999999999999,
            "gross_profit": 22697,
            "gross_margin": 14.6,
            "gross_margin_4q_avg": 15.17,
            "net_income": -3169,
            "net_income_4q": null,
            "revenue": 155496,
            "revenue_4q": null,
            "common_shares": 389963,
            "book_valuer_per_share": 14.58,
            "book_valuer_per_share_4q_avg": 14.59,
            "equity": 568681,
            "current_ratio": 214.69,
            "debt_ratio": 22.24,
            "inventory_turnover_ratio": 3.42,
            "account_receivable_turnover_ratio": null,
            "reinvestment_rate": null,
            "research_to_sale_ratio": null,
            "price_fair": 0,
            "eps_avg_yearly": 0,
            "eps_latest_yearly": 0,
            "eps_growth_yearly": 0
        },
        "20023": {
            "year_quarter": 20023,
            "year": 2002,
            "quarter": 3,
            "eps": 0.2,
            "eps_growth_year": -4.76,
            "eps_4q": 0.19,
            "eps_4q_growth_year": 1494.78,
            "roe": 1.48,
            "roe_4q": 1.4,
            "gross_profit": 36093,
            "gross_margin": 18.56,
            "gross_margin_4q_avg": 15.46,
            "net_income": 8460,
            "net_income_4q": null,
            "revenue": 194443,
            "revenue_4q": null,
            "common_shares": 428959,
            "book_valuer_per_share": 13.46,
            "book_valuer_per_share_4q_avg": 14.31,
            "equity": 577259,
            "current_ratio": 224.39,
            "debt_ratio": 21.2,
            "inventory_turnover_ratio": 4.02,
            "account_receivable_turnover_ratio": null,
            "reinvestment_rate": null,
            "research_to_sale_ratio": null,
            "price_fair": 0,
            "eps_avg_yearly": 0,
            "eps_latest_yearly": 0,
            "eps_growth_yearly": 0
        },
        "20024": {
            "year_quarter": 20024,
            "year": 2002,
            "quarter": 4,
            "eps": -0.18,
            "eps_growth_year": null,
            "eps_4q": 0.07,
            "eps_4q_growth_year": -53.33,
            "roe": -1.35,
            "roe_4q": 0.5299999999999998,
            "gross_profit": 15280,
            "gross_margin": 12.76,
            "gross_margin_4q_avg": 15.7,
            "net_income": -7744,
            "net_income_4q": null,
            "revenue": 119769,
            "revenue_4q": null,
            "common_shares": 428959,
            "book_valuer_per_share": 13.28,
            "book_valuer_per_share_4q_avg": 14,
            "equity": 569479,
            "current_ratio": 302.49,
            "debt_ratio": 15.23,
            "inventory_turnover_ratio": 2.88,
            "account_receivable_turnover_ratio": null,
            "reinvestment_rate": -21.97,
            "research_to_sale_ratio": null,
            "price_fair": 0,
            "eps_avg_yearly": 0,
            "eps_latest_yearly": 0,
            "eps_growth_yearly": 0
        },
        "20031": {
            "year_quarter": 20031,
            "year": 2003,
            "quarter": 1,
            "eps": 0.05,
            "eps_growth_year": -64.29,
            "eps_4q": -0,
            "eps_4q_growth_year": -101.65,
            "roe": 0.4,
            "roe_4q": -0.030000000000000138,
            "gross_profit": 22817,
            "gross_margin": 16.93,
            "gross_margin_4q_avg": 15.71,
            "net_income": 2292,
            "net_income_4q": null,
            "revenue": 134760,
            "revenue_4q": null,
            "common_shares": 428959,
            "book_valuer_per_share": 13.33,
            "book_valuer_per_share_4q_avg": 13.66,
            "equity": 571767,
            "current_ratio": 215.96,
            "debt_ratio": 20.58,
            "inventory_turnover_ratio": 3.13,
            "account_receivable_turnover_ratio": null,
            "reinvestment_rate": -72.68,
            "research_to_sale_ratio": null,
            "price_fair": 0,
            "eps_avg_yearly": 0,
            "eps_latest_yearly": 0,
            "eps_growth_yearly": 0
        },
        "20032": {
            "year_quarter": 20032,
            "year": 2003,
            "quarter": 2,
            "eps": 0.03,
            "eps_growth_year": null,
            "eps_4q": 0.09,
            "eps_4q_growth_year": -54.44,
            "roe": 0.26,
            "roe_4q": 0.7899999999999999,
            "gross_profit": 26401,
            "gross_margin": 17.83,
            "gross_margin_4q_avg": 16.52,
            "net_income": 1484,
            "net_income_4q": null,
            "revenue": 148057,
            "revenue_4q": null,
            "common_shares": 428959,
            "book_valuer_per_share": 13.36,
            "book_valuer_per_share_4q_avg": 13.36,
            "equity": 573226,
            "current_ratio": 195.4,
            "debt_ratio": 25.01,
            "inventory_turnover_ratio": 3.34,
            "account_receivable_turnover_ratio": null,
            "reinvestment_rate": -105.45,
            "research_to_sale_ratio": null,
            "price_fair": 0.36,
            "eps_avg_yearly": 0.12,
            "eps_latest_yearly": 0.12,
            "eps_growth_yearly": -160
        },
        "20033": {
            "year_quarter": 20033,
            "year": 2003,
            "quarter": 3,
            "eps": 0.15,
            "eps_growth_year": -25,
            "eps_4q": 0.06,
            "eps_4q_growth_year": -70.71,
            "roe": 1.1,
            "roe_4q": 0.41000000000000014,
            "gross_profit": 48331,
            "gross_margin": 20.7,
            "gross_margin_4q_avg": 17.06,
            "net_income": 6330,
            "net_income_4q": null,
            "revenue": 233497,
            "revenue_4q": null,
            "common_shares": 428959,
            "book_valuer_per_share": 13.51,
            "book_valuer_per_share_4q_avg": 13.37,
            "equity": 579433,
            "current_ratio": 229.93,
            "debt_ratio": 24.32,
            "inventory_turnover_ratio": 4.94,
            "account_receivable_turnover_ratio": null,
            "reinvestment_rate": -106.45,
            "research_to_sale_ratio": null,
            "price_fair": 12.6,
            "eps_avg_yearly": 0.36,
            "eps_latest_yearly": 0.6,
            "eps_growth_yearly": 720
        },
        "20034": {
            "year_quarter": 20034,
            "year": 2003,
            "quarter": 4,
            "eps": -0.18,
            "eps_growth_year": null,
            "eps_4q": 0.05,
            "eps_4q_growth_year": -28.57,
            "roe": -1.35,
            "roe_4q": 0.41000000000000003,
            "gross_profit": 18546,
            "gross_margin": 14.13,
            "gross_margin_4q_avg": 17.4,
            "net_income": -7797,
            "net_income_4q": null,
            "revenue": 131266,
            "revenue_4q": null,
            "common_shares": 428959,
            "book_valuer_per_share": 13.33,
            "book_valuer_per_share_4q_avg": 13.38,
            "equity": 571680,
            "current_ratio": 338.74,
            "debt_ratio": 16.34,
            "inventory_turnover_ratio": 2.88,
            "account_receivable_turnover_ratio": null,
            "reinvestment_rate": -104.14,
            "research_to_sale_ratio": null,
            "price_fair": 12.6,
            "eps_avg_yearly": 0.36,
            "eps_latest_yearly": 0.6,
            "eps_growth_yearly": 720
        },
        "20041": {
            "year_quarter": 20041,
            "year": 2004,
            "quarter": 1,
            "eps": -0.02,
            "eps_growth_year": -140,
            "eps_4q": -0.02,
            "eps_4q_growth_year": null,
            "roe": -0.16,
            "roe_4q": -0.1499999999999999,
            "gross_profit": 29621,
            "gross_margin": 19.05,
            "gross_margin_4q_avg": 17.93,
            "net_income": -931,
            "net_income_4q": null,
            "revenue": 155521,
            "revenue_4q": null,
            "common_shares": 428959,
            "book_valuer_per_share": 13.3,
            "book_valuer_per_share_4q_avg": 13.38,
            "equity": 570673,
            "current_ratio": 290.5,
            "debt_ratio": 18.83,
            "inventory_turnover_ratio": 3.12,
            "account_receivable_turnover_ratio": null,
            "reinvestment_rate": -88.73,
            "research_to_sale_ratio": null,
            "price_fair": 12.6,
            "eps_avg_yearly": 0.36,
            "eps_latest_yearly": 0.6,
            "eps_growth_yearly": 720
        },
        "20042": {
            "year_quarter": 20042,
            "year": 2004,
            "quarter": 2,
            "eps": 0.1,
            "eps_growth_year": 233.33,
            "eps_4q": 0.04,
            "eps_4q_growth_year": -51.06,
            "roe": 0.75,
            "roe_4q": 0.33999999999999997,
            "gross_profit": 26382,
            "gross_margin": 15.69,
            "gross_margin_4q_avg": 17.39,
            "net_income": 4316,
            "net_income_4q": null,
            "revenue": 168198,
            "revenue_4q": null,
            "common_shares": 428959,
            "book_valuer_per_share": 13.41,
            "book_valuer_per_share_4q_avg": 13.39,
            "equity": 575030,
            "current_ratio": 276.94,
            "debt_ratio": 20.23,
            "inventory_turnover_ratio": 3.63,
            "account_receivable_turnover_ratio": null,
            "reinvestment_rate": -71.43,
            "research_to_sale_ratio": null,
            "price_fair": 12.6,
            "eps_avg_yearly": 0.36,
            "eps_latest_yearly": 0.6,
            "eps_growth_yearly": 720
        },
        "20043": {
            "year_quarter": 20043,
            "year": 2004,
            "quarter": 3,
            "eps": 0.22,
            "eps_growth_year": 46.67,
            "eps_4q": 0.12,
            "eps_4q_growth_year": 105.6,
            "roe": 1.6,
            "roe_4q": 0.8399999999999999,
            "gross_profit": 39977,
            "gross_margin": 19.6,
            "gross_margin_4q_avg": 17.12,
            "net_income": 9251,
            "net_income_4q": null,
            "revenue": 203941,
            "revenue_4q": null,
            "common_shares": 428959,
            "book_valuer_per_share": 13.62,
            "book_valuer_per_share_4q_avg": 13.42,
            "equity": 584293,
            "current_ratio": 270.63,
            "debt_ratio": 21.3,
            "inventory_turnover_ratio": 4.61,
            "account_receivable_turnover_ratio": null,
            "reinvestment_rate": -54.88,
            "research_to_sale_ratio": null,
            "price_fair": 18.67,
            "eps_avg_yearly": 0.53,
            "eps_latest_yearly": 0.88,
            "eps_growth_yearly": 640
        },
        "20044": {
            "year_quarter": 20044,
            "year": 2004,
            "quarter": 4,
            "eps": -0.18,
            "eps_growth_year": null,
            "eps_4q": 0.12,
            "eps_4q_growth_year": 140,
            "roe": -1.31,
            "roe_4q": 0.88,
            "gross_profit": 15800,
            "gross_margin": 11.95,
            "gross_margin_4q_avg": 16.57,
            "net_income": -7621,
            "net_income_4q": null,
            "revenue": 132212,
            "revenue_4q": null,
            "common_shares": 428959,
            "book_valuer_per_share": 13.44,
            "book_valuer_per_share_4q_avg": 13.44,
            "equity": 576654,
            "current_ratio": 329.53,
            "debt_ratio": 17.57,
            "inventory_turnover_ratio": 3.19,
            "account_receivable_turnover_ratio": null,
            "reinvestment_rate": -48.43,
            "research_to_sale_ratio": null,
            "price_fair": 18.67,
            "eps_avg_yearly": 0.53,
            "eps_latest_yearly": 0.88,
            "eps_growth_yearly": 640
        },
        "20051": {
            "year_quarter": 20051,
            "year": 2005,
            "quarter": 1,
            "eps": 0.03,
            "eps_growth_year": null,
            "eps_4q": 0.17,
            "eps_4q_growth_year": null,
            "roe": 0.23,
            "roe_4q": 1.27,
            "gross_profit": 29178,
            "gross_margin": 19.2,
            "gross_margin_4q_avg": 16.61,
            "net_income": 1302,
            "net_income_4q": null,
            "revenue": 151990,
            "revenue_4q": null,
            "common_shares": 428959,
            "book_valuer_per_share": 13.47,
            "book_valuer_per_share_4q_avg": 13.49,
            "equity": 577952,
            "current_ratio": 319.7,
            "debt_ratio": 18.66,
            "inventory_turnover_ratio": 3.24,
            "account_receivable_turnover_ratio": null,
            "reinvestment_rate": -61.52,
            "research_to_sale_ratio": null,
            "price_fair": 18.67,
            "eps_avg_yearly": 0.53,
            "eps_latest_yearly": 0.88,
            "eps_growth_yearly": 640
        },
        "20052": {
            "year_quarter": 20052,
            "year": 2005,
            "quarter": 2,
            "eps": -0.01,
            "eps_growth_year": -110,
            "eps_4q": 0.06,
            "eps_4q_growth_year": 34.08,
            "roe": -0.07,
            "roe_4q": 0.44999999999999996,
            "gross_profit": 26244,
            "gross_margin": 15.72,
            "gross_margin_4q_avg": 16.62,
            "net_income": -376,
            "net_income_4q": null,
            "revenue": 166999,
            "revenue_4q": null,
            "common_shares": 428959,
            "book_valuer_per_share": 13.46,
            "book_valuer_per_share_4q_avg": 13.5,
            "equity": 577565,
            "current_ratio": 300.64,
            "debt_ratio": 20.47,
            "inventory_turnover_ratio": 3.94,
            "account_receivable_turnover_ratio": null,
            "reinvestment_rate": -60.28,
            "research_to_sale_ratio": null,
            "price_fair": 18.67,
            "eps_avg_yearly": 0.53,
            "eps_latest_yearly": 0.88,
            "eps_growth_yearly": 640
        },
        "20053": {
            "year_quarter": 20053,
            "year": 2005,
            "quarter": 3,
            "eps": 0.17,
            "eps_growth_year": -22.73,
            "eps_4q": 0.02,
            "eps_4q_growth_year": -85.84,
            "roe": 1.27,
            "roe_4q": 0.11999999999999988,
            "gross_profit": 45736,
            "gross_margin": 18.78,
            "gross_margin_4q_avg": 16.41,
            "net_income": 7405,
            "net_income_4q": null,
            "revenue": 243564,
            "revenue_4q": null,
            "common_shares": 428959,
            "book_valuer_per_share": 13.63,
            "book_valuer_per_share_4q_avg": 13.5,
            "equity": 584784,
            "current_ratio": 254.81,
            "debt_ratio": 24.72,
            "inventory_turnover_ratio": 6,
            "account_receivable_turnover_ratio": null,
            "reinvestment_rate": -49.86,
            "research_to_sale_ratio": null,
            "price_fair": 18.67,
            "eps_avg_yearly": 0.53,
            "eps_latest_yearly": 0.88,
            "eps_growth_yearly": 640
        },
        "20054": {
            "year_quarter": 20054,
            "year": 2005,
            "quarter": 4,
            "eps": -0.14,
            "eps_growth_year": null,
            "eps_4q": 0.05,
            "eps_4q_growth_year": -58.33,
            "roe": -1.06,
            "roe_4q": 0.37,
            "gross_profit": 20958,
            "gross_margin": 12.83,
            "gross_margin_4q_avg": 16.63,
            "net_income": -6175,
            "net_income_4q": null,
            "revenue": 163307,
            "revenue_4q": null,
            "common_shares": 428959,
            "book_valuer_per_share": 13.49,
            "book_valuer_per_share_4q_avg": 13.51,
            "equity": 578586,
            "current_ratio": 296.43,
            "debt_ratio": 20.82,
            "inventory_turnover_ratio": 3.73,
            "account_receivable_turnover_ratio": null,
            "reinvestment_rate": -48.23,
            "research_to_sale_ratio": null,
            "price_fair": 18.67,
            "eps_avg_yearly": 0.53,
            "eps_latest_yearly": 0.88,
            "eps_growth_yearly": 640
        },
        "20061": {
            "year_quarter": 20061,
            "year": 2006,
            "quarter": 1,
            "eps": 0.02,
            "eps_growth_year": -33.33,
            "eps_4q": 0.04,
            "eps_4q_growth_year": -76.56,
            "roe": 0.15,
            "roe_4q": 0.29,
            "gross_profit": 31423,
            "gross_margin": 18.06,
            "gross_margin_4q_avg": 16.35,
            "net_income": 892,
            "net_income_4q": null,
            "revenue": 174020,
            "revenue_4q": null,
            "common_shares": 428959,
            "book_valuer_per_share": 13.51,
            "book_valuer_per_share_4q_avg": 13.52,
            "equity": 579490,
            "current_ratio": 269.81,
            "debt_ratio": 24.55,
            "inventory_turnover_ratio": 3.36,
            "account_receivable_turnover_ratio": null,
            "reinvestment_rate": -79.29,
            "research_to_sale_ratio": null,
            "price_fair": 18.67,
            "eps_avg_yearly": 0.53,
            "eps_latest_yearly": 0.88,
            "eps_growth_yearly": 640
        },
        "20062": {
            "year_quarter": 20062,
            "year": 2006,
            "quarter": 2,
            "eps": -0.08,
            "eps_growth_year": null,
            "eps_4q": -0.03,
            "eps_4q_growth_year": -155.71,
            "roe": -0.61,
            "roe_4q": -0.25,
            "gross_profit": 21657,
            "gross_margin": 12.42,
            "gross_margin_4q_avg": 15.52,
            "net_income": -3546,
            "net_income_4q": null,
            "revenue": 174374,
            "revenue_4q": null,
            "common_shares": 428959,
            "book_valuer_per_share": 13.38,
            "book_valuer_per_share_4q_avg": 13.5,
            "equity": 573941,
            "current_ratio": 271.31,
            "debt_ratio": 25,
            "inventory_turnover_ratio": 4.01,
            "account_receivable_turnover_ratio": null,
            "reinvestment_rate": -82.1,
            "research_to_sale_ratio": null,
            "price_fair": 18.67,
            "eps_avg_yearly": 0.53,
            "eps_latest_yearly": 0.88,
            "eps_growth_yearly": 640
        },
        "20063": {
            "year_quarter": 20063,
            "year": 2006,
            "quarter": 3,
            "eps": 0.15,
            "eps_growth_year": -11.76,
            "eps_4q": -0.02,
            "eps_4q_growth_year": -208.09,
            "roe": 1.37,
            "roe_4q": -0.1499999999999999,
            "gross_profit": 33028,
            "gross_margin": 14.14,
            "gross_margin_4q_avg": 14.36,
            "net_income": 7901,
            "net_income_4q": null,
            "revenue": 233507,
            "revenue_4q": null,
            "common_shares": 514751,
            "book_valuer_per_share": 11.3,
            "book_valuer_per_share_4q_avg": 12.92,
            "equity": 581842,
            "current_ratio": 250.95,
            "debt_ratio": 28.51,
            "inventory_turnover_ratio": 5.4,
            "account_receivable_turnover_ratio": null,
            "reinvestment_rate": -115.58,
            "research_to_sale_ratio": null,
            "price_fair": 18.67,
            "eps_avg_yearly": 0.53,
            "eps_latest_yearly": 0.88,
            "eps_growth_yearly": 640
        },
        "20064": {
            "year_quarter": 20064,
            "year": 2006,
            "quarter": 4,
            "eps": -0.12,
            "eps_growth_year": null,
            "eps_4q": -0.02,
            "eps_4q_growth_year": -140,
            "roe": -1.07,
            "roe_4q": -0.15999999999999995,
            "gross_profit": 19130,
            "gross_margin": 12.82,
            "gross_margin_4q_avg": 14.36,
            "net_income": -6202,
            "net_income_4q": null,
            "revenue": 149167,
            "revenue_4q": null,
            "common_shares": 514751,
            "book_valuer_per_share": 11.18,
            "book_valuer_per_share_4q_avg": 12.34,
            "equity": 575394,
            "current_ratio": 267.61,
            "debt_ratio": 23.86,
            "inventory_turnover_ratio": 3.22,
            "account_receivable_turnover_ratio": null,
            "reinvestment_rate": -112.96,
            "research_to_sale_ratio": null,
            "price_fair": 18.67,
            "eps_avg_yearly": 0.53,
            "eps_latest_yearly": 0.88,
            "eps_growth_yearly": 640
        },
        "20071": {
            "year_quarter": 20071,
            "year": 2007,
            "quarter": 1,
            "eps": 0.12,
            "eps_growth_year": 500,
            "eps_4q": 0.08,
            "eps_4q_growth_year": 112.96,
            "roe": 1.05,
            "roe_4q": 0.7400000000000001,
            "gross_profit": 28107,
            "gross_margin": 16.71,
            "gross_margin_4q_avg": 14.02,
            "net_income": 6051,
            "net_income_4q": null,
            "revenue": 168238,
            "revenue_4q": null,
            "common_shares": 514751,
            "book_valuer_per_share": 11.29,
            "book_valuer_per_share_4q_avg": 11.79,
            "equity": 581132,
            "current_ratio": 235.62,
            "debt_ratio": 27.15,
            "inventory_turnover_ratio": 3.79,
            "account_receivable_turnover_ratio": null,
            "reinvestment_rate": -61.07,
            "research_to_sale_ratio": null,
            "price_fair": 18.67,
            "eps_avg_yearly": 0.53,
            "eps_latest_yearly": 0.88,
            "eps_growth_yearly": 640
        },
        "20072": {
            "year_quarter": 20072,
            "year": 2007,
            "quarter": 2,
            "eps": -0.05,
            "eps_growth_year": null,
            "eps_4q": 0.1,
            "eps_4q_growth_year": null,
            "roe": -0.49,
            "roe_4q": 0.8600000000000001,
            "gross_profit": 18329,
            "gross_margin": 11.27,
            "gross_margin_4q_avg": 13.74,
            "net_income": -2815,
            "net_income_4q": null,
            "revenue": 162577,
            "revenue_4q": null,
            "common_shares": 514751,
            "book_valuer_per_share": 11.23,
            "book_valuer_per_share_4q_avg": 11.25,
            "equity": 578259,
            "current_ratio": 236.17,
            "debt_ratio": 28.96,
            "inventory_turnover_ratio": 4.72,
            "account_receivable_turnover_ratio": null,
            "reinvestment_rate": 54.75,
            "research_to_sale_ratio": null,
            "price_fair": 25.9,
            "eps_avg_yearly": 0.74,
            "eps_latest_yearly": 0.88,
            "eps_growth_yearly": 1040
        },
        "20073": {
            "year_quarter": 20073,
            "year": 2007,
            "quarter": 3,
            "eps": 0.07,
            "eps_growth_year": -53.33,
            "eps_4q": 0.02,
            "eps_4q_growth_year": null,
            "roe": 0.65,
            "roe_4q": 0.1399999999999999,
            "gross_profit": 34864,
            "gross_margin": 17.06,
            "gross_margin_4q_avg": 14.47,
            "net_income": 3785,
            "net_income_4q": null,
            "revenue": 204324,
            "revenue_4q": null,
            "common_shares": 514751,
            "book_valuer_per_share": 11.3,
            "book_valuer_per_share_4q_avg": 11.25,
            "equity": 581902,
            "current_ratio": 220.21,
            "debt_ratio": 30.92,
            "inventory_turnover_ratio": 6.59,
            "account_receivable_turnover_ratio": null,
            "reinvestment_rate": -148.11,
            "research_to_sale_ratio": null,
            "price_fair": 30.8,
            "eps_avg_yearly": 0.88,
            "eps_latest_yearly": 0.88,
            "eps_growth_yearly": 480
        },
        "20074": {
            "year_quarter": 20074,
            "year": 2007,
            "quarter": 4,
            "eps": -0.03,
            "eps_growth_year": null,
            "eps_4q": 0.11,
            "eps_4q_growth_year": null,
            "roe": -0.25,
            "roe_4q": 0.9600000000000001,
            "gross_profit": 17478,
            "gross_margin": 13.39,
            "gross_margin_4q_avg": 14.61,
            "net_income": -1466,
            "net_income_4q": null,
            "revenue": 130544,
            "revenue_4q": null,
            "common_shares": 514751,
            "book_valuer_per_share": 11.27,
            "book_valuer_per_share_4q_avg": 11.27,
            "equity": 580184,
            "current_ratio": 223.39,
            "debt_ratio": 25.08,
            "inventory_turnover_ratio": 4.13,
            "account_receivable_turnover_ratio": null,
            "reinvestment_rate": -66.96,
            "research_to_sale_ratio": null,
            "price_fair": 30.8,
            "eps_avg_yearly": 0.88,
            "eps_latest_yearly": 0.88,
            "eps_growth_yearly": 480
        },
        "20081": {
            "year_quarter": 20081,
            "year": 2008,
            "quarter": 1,
            "eps": 0.02,
            "eps_growth_year": -83.33,
            "eps_4q": 0.01,
            "eps_4q_growth_year": -85.53,
            "roe": 0.22,
            "roe_4q": 0.13,
            "gross_profit": 23164,
            "gross_margin": 15.59,
            "gross_margin_4q_avg": 14.33,
            "net_income": 1250,
            "net_income_4q": null,
            "revenue": 148571,
            "revenue_4q": null,
            "common_shares": 514751,
            "book_valuer_per_share": 11.3,
            "book_valuer_per_share_4q_avg": 11.28,
            "equity": 581733,
            "current_ratio": 196.51,
            "debt_ratio": 27.48,
            "inventory_turnover_ratio": 4.04,
            "account_receivable_turnover_ratio": null,
            "reinvestment_rate": -128.66,
            "research_to_sale_ratio": null,
            "price_fair": 30.8,
            "eps_avg_yearly": 0.88,
            "eps_latest_yearly": 0.88,
            "eps_growth_yearly": 480
        },
        "20082": {
            "year_quarter": 20082,
            "year": 2008,
            "quarter": 2,
            "eps": 0.01,
            "eps_growth_year": null,
            "eps_4q": 0.08,
            "eps_4q_growth_year": -17.71,
            "roe": 0.08,
            "roe_4q": 0.7,
            "gross_profit": 19864,
            "gross_margin": 12.86,
            "gross_margin_4q_avg": 14.73,
            "net_income": 492,
            "net_income_4q": null,
            "revenue": 154422,
            "revenue_4q": null,
            "common_shares": 514751,
            "book_valuer_per_share": 11.31,
            "book_valuer_per_share_4q_avg": 11.3,
            "equity": 581962,
            "current_ratio": 205.3,
            "debt_ratio": 25.99,
            "inventory_turnover_ratio": 4.82,
            "account_receivable_turnover_ratio": null,
            "reinvestment_rate": -220.5,
            "research_to_sale_ratio": null,
            "price_fair": 16.1,
            "eps_avg_yearly": 0.46,
            "eps_latest_yearly": 0.04,
            "eps_growth_yearly": 140
        },
        "20083": {
            "year_quarter": 20083,
            "year": 2008,
            "quarter": 3,
            "eps": 0.09,
            "eps_growth_year": 28.57,
            "eps_4q": 0.1,
            "eps_4q_growth_year": 531,
            "roe": 0.76,
            "roe_4q": 0.81,
            "gross_profit": 34203,
            "gross_margin": 16.01,
            "gross_margin_4q_avg": 14.46,
            "net_income": 4454,
            "net_income_4q": null,
            "revenue": 213672,
            "revenue_4q": null,
            "common_shares": 514751,
            "book_valuer_per_share": 11.38,
            "book_valuer_per_share_4q_avg": 11.32,
            "equity": 585556,
            "current_ratio": 187.73,
            "debt_ratio": 29.36,
            "inventory_turnover_ratio": 6.98,
            "account_receivable_turnover_ratio": null,
            "reinvestment_rate": -481.77,
            "research_to_sale_ratio": null,
            "price_fair": 7,
            "eps_avg_yearly": 0.2,
            "eps_latest_yearly": 0.36,
            "eps_growth_yearly": 1500
        },
        "20084": {
            "year_quarter": 20084,
            "year": 2008,
            "quarter": 4,
            "eps": -0.01,
            "eps_growth_year": null,
            "eps_4q": 0.11,
            "eps_4q_growth_year": 0,
            "roe": -0.07,
            "roe_4q": 0.9899999999999999,
            "gross_profit": 16531,
            "gross_margin": 11.84,
            "gross_margin_4q_avg": 14.08,
            "net_income": -409,
            "net_income_4q": null,
            "revenue": 139611,
            "revenue_4q": null,
            "common_shares": 514751,
            "book_valuer_per_share": 11.36,
            "book_valuer_per_share_4q_avg": 11.34,
            "equity": 584979,
            "current_ratio": 223.52,
            "debt_ratio": 22.91,
            "inventory_turnover_ratio": 4.25,
            "account_receivable_turnover_ratio": 2.21,
            "reinvestment_rate": 513.78,
            "research_to_sale_ratio": null,
            "price_fair": 7,
            "eps_avg_yearly": 0.2,
            "eps_latest_yearly": 0.36,
            "eps_growth_yearly": 1500
        },
        "20091": {
            "year_quarter": 20091,
            "year": 2009,
            "quarter": 1,
            "eps": 0.08,
            "eps_growth_year": 300,
            "eps_4q": 0.17,
            "eps_4q_growth_year": 1278.27,
            "roe": 0.72,
            "roe_4q": 1.49,
            "gross_profit": 26052,
            "gross_margin": 16.31,
            "gross_margin_4q_avg": 14.26,
            "net_income": 4207,
            "net_income_4q": null,
            "revenue": 159758,
            "revenue_4q": null,
            "common_shares": 514751,
            "book_valuer_per_share": 11.44,
            "book_valuer_per_share_4q_avg": 11.37,
            "equity": 588770,
            "current_ratio": 212.44,
            "debt_ratio": 23.71,
            "inventory_turnover_ratio": 4.59,
            "account_receivable_turnover_ratio": 1.19,
            "reinvestment_rate": 414.4,
            "research_to_sale_ratio": null,
            "price_fair": 7,
            "eps_avg_yearly": 0.2,
            "eps_latest_yearly": 0.36,
            "eps_growth_yearly": 1500
        },
        "20092": {
            "year_quarter": 20092,
            "year": 2009,
            "quarter": 2,
            "eps": -0.4,
            "eps_growth_year": -4100,
            "eps_4q": -0.24,
            "eps_4q_growth_year": -401.72,
            "roe": -3.54,
            "roe_4q": -2.13,
            "gross_profit": 21513,
            "gross_margin": 14.21,
            "gross_margin_4q_avg": 14.59,
            "net_income": -20505,
            "net_income_4q": null,
            "revenue": 151409,
            "revenue_4q": null,
            "common_shares": 514751,
            "book_valuer_per_share": 11.05,
            "book_valuer_per_share_4q_avg": 11.31,
            "equity": 568666,
            "current_ratio": 231.03,
            "debt_ratio": 23.85,
            "inventory_turnover_ratio": 4.69,
            "account_receivable_turnover_ratio": 1.09,
            "reinvestment_rate": null,
            "research_to_sale_ratio": null,
            "price_fair": 7,
            "eps_avg_yearly": 0.2,
            "eps_latest_yearly": 0.36,
            "eps_growth_yearly": 1500
        },
        "20093": {
            "year_quarter": 20093,
            "year": 2009,
            "quarter": 3,
            "eps": 0.3,
            "eps_growth_year": 233.33,
            "eps_4q": -0.03,
            "eps_4q_growth_year": -126.75,
            "roe": 2.67,
            "roe_4q": -0.22000000000000014,
            "gross_profit": 38530,
            "gross_margin": 16.75,
            "gross_margin_4q_avg": 14.78,
            "net_income": 15395,
            "net_income_4q": null,
            "revenue": 229989,
            "revenue_4q": null,
            "common_shares": 514751,
            "book_valuer_per_share": 11.35,
            "book_valuer_per_share_4q_avg": 11.3,
            "equity": 584185,
            "current_ratio": 209.79,
            "debt_ratio": 27.29,
            "inventory_turnover_ratio": 6.95,
            "account_receivable_turnover_ratio": 1.32,
            "reinvestment_rate": 1896.19,
            "research_to_sale_ratio": null,
            "price_fair": 7,
            "eps_avg_yearly": 0.2,
            "eps_latest_yearly": 0.36,
            "eps_growth_yearly": 1500
        },
        "20094": {
            "year_quarter": 20094,
            "year": 2009,
            "quarter": 4,
            "eps": 0.25,
            "eps_growth_year": null,
            "eps_4q": 0.23,
            "eps_4q_growth_year": 110.59,
            "roe": 2.17,
            "roe_4q": 2.0199999999999996,
            "gross_profit": 11873,
            "gross_margin": 8.75,
            "gross_margin_4q_avg": 14.01,
            "net_income": 12827,
            "net_income_4q": null,
            "revenue": 135740,
            "revenue_4q": null,
            "common_shares": 514751,
            "book_valuer_per_share": 11.6,
            "book_valuer_per_share_4q_avg": 11.36,
            "equity": 597084,
            "current_ratio": 243.44,
            "debt_ratio": 19.06,
            "inventory_turnover_ratio": 4.41,
            "account_receivable_turnover_ratio": 2.33,
            "reinvestment_rate": 276.93,
            "research_to_sale_ratio": null,
            "price_fair": 16.33,
            "eps_avg_yearly": 0.47,
            "eps_latest_yearly": 1,
            "eps_growth_yearly": 977.78
        },
        "20101": {
            "year_quarter": 20101,
            "year": 2010,
            "quarter": 1,
            "eps": 0.08,
            "eps_growth_year": 0,
            "eps_4q": 0.23,
            "eps_4q_growth_year": 38.15,
            "roe": 0.69,
            "roe_4q": 1.9899999999999993,
            "gross_profit": 24774,
            "gross_margin": 14.56,
            "gross_margin_4q_avg": 13.57,
            "net_income": 4107,
            "net_income_4q": null,
            "revenue": 170133,
            "revenue_4q": null,
            "common_shares": 514751,
            "book_valuer_per_share": 11.68,
            "book_valuer_per_share_4q_avg": 11.42,
            "equity": 601241,
            "current_ratio": 248.77,
            "debt_ratio": 18.95,
            "inventory_turnover_ratio": 5.07,
            "account_receivable_turnover_ratio": 1.25,
            "reinvestment_rate": 247.38,
            "research_to_sale_ratio": null,
            "price_fair": 15.05,
            "eps_avg_yearly": 0.43,
            "eps_latest_yearly": 0.32,
            "eps_growth_yearly": 665.33
        },
        "20102": {
            "year_quarter": 20102,
            "year": 2010,
            "quarter": 2,
            "eps": -0.44,
            "eps_growth_year": null,
            "eps_4q": 0.19,
            "eps_4q_growth_year": null,
            "roe": -3.82,
            "roe_4q": 1.71,
            "gross_profit": 12984,
            "gross_margin": 9.3,
            "gross_margin_4q_avg": 12.34,
            "net_income": -22558,
            "net_income_4q": null,
            "revenue": 139626,
            "revenue_4q": null,
            "common_shares": 514751,
            "book_valuer_per_share": 11.24,
            "book_valuer_per_share_4q_avg": 11.47,
            "equity": 578532,
            "current_ratio": 249.37,
            "debt_ratio": 19.23,
            "inventory_turnover_ratio": 4.05,
            "account_receivable_turnover_ratio": 1,
            "reinvestment_rate": 977.99,
            "research_to_sale_ratio": null,
            "price_fair": 15.05,
            "eps_avg_yearly": 0.43,
            "eps_latest_yearly": 0.32,
            "eps_growth_yearly": 665.33
        },
        "20103": {
            "year_quarter": 20103,
            "year": 2010,
            "quarter": 3,
            "eps": 0.05,
            "eps_growth_year": -84.44,
            "eps_4q": -0.06,
            "eps_4q_growth_year": null,
            "roe": 0.41,
            "roe_4q": -0.5499999999999998,
            "gross_profit": 26219,
            "gross_margin": 10.9,
            "gross_margin_4q_avg": 10.88,
            "net_income": 2403,
            "net_income_4q": null,
            "revenue": 240437,
            "revenue_4q": null,
            "common_shares": 514751,
            "book_valuer_per_share": 11.29,
            "book_valuer_per_share_4q_avg": 11.45,
            "equity": 581042,
            "current_ratio": 210.11,
            "debt_ratio": 25.25,
            "inventory_turnover_ratio": 6.79,
            "account_receivable_turnover_ratio": 1.37,
            "reinvestment_rate": 6230.02,
            "research_to_sale_ratio": null,
            "price_fair": 15.05,
            "eps_avg_yearly": 0.43,
            "eps_latest_yearly": 0.32,
            "eps_growth_yearly": 665.33
        },
        "20104": {
            "year_quarter": 20104,
            "year": 2010,
            "quarter": 4,
            "eps": 0.03,
            "eps_growth_year": -87.26,
            "eps_4q": -0.28,
            "eps_4q_growth_year": -220.84,
            "roe": 0.28,
            "roe_4q": -2.44,
            "gross_profit": 19402,
            "gross_margin": 14.1,
            "gross_margin_4q_avg": 12.22,
            "net_income": 1639,
            "net_income_4q": null,
            "revenue": 137640,
            "revenue_4q": null,
            "common_shares": 514751,
            "book_valuer_per_share": 11.32,
            "book_valuer_per_share_4q_avg": 11.38,
            "equity": 582866,
            "current_ratio": 249.14,
            "debt_ratio": 19.52,
            "inventory_turnover_ratio": 3.44,
            "account_receivable_turnover_ratio": 0.79,
            "reinvestment_rate": 721.14,
            "research_to_sale_ratio": null,
            "price_fair": 12.88,
            "eps_avg_yearly": 0.37,
            "eps_latest_yearly": 0.12,
            "eps_growth_yearly": 500.27
        },
        "20111": {
            "year_quarter": 20111,
            "year": 2011,
            "quarter": 1,
            "eps": -0.07,
            "eps_growth_year": -187.5,
            "eps_4q": -0.43,
            "eps_4q_growth_year": -287.9,
            "roe": -0.64,
            "roe_4q": -3.77,
            "gross_profit": 17068,
            "gross_margin": 10.93,
            "gross_margin_4q_avg": 11.31,
            "net_income": -3701,
            "net_income_4q": null,
            "revenue": 156166,
            "revenue_4q": null,
            "common_shares": 514751,
            "book_valuer_per_share": 11.25,
            "book_valuer_per_share_4q_avg": 11.28,
            "equity": 579119,
            "current_ratio": 267.89,
            "debt_ratio": 17.91,
            "inventory_turnover_ratio": 3.98,
            "account_receivable_turnover_ratio": 1.18,
            "reinvestment_rate": null,
            "research_to_sale_ratio": null,
            "price_fair": 12.88,
            "eps_avg_yearly": 0.37,
            "eps_latest_yearly": 0.12,
            "eps_growth_yearly": 500.27
        },
        "20112": {
            "year_quarter": 20112,
            "year": 2011,
            "quarter": 2,
            "eps": -0.03,
            "eps_growth_year": null,
            "eps_4q": -0.02,
            "eps_4q_growth_year": -113.09,
            "roe": -0.28,
            "roe_4q": -0.23000000000000004,
            "gross_profit": 16126,
            "gross_margin": 9.82,
            "gross_margin_4q_avg": 11.44,
            "net_income": -1620,
            "net_income_4q": null,
            "revenue": 164279,
            "revenue_4q": null,
            "common_shares": 514751,
            "book_valuer_per_share": 11.22,
            "book_valuer_per_share_4q_avg": 11.27,
            "equity": 577531,
            "current_ratio": 239.32,
            "debt_ratio": 21.01,
            "inventory_turnover_ratio": 5.04,
            "account_receivable_turnover_ratio": 1.11,
            "reinvestment_rate": 19329,
            "research_to_sale_ratio": null,
            "price_fair": 12.88,
            "eps_avg_yearly": 0.37,
            "eps_latest_yearly": 0.12,
            "eps_growth_yearly": 500.27
        },
        "20113": {
            "year_quarter": 20113,
            "year": 2011,
            "quarter": 3,
            "eps": 0.21,
            "eps_growth_year": 347.44,
            "eps_4q": 0.14,
            "eps_4q_growth_year": null,
            "roe": 1.84,
            "roe_4q": 1.2000000000000002,
            "gross_profit": 35000,
            "gross_margin": 14.31,
            "gross_margin_4q_avg": 12.29,
            "net_income": 10752,
            "net_income_4q": null,
            "revenue": 244639,
            "revenue_4q": null,
            "common_shares": 514751,
            "book_valuer_per_share": 11.43,
            "book_valuer_per_share_4q_avg": 11.31,
            "equity": 588547,
            "current_ratio": 200.43,
            "debt_ratio": 26.49,
            "inventory_turnover_ratio": 6.53,
            "account_receivable_turnover_ratio": 1.25,
            "reinvestment_rate": 1012.65,
            "research_to_sale_ratio": null,
            "price_fair": 12.88,
            "eps_avg_yearly": 0.37,
            "eps_latest_yearly": 0.12,
            "eps_growth_yearly": 500.27
        },
        "20114": {
            "year_quarter": 20114,
            "year": 2011,
            "quarter": 4,
            "eps": -0.06,
            "eps_growth_year": -289.69,
            "eps_4q": 0.05,
            "eps_4q_growth_year": null,
            "roe": -0.51,
            "roe_4q": 0.41000000000000003,
            "gross_profit": 12768,
            "gross_margin": 8.71,
            "gross_margin_4q_avg": 10.94,
            "net_income": -3109,
            "net_income_4q": null,
            "revenue": 146567,
            "revenue_4q": null,
            "common_shares": 514751,
            "book_valuer_per_share": 12.13,
            "book_valuer_per_share_4q_avg": 11.51,
            "equity": 624171,
            "current_ratio": 243.6,
            "debt_ratio": 21.9,
            "inventory_turnover_ratio": 3.39,
            "account_receivable_turnover_ratio": 0.79,
            "reinvestment_rate": 2514.15,
            "research_to_sale_ratio": null,
            "price_fair": 12.88,
            "eps_avg_yearly": 0.37,
            "eps_latest_yearly": 0.12,
            "eps_growth_yearly": 500.27
        },
        "20121": {
            "year_quarter": 20121,
            "year": 2012,
            "quarter": 1,
            "eps": 0.15,
            "eps_growth_year": null,
            "eps_4q": 0.26,
            "eps_4q_growth_year": null,
            "roe": 1.21,
            "roe_4q": 2.26,
            "gross_profit": 21678,
            "gross_margin": 12.67,
            "gross_margin_4q_avg": 11.38,
            "net_income": 7613,
            "net_income_4q": null,
            "revenue": 171060,
            "revenue_4q": null,
            "common_shares": 514751,
            "book_valuer_per_share": 12.27,
            "book_valuer_per_share_4q_avg": 11.76,
            "equity": 631725,
            "current_ratio": 273.95,
            "debt_ratio": 20.42,
            "inventory_turnover_ratio": 4.25,
            "account_receivable_turnover_ratio": 1.17,
            "reinvestment_rate": 1160.81,
            "research_to_sale_ratio": null,
            "price_fair": 12.88,
            "eps_avg_yearly": 0.37,
            "eps_latest_yearly": 0.12,
            "eps_growth_yearly": 500.27
        },
        "20122": {
            "year_quarter": 20122,
            "year": 2012,
            "quarter": 2,
            "eps": -0.1,
            "eps_growth_year": null,
            "eps_4q": 0.2,
            "eps_4q_growth_year": null,
            "roe": -0.8,
            "roe_4q": 1.74,
            "gross_profit": 21059,
            "gross_margin": 12.72,
            "gross_margin_4q_avg": 12.1,
            "net_income": -5060,
            "net_income_4q": null,
            "revenue": 165494,
            "revenue_4q": null,
            "common_shares": 514751,
            "book_valuer_per_share": 12.17,
            "book_valuer_per_share_4q_avg": 12,
            "equity": 626684,
            "current_ratio": 271.43,
            "debt_ratio": 20.43,
            "inventory_turnover_ratio": 5.1,
            "account_receivable_turnover_ratio": 1.04,
            "reinvestment_rate": 2207.88,
            "research_to_sale_ratio": null,
            "price_fair": 15.75,
            "eps_avg_yearly": 0.45,
            "eps_latest_yearly": 0.12,
            "eps_growth_yearly": 675.33
        },
        "20123": {
            "year_quarter": 20123,
            "year": 2012,
            "quarter": 3,
            "eps": 0.34,
            "eps_growth_year": 64.02,
            "eps_4q": 0.33,
            "eps_4q_growth_year": 141.58,
            "roe": 2.78,
            "roe_4q": 2.6799999999999997,
            "gross_profit": 36912,
            "gross_margin": 14.39,
            "gross_margin_4q_avg": 12.12,
            "net_income": 17636,
            "net_income_4q": null,
            "revenue": 256465,
            "revenue_4q": null,
            "common_shares": 514751,
            "book_valuer_per_share": 12.52,
            "book_valuer_per_share_4q_avg": 12.27,
            "equity": 644252,
            "current_ratio": 230.12,
            "debt_ratio": 25.3,
            "inventory_turnover_ratio": 7.46,
            "account_receivable_turnover_ratio": 1.27,
            "reinvestment_rate": 721.31,
            "research_to_sale_ratio": null,
            "price_fair": 1.44,
            "eps_avg_yearly": 0.48,
            "eps_latest_yearly": 0.12,
            "eps_growth_yearly": -166.22
        },
        "20124": {
            "year_quarter": 20124,
            "year": 2012,
            "quarter": 4,
            "eps": -0.17,
            "eps_growth_year": null,
            "eps_4q": 0.22,
            "eps_4q_growth_year": 392.6,
            "roe": -1.37,
            "roe_4q": 1.8199999999999996,
            "gross_profit": 9646,
            "gross_margin": 7.26,
            "gross_margin_4q_avg": 11.76,
            "net_income": -8751,
            "net_income_4q": null,
            "revenue": 132843,
            "revenue_4q": null,
            "common_shares": 514751,
            "book_valuer_per_share": 12.34,
            "book_valuer_per_share_4q_avg": 12.33,
            "equity": 635206,
            "current_ratio": 289.17,
            "debt_ratio": 20.03,
            "inventory_turnover_ratio": 4.22,
            "account_receivable_turnover_ratio": 0.72,
            "reinvestment_rate": 425.84,
            "research_to_sale_ratio": null,
            "price_fair": 1.44,
            "eps_avg_yearly": 0.48,
            "eps_latest_yearly": 0.12,
            "eps_growth_yearly": -166.22
        },
        "20131": {
            "year_quarter": 20131,
            "year": 2013,
            "quarter": 1,
            "eps": 0.17,
            "eps_growth_year": 13.33,
            "eps_4q": 0.25,
            "eps_4q_growth_year": -6.67,
            "roe": 1.39,
            "roe_4q": 1.9999999999999998,
            "gross_profit": 29746,
            "gross_margin": 17.03,
            "gross_margin_4q_avg": 12.85,
            "net_income": 8902,
            "net_income_4q": null,
            "revenue": 174683,
            "revenue_4q": null,
            "common_shares": 514751,
            "book_valuer_per_share": 12.49,
            "book_valuer_per_share_4q_avg": 12.38,
            "equity": 643170,
            "current_ratio": 320.72,
            "debt_ratio": 18.58,
            "inventory_turnover_ratio": 5.18,
            "account_receivable_turnover_ratio": 1.22,
            "reinvestment_rate": 290.75,
            "research_to_sale_ratio": null,
            "price_fair": 1.44,
            "eps_avg_yearly": 0.48,
            "eps_latest_yearly": 0.12,
            "eps_growth_yearly": -166.22
        },
        "20132": {
            "year_quarter": 20132,
            "year": 2013,
            "quarter": 2,
            "eps": -0.1,
            "eps_growth_year": null,
            "eps_4q": 0.24,
            "eps_4q_growth_year": 23.31,
            "roe": -0.81,
            "roe_4q": 1.9899999999999995,
            "gross_profit": 23077,
            "gross_margin": 14.48,
            "gross_margin_4q_avg": 13.29,
            "net_income": -5214,
            "net_income_4q": null,
            "revenue": 159328,
            "revenue_4q": null,
            "common_shares": 514751,
            "book_valuer_per_share": 12.39,
            "book_valuer_per_share_4q_avg": 12.44,
            "equity": 637997,
            "current_ratio": 268.17,
            "debt_ratio": 21.92,
            "inventory_turnover_ratio": 5.39,
            "account_receivable_turnover_ratio": 1,
            "reinvestment_rate": 157.05,
            "research_to_sale_ratio": null,
            "price_fair": 1.44,
            "eps_avg_yearly": 0.48,
            "eps_latest_yearly": 0.12,
            "eps_growth_yearly": -166.22
        },
        "20133": {
            "year_quarter": 20133,
            "year": 2013,
            "quarter": 3,
            "eps": 0.41,
            "eps_growth_year": 19.67,
            "eps_4q": 0.31,
            "eps_4q_growth_year": -6.58,
            "roe": 3.24,
            "roe_4q": 2.45,
            "gross_profit": 42528,
            "gross_margin": 16.51,
            "gross_margin_4q_avg": 13.82,
            "net_income": 21019,
            "net_income_4q": null,
            "revenue": 257584,
            "revenue_4q": null,
            "common_shares": 514751,
            "book_valuer_per_share": 12.8,
            "book_valuer_per_share_4q_avg": 12.51,
            "equity": 658998,
            "current_ratio": 242.77,
            "debt_ratio": 24.98,
            "inventory_turnover_ratio": 8.5,
            "account_receivable_turnover_ratio": 1.27,
            "reinvestment_rate": 136.57,
            "research_to_sale_ratio": null,
            "price_fair": 1.44,
            "eps_avg_yearly": 0.48,
            "eps_latest_yearly": 0.12,
            "eps_growth_yearly": -166.22
        },
        "20134": {
            "year_quarter": 20134,
            "year": 2013,
            "quarter": 4,
            "eps": -0.16,
            "eps_growth_year": null,
            "eps_4q": 0.32,
            "eps_4q_growth_year": 43.68,
            "roe": -1.26,
            "roe_4q": 2.56,
            "gross_profit": 10278,
            "gross_margin": 8,
            "gross_margin_4q_avg": 14.01,
            "net_income": -8273,
            "net_income_4q": null,
            "revenue": 128547,
            "revenue_4q": null,
            "common_shares": 514751,
            "book_valuer_per_share": 12.64,
            "book_valuer_per_share_4q_avg": 12.58,
            "equity": 650749,
            "current_ratio": 298.64,
            "debt_ratio": 19.35,
            "inventory_turnover_ratio": 3.56,
            "account_receivable_turnover_ratio": 0.69,
            "reinvestment_rate": 341.77,
            "research_to_sale_ratio": null,
            "price_fair": 0.66,
            "eps_avg_yearly": 0.22,
            "eps_latest_yearly": 0.12,
            "eps_growth_yearly": -216
        },
        "20141": {
            "year_quarter": 20141,
            "year": 2014,
            "quarter": 1,
            "eps": 0.07,
            "eps_growth_year": -58.82,
            "eps_4q": 0.22,
            "eps_4q_growth_year": -11.12,
            "roe": 0.58,
            "roe_4q": 1.75,
            "gross_profit": 24319,
            "gross_margin": 14.65,
            "gross_margin_4q_avg": 13.41,
            "net_income": 3780,
            "net_income_4q": null,
            "revenue": 166032,
            "revenue_4q": null,
            "common_shares": 514751,
            "book_valuer_per_share": 12.72,
            "book_valuer_per_share_4q_avg": 12.64,
            "equity": 654532,
            "current_ratio": 323.84,
            "debt_ratio": 18.96,
            "inventory_turnover_ratio": 4,
            "account_receivable_turnover_ratio": 1.17,
            "reinvestment_rate": 360.77,
            "research_to_sale_ratio": null,
            "price_fair": 0.36,
            "eps_avg_yearly": 0.12,
            "eps_latest_yearly": 0.12,
            "eps_growth_yearly": -160
        },
        "20142": {
            "year_quarter": 20142,
            "year": 2014,
            "quarter": 2,
            "eps": -0.01,
            "eps_growth_year": null,
            "eps_4q": 0.32,
            "eps_4q_growth_year": 29.35,
            "roe": -0.04,
            "roe_4q": 2.52,
            "gross_profit": 21639,
            "gross_margin": 13.68,
            "gross_margin_4q_avg": 13.21,
            "net_income": -263,
            "net_income_4q": null,
            "revenue": 158177,
            "revenue_4q": null,
            "common_shares": 514751,
            "book_valuer_per_share": 12.71,
            "book_valuer_per_share_4q_avg": 12.72,
            "equity": 654263,
            "current_ratio": 332.91,
            "debt_ratio": 18.71,
            "inventory_turnover_ratio": 4.76,
            "account_receivable_turnover_ratio": 1.01,
            "reinvestment_rate": 147.19,
            "research_to_sale_ratio": null,
            "price_fair": 0.36,
            "eps_avg_yearly": 0.12,
            "eps_latest_yearly": 0.12,
            "eps_growth_yearly": -160
        },
        "20143": {
            "year_quarter": 20143,
            "year": 2014,
            "quarter": 3,
            "eps": 0.29,
            "eps_growth_year": -29.27,
            "eps_4q": 0.2,
            "eps_4q_growth_year": -37.05,
            "roe": 2.24,
            "roe_4q": 1.5200000000000002,
            "gross_profit": 39283,
            "gross_margin": 16.13,
            "gross_margin_4q_avg": 13.12,
            "net_income": 14800,
            "net_income_4q": null,
            "revenue": 243540,
            "revenue_4q": null,
            "common_shares": 514751,
            "book_valuer_per_share": 13.02,
            "book_valuer_per_share_4q_avg": 12.77,
            "equity": 670082,
            "current_ratio": 262.7,
            "debt_ratio": 23.85,
            "inventory_turnover_ratio": 6.99,
            "account_receivable_turnover_ratio": 1.24,
            "reinvestment_rate": 111.14,
            "research_to_sale_ratio": null,
            "price_fair": 0.36,
            "eps_avg_yearly": 0.12,
            "eps_latest_yearly": 0.12,
            "eps_growth_yearly": -160
        },
        "20144": {
            "year_quarter": 20144,
            "year": 2014,
            "quarter": 4,
            "eps": -0.13,
            "eps_growth_year": null,
            "eps_4q": 0.22,
            "eps_4q_growth_year": -29.97,
            "roe": -1.02,
            "roe_4q": 1.7600000000000002,
            "gross_profit": 13402,
            "gross_margin": 9.97,
            "gross_margin_4q_avg": 13.61,
            "net_income": -6808,
            "net_income_4q": null,
            "revenue": 134373,
            "revenue_4q": null,
            "common_shares": 514751,
            "book_valuer_per_share": 12.87,
            "book_valuer_per_share_4q_avg": 12.83,
            "equity": 662269,
            "current_ratio": 359.87,
            "debt_ratio": 17.78,
            "inventory_turnover_ratio": 3.76,
            "account_receivable_turnover_ratio": 0.73,
            "reinvestment_rate": 139.38,
            "research_to_sale_ratio": null,
            "price_fair": 0,
            "eps_avg_yearly": 0,
            "eps_latest_yearly": 0,
            "eps_growth_yearly": 0
        },
        "20151": {
            "year_quarter": 20151,
            "year": 2015,
            "quarter": 1,
            "eps": 0.22,
            "eps_growth_year": 214.29,
            "eps_4q": 0.37,
            "eps_4q_growth_year": 66.18,
            "roe": 1.66,
            "roe_4q": 2.84,
            "gross_profit": 34073,
            "gross_margin": 18.65,
            "gross_margin_4q_avg": 14.61,
            "net_income": 11069,
            "net_income_4q": null,
            "revenue": 182697,
            "revenue_4q": null,
            "common_shares": 514751,
            "book_valuer_per_share": 13.08,
            "book_valuer_per_share_4q_avg": 12.92,
            "equity": 673335,
            "current_ratio": 317.94,
            "debt_ratio": 20.21,
            "inventory_turnover_ratio": 4.38,
            "account_receivable_turnover_ratio": 1.18,
            "reinvestment_rate": 107.94,
            "research_to_sale_ratio": null,
            "price_fair": 0,
            "eps_avg_yearly": 0,
            "eps_latest_yearly": 0,
            "eps_growth_yearly": 0
        },
        "20152": {
            "year_quarter": 20152,
            "year": 2015,
            "quarter": 2,
            "eps": 0,
            "eps_growth_year": null,
            "eps_4q": 0.38,
            "eps_4q_growth_year": 18.72,
            "roe": 0.04,
            "roe_4q": 2.92,
            "gross_profit": 22668,
            "gross_margin": 13.84,
            "gross_margin_4q_avg": 14.65,
            "net_income": 247,
            "net_income_4q": null,
            "revenue": 163780,
            "revenue_4q": null,
            "common_shares": 514751,
            "book_valuer_per_share": 13.09,
            "book_valuer_per_share_4q_avg": 13.02,
            "equity": 673579,
            "current_ratio": 344.48,
            "debt_ratio": 19.46,
            "inventory_turnover_ratio": 4.47,
            "account_receivable_turnover_ratio": 0.97,
            "reinvestment_rate": 97.73,
            "research_to_sale_ratio": null,
            "price_fair": 0,
            "eps_avg_yearly": 0,
            "eps_latest_yearly": 0,
            "eps_growth_yearly": 0
        },
        "20153": {
            "year_quarter": 20153,
            "year": 2015,
            "quarter": 3,
            "eps": 0.35,
            "eps_growth_year": 20.69,
            "eps_4q": 0.44,
            "eps_4q_growth_year": 126.67,
            "roe": 2.67,
            "roe_4q": 3.35,
            "gross_profit": 38657,
            "gross_margin": 15.12,
            "gross_margin_4q_avg": 14.4,
            "net_income": 18259,
            "net_income_4q": null,
            "revenue": 255608,
            "revenue_4q": null,
            "common_shares": 514751,
            "book_valuer_per_share": 13.44,
            "book_valuer_per_share_4q_avg": 13.12,
            "equity": 691834,
            "current_ratio": 291.42,
            "debt_ratio": 23.03,
            "inventory_turnover_ratio": 8.13,
            "account_receivable_turnover_ratio": 1.23,
            "reinvestment_rate": 83.84,
            "research_to_sale_ratio": null,
            "price_fair": 0,
            "eps_avg_yearly": 0,
            "eps_latest_yearly": 0,
            "eps_growth_yearly": 0
        },
        "20154": {
            "year_quarter": 20154,
            "year": 2015,
            "quarter": 4,
            "eps": -0.25,
            "eps_growth_year": null,
            "eps_4q": 0.32,
            "eps_4q_growth_year": 43.46,
            "roe": -1.91,
            "roe_4q": 2.46,
            "gross_profit": 12066,
            "gross_margin": 8.98,
            "gross_margin_4q_avg": 14.15,
            "net_income": -13064,
            "net_income_4q": null,
            "revenue": 134368,
            "revenue_4q": null,
            "common_shares": 514751,
            "book_valuer_per_share": 13.19,
            "book_valuer_per_share_4q_avg": 13.2,
            "equity": 678780,
            "current_ratio": 348,
            "debt_ratio": 19.52,
            "inventory_turnover_ratio": 3.55,
            "account_receivable_turnover_ratio": 0.68,
            "reinvestment_rate": -25.44,
            "research_to_sale_ratio": null,
            "price_fair": 0,
            "eps_avg_yearly": 0,
            "eps_latest_yearly": 0,
            "eps_growth_yearly": 0
        },
        "20161": {
            "year_quarter": 20161,
            "year": 2016,
            "quarter": 1,
            "eps": 0.1,
            "eps_growth_year": -54.55,
            "eps_4q": 0.2,
            "eps_4q_growth_year": -44.54,
            "roe": 0.73,
            "roe_4q": 1.53,
            "gross_profit": 21316,
            "gross_margin": 13.98,
            "gross_margin_4q_avg": 12.98,
            "net_income": 4984,
            "net_income_4q": null,
            "revenue": 152465,
            "revenue_4q": null,
            "common_shares": 514751,
            "book_valuer_per_share": 13.28,
            "book_valuer_per_share_4q_avg": 13.25,
            "equity": 683773,
            "current_ratio": 344.3,
            "debt_ratio": 19.28,
            "inventory_turnover_ratio": 3.36,
            "account_receivable_turnover_ratio": 1.07,
            "reinvestment_rate": -24.88,
            "research_to_sale_ratio": null,
            "price_fair": 0,
            "eps_avg_yearly": 0,
            "eps_latest_yearly": 0,
            "eps_growth_yearly": 0
        },
        "20162": {
            "year_quarter": 20162,
            "year": 2016,
            "quarter": 2,
            "eps": 0.13,
            "eps_growth_year": null,
            "eps_4q": 0.31,
            "eps_4q_growth_year": -18.4,
            "roe": 1.04,
            "roe_4q": 2.5300000000000002,
            "gross_profit": 22964,
            "gross_margin": 14.32,
            "gross_margin_4q_avg": 13.1,
            "net_income": 7151,
            "net_income_4q": null,
            "revenue": 160408,
            "revenue_4q": null,
            "common_shares": 514751,
            "book_valuer_per_share": 13.42,
            "book_valuer_per_share_4q_avg": 13.33,
            "equity": 690945,
            "current_ratio": 344.68,
            "debt_ratio": 19.09,
            "inventory_turnover_ratio": 4.17,
            "account_receivable_turnover_ratio": 1.03,
            "reinvestment_rate": -23.25,
            "research_to_sale_ratio": null,
            "price_fair": 18.2,
            "eps_avg_yearly": 0.52,
            "eps_latest_yearly": 0.52,
            "eps_growth_yearly": 120
        },
        "20163": {
            "year_quarter": 20163,
            "year": 2016,
            "quarter": 3,
            "eps": 0.12,
            "eps_growth_year": -65.71,
            "eps_4q": 0.11,
            "eps_4q_growth_year": -75.73,
            "roe": 1.01,
            "roe_4q": 0.8699999999999999,
            "gross_profit": 27300,
            "gross_margin": 12.26,
            "gross_margin_4q_avg": 12.39,
            "net_income": 7007,
            "net_income_4q": null,
            "revenue": 222689,
            "revenue_4q": null,
            "common_shares": 566226,
            "book_valuer_per_share": 12.33,
            "book_valuer_per_share_4q_avg": 13.06,
            "equity": 697985,
            "current_ratio": 265.21,
            "debt_ratio": 23.5,
            "inventory_turnover_ratio": 6.68,
            "account_receivable_turnover_ratio": 1.15,
            "reinvestment_rate": -25.97,
            "research_to_sale_ratio": null,
            "price_fair": 17.5,
            "eps_avg_yearly": 0.5,
            "eps_latest_yearly": 0.48,
            "eps_growth_yearly": 44.62
        },
        "20164": {
            "year_quarter": 20164,
            "year": 2016,
            "quarter": 4,
            "eps": -0.07,
            "eps_growth_year": null,
            "eps_4q": 0.27,
            "eps_4q_growth_year": -16.5,
            "roe": -0.57,
            "roe_4q": 2.21,
            "gross_profit": 11918,
            "gross_margin": 8.75,
            "gross_margin_4q_avg": 12.33,
            "net_income": -3977,
            "net_income_4q": null,
            "revenue": 136208,
            "revenue_4q": null,
            "common_shares": 566226,
            "book_valuer_per_share": 12.26,
            "book_valuer_per_share_4q_avg": 12.82,
            "equity": 694041,
            "current_ratio": 321.38,
            "debt_ratio": 18.47,
            "inventory_turnover_ratio": 3.62,
            "account_receivable_turnover_ratio": 0.75,
            "reinvestment_rate": -11.89,
            "research_to_sale_ratio": null,
            "price_fair": 17.5,
            "eps_avg_yearly": 0.5,
            "eps_latest_yearly": 0.48,
            "eps_growth_yearly": 44.62
        },
        "20171": {
            "year_quarter": 20171,
            "year": 2017,
            "quarter": 1,
            "eps": 0.09,
            "eps_growth_year": -10,
            "eps_4q": 0.27,
            "eps_4q_growth_year": 34.96,
            "roe": 0.76,
            "roe_4q": 2.24,
            "gross_profit": 21372,
            "gross_margin": 13.1,
            "gross_margin_4q_avg": 12.11,
            "net_income": 5297,
            "net_income_4q": null,
            "revenue": 163184,
            "revenue_4q": null,
            "common_shares": 566226,
            "book_valuer_per_share": 12.35,
            "book_valuer_per_share_4q_avg": 12.59,
            "equity": 699415,
            "current_ratio": 382.02,
            "debt_ratio": 15.87,
            "inventory_turnover_ratio": 3.71,
            "account_receivable_turnover_ratio": 1.1,
            "reinvestment_rate": 38.23,
            "research_to_sale_ratio": null,
            "price_fair": 17.5,
            "eps_avg_yearly": 0.5,
            "eps_latest_yearly": 0.48,
            "eps_growth_yearly": 44.62
        },
        "20172": {
            "year_quarter": 20172,
            "year": 2017,
            "quarter": 2,
            "eps": -0.1,
            "eps_growth_year": -176.92,
            "eps_4q": 0.05,
            "eps_4q_growth_year": -84.32,
            "roe": -0.81,
            "roe_4q": 0.39,
            "gross_profit": 10543,
            "gross_margin": 8,
            "gross_margin_4q_avg": 10.53,
            "net_income": -5610,
            "net_income_4q": null,
            "revenue": 131850,
            "revenue_4q": null,
            "common_shares": 566226,
            "book_valuer_per_share": 12.25,
            "book_valuer_per_share_4q_avg": 12.3,
            "equity": 693772,
            "current_ratio": 231.99,
            "debt_ratio": 25.63,
            "inventory_turnover_ratio": 2.97,
            "account_receivable_turnover_ratio": 0.91,
            "reinvestment_rate": 56.55,
            "research_to_sale_ratio": null,
            "price_fair": 17.5,
            "eps_avg_yearly": 0.5,
            "eps_latest_yearly": 0.48,
            "eps_growth_yearly": 44.62
        },
        "20173": {
            "year_quarter": 20173,
            "year": 2017,
            "quarter": 3,
            "eps": 0.21,
            "eps_growth_year": 75,
            "eps_4q": 0.14,
            "eps_4q_growth_year": 27.18,
            "roe": 1.72,
            "roe_4q": 1.1,
            "gross_profit": 30472,
            "gross_margin": 12.65,
            "gross_margin_4q_avg": 10.63,
            "net_income": 12020,
            "net_income_4q": null,
            "revenue": 240932,
            "revenue_4q": null,
            "common_shares": 566226,
            "book_valuer_per_share": 12.46,
            "book_valuer_per_share_4q_avg": 12.33,
            "equity": 705754,
            "current_ratio": 255.03,
            "debt_ratio": 23.7,
            "inventory_turnover_ratio": 5.7,
            "account_receivable_turnover_ratio": 1.29,
            "reinvestment_rate": 65.3,
            "research_to_sale_ratio": null,
            "price_fair": 17.5,
            "eps_avg_yearly": 0.5,
            "eps_latest_yearly": 0.48,
            "eps_growth_yearly": 44.62
        },
        "20174": {
            "year_quarter": 20174,
            "year": 2017,
            "quarter": 4,
            "eps": -0.17,
            "eps_growth_year": null,
            "eps_4q": 0.04,
            "eps_4q_growth_year": -86.91,
            "roe": -1.39,
            "roe_4q": 0.28,
            "gross_profit": 6105,
            "gross_margin": 5.38,
            "gross_margin_4q_avg": 9.78,
            "net_income": -9722,
            "net_income_4q": null,
            "revenue": 113556,
            "revenue_4q": null,
            "common_shares": 566226,
            "book_valuer_per_share": 12.29,
            "book_valuer_per_share_4q_avg": 12.34,
            "equity": 696026,
            "current_ratio": 305.94,
            "debt_ratio": 19.52,
            "inventory_turnover_ratio": 3.19,
            "account_receivable_turnover_ratio": 0.64,
            "reinvestment_rate": 92.82,
            "research_to_sale_ratio": null,
            "price_fair": 17.5,
            "eps_avg_yearly": 0.5,
            "eps_latest_yearly": 0.48,
            "eps_growth_yearly": 44.62
        },
        "20181": {
            "year_quarter": 20181,
            "year": 2018,
            "quarter": 1,
            "eps": 0.03,
            "eps_growth_year": -66.67,
            "eps_4q": -0.03,
            "eps_4q_growth_year": -110.48,
            "roe": 0.24,
            "roe_4q": -0.24,
            "gross_profit": 16020,
            "gross_margin": 10.74,
            "gross_margin_4q_avg": 9.19,
            "net_income": 1690,
            "net_income_4q": null,
            "revenue": 149094,
            "revenue_4q": null,
            "common_shares": 566226,
            "book_valuer_per_share": 12.32,
            "book_valuer_per_share_4q_avg": 12.33,
            "equity": 697658,
            "current_ratio": 357.44,
            "debt_ratio": 17.21,
            "inventory_turnover_ratio": 3.35,
            "account_receivable_turnover_ratio": 1.14,
            "reinvestment_rate": 95.46,
            "research_to_sale_ratio": null,
            "price_fair": 17.5,
            "eps_avg_yearly": 0.5,
            "eps_latest_yearly": 0.48,
            "eps_growth_yearly": 44.62
        },
        "20182": {
            "year_quarter": 20182,
            "year": 2018,
            "quarter": 2,
            "eps": 0.01,
            "eps_growth_year": null,
            "eps_4q": 0.08,
            "eps_4q_growth_year": 58.78,
            "roe": 0.05,
            "roe_4q": 0.6200000000000001,
            "gross_profit": 14339,
            "gross_margin": 10.02,
            "gross_margin_4q_avg": 9.7,
            "net_income": 326,
            "net_income_4q": null,
            "revenue": 143133,
            "revenue_4q": null,
            "common_shares": 566226,
            "book_valuer_per_share": 12.33,
            "book_valuer_per_share_4q_avg": 12.35,
            "equity": 698029,
            "current_ratio": 301.45,
            "debt_ratio": 20.32,
            "inventory_turnover_ratio": 3.15,
            "account_receivable_turnover_ratio": 0.98,
            "reinvestment_rate": 90.67,
            "research_to_sale_ratio": null,
            "price_fair": 1.04,
            "eps_avg_yearly": 0.35,
            "eps_latest_yearly": 0.04,
            "eps_growth_yearly": -59.15
        },
        "20183": {
            "year_quarter": 20183,
            "year": 2018,
            "quarter": 3,
            "eps": -0.07,
            "eps_growth_year": -133.33,
            "eps_4q": -0.2,
            "eps_4q_growth_year": -245.8,
            "roe": -0.51,
            "roe_4q": -1.6099999999999999,
            "gross_profit": 13662,
            "gross_margin": 6.52,
            "gross_margin_4q_avg": 8.17,
            "net_income": -3564,
            "net_income_4q": null,
            "revenue": 209420,
            "revenue_4q": null,
            "common_shares": 566226,
            "book_valuer_per_share": 12.27,
            "book_valuer_per_share_4q_avg": 12.3,
            "equity": 694597,
            "current_ratio": 139.83,
            "debt_ratio": 52.36,
            "inventory_turnover_ratio": 5.28,
            "account_receivable_turnover_ratio": 1.14,
            "reinvestment_rate": 151.54,
            "research_to_sale_ratio": null,
            "price_fair": 1.04,
            "eps_avg_yearly": 0.35,
            "eps_latest_yearly": 0.04,
            "eps_growth_yearly": -59.15
        },
        "20184": {
            "year_quarter": 20184,
            "year": 2018,
            "quarter": 4,
            "eps": -1.07,
            "eps_growth_year": null,
            "eps_4q": -1.1,
            "eps_4q_growth_year": -3243.3,
            "roe": -9.16,
            "roe_4q": -9.379999999999999,
            "gross_profit": -10312,
            "gross_margin": -11.14,
            "gross_margin_4q_avg": 4.04,
            "net_income": -60847,
            "net_income_4q": null,
            "revenue": 92591,
            "revenue_4q": null,
            "common_shares": 566226,
            "book_valuer_per_share": 11.19,
            "book_valuer_per_share_4q_avg": 12.03,
            "equity": 633649,
            "current_ratio": 95.77,
            "debt_ratio": 53.7,
            "inventory_turnover_ratio": 3.21,
            "account_receivable_turnover_ratio": 0.57,
            "reinvestment_rate": null,
            "research_to_sale_ratio": null,
            "price_fair": 1.04,
            "eps_avg_yearly": 0.35,
            "eps_latest_yearly": 0.04,
            "eps_growth_yearly": -59.15
        },
        "20191": {
            "year_quarter": 20191,
            "year": 2019,
            "quarter": 1,
            "eps": -0.16,
            "eps_growth_year": -633.33,
            "eps_4q": -1.3,
            "eps_4q_growth_year": null,
            "roe": -1.5,
            "roe_4q": -11.12,
            "gross_profit": 14827,
            "gross_margin": 11.2,
            "gross_margin_4q_avg": 4.15,
            "net_income": -9256,
            "net_income_4q": null,
            "revenue": 132403,
            "revenue_4q": null,
            "common_shares": 566226,
            "book_valuer_per_share": 10.55,
            "book_valuer_per_share_4q_avg": 11.59,
            "equity": 597187,
            "current_ratio": 86.46,
            "debt_ratio": 56.34,
            "inventory_turnover_ratio": 3.58,
            "account_receivable_turnover_ratio": 1.15,
            "reinvestment_rate": null,
            "research_to_sale_ratio": null,
            "price_fair": 1.04,
            "eps_avg_yearly": 0.35,
            "eps_latest_yearly": 0.04,
            "eps_growth_yearly": -59.15
        },
        "20192": {
            "year_quarter": 20192,
            "year": 2019,
            "quarter": 2,
            "eps": -0.24,
            "eps_growth_year": -2500,
            "eps_4q": -1.54,
            "eps_4q_growth_year": -2125.98,
            "roe": -2.33,
            "roe_4q": -13.5,
            "gross_profit": 2805,
            "gross_margin": 3,
            "gross_margin_4q_avg": 2.4,
            "net_income": -13734,
            "net_income_4q": null,
            "revenue": 93600,
            "revenue_4q": null,
            "common_shares": 566226,
            "book_valuer_per_share": 10.3,
            "book_valuer_per_share_4q_avg": 11.08,
            "equity": 583477,
            "current_ratio": 81.08,
            "debt_ratio": 55.66,
            "inventory_turnover_ratio": 3.39,
            "account_receivable_turnover_ratio": 0.83,
            "reinvestment_rate": null,
            "research_to_sale_ratio": null,
            "price_fair": 1.04,
            "eps_avg_yearly": 0.35,
            "eps_latest_yearly": 0.04,
            "eps_growth_yearly": -59.15
        },
        "20193": {
            "year_quarter": 20193,
            "year": 2019,
            "quarter": 3,
            "eps": -0.22,
            "eps_growth_year": null,
            "eps_4q": -1.7,
            "eps_4q_growth_year": null,
            "roe": -2.2,
            "roe_4q": -15.190000000000001,
            "gross_profit": 3659,
            "gross_margin": 2.84,
            "gross_margin_4q_avg": 1.48,
            "net_income": -12704,
            "net_income_4q": null,
            "revenue": 128944,
            "revenue_4q": null,
            "common_shares": 566226,
            "book_valuer_per_share": 10.08,
            "book_valuer_per_share_4q_avg": 10.53,
            "equity": 570822,
            "current_ratio": 80.19,
            "debt_ratio": 56.22,
            "inventory_turnover_ratio": 5.13,
            "account_receivable_turnover_ratio": 1.14,
            "reinvestment_rate": null,
            "research_to_sale_ratio": null,
            "price_fair": 1.04,
            "eps_avg_yearly": 0.35,
            "eps_latest_yearly": 0.04,
            "eps_growth_yearly": -59.15
        },
        "20194": {
            "year_quarter": 20194,
            "year": 2019,
            "quarter": 4,
            "eps": -0.13,
            "eps_growth_year": null,
            "eps_4q": -0.76,
            "eps_4q_growth_year": null,
            "roe": -1.3,
            "roe_4q": -7.33,
            "gross_profit": 5715,
            "gross_margin": 7.11,
            "gross_margin_4q_avg": 6.04,
            "net_income": -7399,
            "net_income_4q": null,
            "revenue": 80421,
            "revenue_4q": null,
            "common_shares": 566226,
            "book_valuer_per_share": 9.95,
            "book_valuer_per_share_4q_avg": 10.22,
            "equity": 563407,
            "current_ratio": 188.55,
            "debt_ratio": 55.5,
            "inventory_turnover_ratio": 2.28,
            "account_receivable_turnover_ratio": 0.76,
            "reinvestment_rate": null,
            "research_to_sale_ratio": null,
            "price_fair": 1.04,
            "eps_avg_yearly": 0.35,
            "eps_latest_yearly": 0.04,
            "eps_growth_yearly": -59.15
        },
        "20201": {
            "year_quarter": 20201,
            "year": 2020,
            "quarter": 1,
            "eps": -0.22,
            "eps_growth_year": null,
            "eps_4q": -0.82,
            "eps_4q_growth_year": null,
            "roe": -2.27,
            "roe_4q": -8.100000000000001,
            "gross_profit": -2028,
            "gross_margin": -2.53,
            "gross_margin_4q_avg": 2.61,
            "net_income": -12631,
            "net_income_4q": null,
            "revenue": 80065,
            "revenue_4q": null,
            "common_shares": 566226,
            "book_valuer_per_share": 9.73,
            "book_valuer_per_share_4q_avg": 10.02,
            "equity": 550769,
            "current_ratio": 241.4,
            "debt_ratio": 56.78,
            "inventory_turnover_ratio": 2.4,
            "account_receivable_turnover_ratio": 1.02,
            "reinvestment_rate": null,
            "research_to_sale_ratio": null,
            "price_fair": 1.04,
            "eps_avg_yearly": 0.35,
            "eps_latest_yearly": 0.04,
            "eps_growth_yearly": -59.15
        },
        "20202": {
            "year_quarter": 20202,
            "year": 2020,
            "quarter": 2,
            "eps": 0.16,
            "eps_growth_year": null,
            "eps_4q": -0.42,
            "eps_4q_growth_year": null,
            "roe": 1.6,
            "roe_4q": -4.17,
            "gross_profit": -4405,
            "gross_margin": -5.1,
            "gross_margin_4q_avg": 0.58,
            "net_income": 8902,
            "net_income_4q": null,
            "revenue": 86367,
            "revenue_4q": null,
            "common_shares": 566226,
            "book_valuer_per_share": 9.88,
            "book_valuer_per_share_4q_avg": 9.91,
            "equity": 559691,
            "current_ratio": 222.24,
            "debt_ratio": 56.42,
            "inventory_turnover_ratio": 3.18,
            "account_receivable_turnover_ratio": 1.02,
            "reinvestment_rate": null,
            "research_to_sale_ratio": null,
            "price_fair": 0.78,
            "eps_avg_yearly": 0.26,
            "eps_latest_yearly": 0.04,
            "eps_growth_yearly": -148.72
        },
        "20203": {
            "year_quarter": 20203,
            "year": 2020,
            "quarter": 3,
            "eps": -0.11,
            "eps_growth_year": null,
            "eps_4q": -0.31,
            "eps_4q_growth_year": null,
            "roe": -1.12,
            "roe_4q": -3.09,
            "gross_profit": 14596,
            "gross_margin": 9.12,
            "gross_margin_4q_avg": 2.15,
            "net_income": -6246,
            "net_income_4q": null,
            "revenue": 160100,
            "revenue_4q": null,
            "common_shares": 566226,
            "book_valuer_per_share": 9.77,
            "book_valuer_per_share_4q_avg": 9.83,
            "equity": 553440,
            "current_ratio": 53.12,
            "debt_ratio": 57.09,
            "inventory_turnover_ratio": 5.07,
            "account_receivable_turnover_ratio": 1.23,
            "reinvestment_rate": null,
            "research_to_sale_ratio": null,
            "price_fair": 0.12,
            "eps_avg_yearly": 0.04,
            "eps_latest_yearly": 0.04,
            "eps_growth_yearly": -266.67
        },
        "20204": {
            "year_quarter": 20204,
            "year": 2020,
            "quarter": 4,
            "eps": -0.31,
            "eps_growth_year": null,
            "eps_4q": -0.48,
            "eps_4q_growth_year": null,
            "roe": -3.17,
            "roe_4q": -4.96,
            "gross_profit": -2614,
            "gross_margin": -3.15,
            "gross_margin_4q_avg": -0.42,
            "net_income": -17277,
            "net_income_4q": null,
            "revenue": 83080,
            "revenue_4q": null,
            "common_shares": 566226,
            "book_valuer_per_share": 9.47,
            "book_valuer_per_share_4q_avg": 9.71,
            "equity": 536146,
            "current_ratio": 48.51,
            "debt_ratio": 57.29,
            "inventory_turnover_ratio": 2.53,
            "account_receivable_turnover_ratio": 0.65,
            "reinvestment_rate": null,
            "research_to_sale_ratio": null,
            "price_fair": 0.12,
            "eps_avg_yearly": 0.04,
            "eps_latest_yearly": 0.04,
            "eps_growth_yearly": -266.67
        },
        "20211": {
            "year_quarter": 20211,
            "year": 2021,
            "quarter": 1,
            "eps": -0.24,
            "eps_growth_year": null,
            "eps_4q": -0.5,
            "eps_4q_growth_year": null,
            "roe": -2.58,
            "roe_4q": -5.27,
            "gross_profit": 3005,
            "gross_margin": 2.94,
            "gross_margin_4q_avg": 0.95,
            "net_income": -13664,
            "net_income_4q": null,
            "revenue": 102264,
            "revenue_4q": null,
            "common_shares": 566226,
            "book_valuer_per_share": 9.23,
            "book_valuer_per_share_4q_avg": 9.59,
            "equity": 522486,
            "current_ratio": 42.84,
            "debt_ratio": 58.07,
            "inventory_turnover_ratio": 2.54,
            "account_receivable_turnover_ratio": 1.07,
            "reinvestment_rate": null,
            "research_to_sale_ratio": null,
            "price_fair": 0.12,
            "eps_avg_yearly": 0.04,
            "eps_latest_yearly": 0.04,
            "eps_growth_yearly": -266.67
        },
        "20212": {
            "year_quarter": 20212,
            "year": 2021,
            "quarter": 2,
            "eps": -0.41,
            "eps_growth_year": -356.25,
            "eps_4q": -1.07,
            "eps_4q_growth_year": null,
            "roe": -4.55,
            "roe_4q": -11.420000000000002,
            "gross_profit": -179,
            "gross_margin": -0.17,
            "gross_margin_4q_avg": 2.19,
            "net_income": -23263,
            "net_income_4q": null,
            "revenue": 102751,
            "revenue_4q": null,
            "common_shares": 566226,
            "book_valuer_per_share": 8.82,
            "book_valuer_per_share_4q_avg": 9.32,
            "equity": 499223,
            "current_ratio": 52.02,
            "debt_ratio": 59.35,
            "inventory_turnover_ratio": 2.63,
            "account_receivable_turnover_ratio": 1.01,
            "reinvestment_rate": null,
            "research_to_sale_ratio": null,
            "price_fair": 0.12,
            "eps_avg_yearly": 0.04,
            "eps_latest_yearly": 0.04,
            "eps_growth_yearly": -266.67
        },
        "20213": {
            "year_quarter": 20213,
            "year": 2021,
            "quarter": 3,
            "eps": -0.71,
            "eps_growth_year": null,
            "eps_4q": -1.67,
            "eps_4q_growth_year": null,
            "roe": -8.45,
            "roe_4q": -18.75,
            "gross_profit": -9511,
            "gross_margin": -7.38,
            "gross_margin_4q_avg": -1.94,
            "net_income": -40457,
            "net_income_4q": null,
            "revenue": 128815,
            "revenue_4q": null,
            "common_shares": 566226,
            "book_valuer_per_share": 8.1,
            "book_valuer_per_share_4q_avg": 8.91,
            "equity": 458773,
            "current_ratio": 44.45,
            "debt_ratio": 60.9,
            "inventory_turnover_ratio": 4.25,
            "account_receivable_turnover_ratio": 1.13,
            "reinvestment_rate": null,
            "research_to_sale_ratio": null,
            "price_fair": 0.12,
            "eps_avg_yearly": 0.04,
            "eps_latest_yearly": 0.04,
            "eps_growth_yearly": -266.67
        },
        "20214": {
            "year_quarter": 20214,
            "year": 2021,
            "quarter": 4,
            "eps": -0.3,
            "eps_growth_year": null,
            "eps_4q": -1.67,
            "eps_4q_growth_year": null,
            "roe": -3.79,
            "roe_4q": -19.369999999999997,
            "gross_profit": -3334,
            "gross_margin": -3.53,
            "gross_margin_4q_avg": -2.04,
            "net_income": -17052,
            "net_income_4q": null,
            "revenue": 94577,
            "revenue_4q": null,
            "common_shares": 566226,
            "book_valuer_per_share": 7.8,
            "book_valuer_per_share_4q_avg": 8.49,
            "equity": 441715,
            "current_ratio": 35.87,
            "debt_ratio": 60.66,
            "inventory_turnover_ratio": 3.36,
            "account_receivable_turnover_ratio": 0.87,
            "reinvestment_rate": null,
            "research_to_sale_ratio": null,
            "price_fair": 0.12,
            "eps_avg_yearly": 0.04,
            "eps_latest_yearly": 0.04,
            "eps_growth_yearly": -266.67
        },
        "20221": {
            "year_quarter": 20221,
            "year": 2022,
            "quarter": 1,
            "eps": -0.47,
            "eps_growth_year": null,
            "eps_4q": -1.9,
            "eps_4q_growth_year": null,
            "roe": -6.25,
            "roe_4q": -23.04,
            "gross_profit": -7683,
            "gross_margin": -7.61,
            "gross_margin_4q_avg": -4.67,
            "net_income": -26757,
            "net_income_4q": null,
            "revenue": 100942,
            "revenue_4q": null,
            "common_shares": 566226,
            "book_valuer_per_share": 7.33,
            "book_valuer_per_share_4q_avg": 8.01,
            "equity": 414932,
            "current_ratio": 90.86,
            "debt_ratio": 62.94,
            "inventory_turnover_ratio": 3.96,
            "account_receivable_turnover_ratio": 1.08,
            "reinvestment_rate": null,
            "research_to_sale_ratio": null,
            "price_fair": 0.12,
            "eps_avg_yearly": 0.04,
            "eps_latest_yearly": 0.04,
            "eps_growth_yearly": -266.67
        },
        "20222": {
            "year_quarter": 20222,
            "year": 2022,
            "quarter": 2,
            "eps": -0.31,
            "eps_growth_year": null,
            "eps_4q": -1.8,
            "eps_4q_growth_year": null,
            "roe": -4.34,
            "roe_4q": -22.83,
            "gross_profit": -3797,
            "gross_margin": -4.09,
            "gross_margin_4q_avg": -5.65,
            "net_income": -17608,
            "net_income_4q": null,
            "revenue": 92803,
            "revenue_4q": null,
            "common_shares": 566226,
            "book_valuer_per_share": 7.02,
            "book_valuer_per_share_4q_avg": 7.56,
            "equity": 397333,
            "current_ratio": 76.96,
            "debt_ratio": 62.99,
            "inventory_turnover_ratio": 3.88,
            "account_receivable_turnover_ratio": 1.02,
            "reinvestment_rate": null,
            "research_to_sale_ratio": null,
            "price_fair": 0,
            "eps_avg_yearly": 0,
            "eps_latest_yearly": 0,
            "eps_growth_yearly": 0
        },
        "20223": {
            "year_quarter": 20223,
            "year": 2022,
            "quarter": 3,
            "eps": -0.3,
            "eps_growth_year": null,
            "eps_4q": -1.38,
            "eps_4q_growth_year": null,
            "roe": -4.33,
            "roe_4q": -18.71,
            "gross_profit": -96,
            "gross_margin": -0.09,
            "gross_margin_4q_avg": -3.83,
            "net_income": -16837,
            "net_income_4q": null,
            "revenue": 104489,
            "revenue_4q": null,
            "common_shares": 566226,
            "book_valuer_per_share": 6.72,
            "book_valuer_per_share_4q_avg": 7.22,
            "equity": 380500,
            "current_ratio": 68.07,
            "debt_ratio": 64.15,
            "inventory_turnover_ratio": 4.48,
            "account_receivable_turnover_ratio": 1.16,
            "reinvestment_rate": null,
            "research_to_sale_ratio": null,
            "price_fair": 0,
            "eps_avg_yearly": 0,
            "eps_latest_yearly": 0,
            "eps_growth_yearly": 0
        },
        "20224": {
            "year_quarter": 20224,
            "year": 2022,
            "quarter": 4,
            "eps": -0.26,
            "eps_growth_year": null,
            "eps_4q": -1.34,
            "eps_4q_growth_year": null,
            "roe": -3.91,
            "roe_4q": -18.83,
            "gross_profit": -291,
            "gross_margin": -0.3,
            "gross_margin_4q_avg": -3.02,
            "net_income": -14607,
            "net_income_4q": null,
            "revenue": 95713,
            "revenue_4q": null,
            "common_shares": 566226,
            "book_valuer_per_share": 6.46,
            "book_valuer_per_share_4q_avg": 6.88,
            "equity": 365894,
            "current_ratio": 63.03,
            "debt_ratio": 65.43,
            "inventory_turnover_ratio": 4.6,
            "account_receivable_turnover_ratio": 1,
            "reinvestment_rate": null,
            "research_to_sale_ratio": null,
            "price_fair": 0,
            "eps_avg_yearly": 0,
            "eps_latest_yearly": 0,
            "eps_growth_yearly": 0
        },
        "20231": {
            "year_quarter": 20231,
            "year": 2023,
            "quarter": 1,
            "eps": -0.34,
            "eps_growth_year": null,
            "eps_4q": -1.21,
            "eps_4q_growth_year": null,
            "roe": -5.4,
            "roe_4q": -17.98,
            "gross_profit": -3761,
            "gross_margin": -4.26,
            "gross_margin_4q_avg": -2.19,
            "net_income": -19228,
            "net_income_4q": null,
            "revenue": 88390,
            "revenue_4q": null,
            "common_shares": 566226,
            "book_valuer_per_share": 6.12,
            "book_valuer_per_share_4q_avg": 6.58,
            "equity": 346660,
            "current_ratio": 51.87,
            "debt_ratio": 66.42,
            "inventory_turnover_ratio": 5.05,
            "account_receivable_turnover_ratio": 1.02,
            "reinvestment_rate": null,
            "research_to_sale_ratio": null,
            "price_fair": 0,
            "eps_avg_yearly": 0,
            "eps_latest_yearly": 0,
            "eps_growth_yearly": 0
        },
        "20232": {
            "year_quarter": 20232,
            "year": 2023,
            "quarter": 2,
            "eps": -0.72,
            "eps_growth_year": null,
            "eps_4q": -1.61,
            "eps_4q_growth_year": null,
            "roe": -12.42,
            "roe_4q": -26.060000000000002,
            "gross_profit": -22828,
            "gross_margin": -83.53,
            "gross_margin_4q_avg": -22.05,
            "net_income": -40547,
            "net_income_4q": null,
            "revenue": 27330,
            "revenue_4q": null,
            "common_shares": 566226,
            "book_valuer_per_share": 5.41,
            "book_valuer_per_share_4q_avg": 6.18,
            "equity": 306081,
            "current_ratio": 29.66,
            "debt_ratio": 68.59,
            "inventory_turnover_ratio": 2.85,
            "account_receivable_turnover_ratio": 0.54,
            "reinvestment_rate": null,
            "research_to_sale_ratio": null,
            "price_fair": 0,
            "eps_avg_yearly": 0,
            "eps_latest_yearly": 0,
            "eps_growth_yearly": 0
        },
        "20233": {
            "year_quarter": 20233,
            "year": 2023,
            "quarter": 3,
            "eps": -0.66,
            "eps_growth_year": null,
            "eps_4q": -1.97,
            "eps_4q_growth_year": null,
            "roe": -12.91,
            "roe_4q": -34.64,
            "gross_profit": -43005,
            "gross_margin": 594.9,
            "gross_margin_4q_avg": 126.7,
            "net_income": -37119,
            "net_income_4q": null,
            "revenue": -7229,
            "revenue_4q": null,
            "common_shares": 566226,
            "book_valuer_per_share": 4.75,
            "book_valuer_per_share_4q_avg": 5.69,
            "equity": 269005,
            "current_ratio": 35.61,
            "debt_ratio": 70.7,
            "inventory_turnover_ratio": 2.23,
            "account_receivable_turnover_ratio": -0.6,
            "reinvestment_rate": null,
            "research_to_sale_ratio": null,
            "price_fair": 0,
            "eps_avg_yearly": 0,
            "eps_latest_yearly": 0,
            "eps_growth_yearly": 0
        }
    },
    "months": {
        "2001-06": {
            "month": "2001-06",
            "price": "11.30",
            "revenue": 53062
        },
        "2001-07": {
            "month": "2001-07",
            "price": "10.84",
            "revenue": 54625
        },
        "2001-08": {
            "month": "2001-08",
            "price": "11.55",
            "revenue": 81241
        },
        "2001-09": {
            "month": "2001-09",
            "price": "11.77",
            "revenue": 52408
        },
        "2001-10": {
            "month": "2001-10",
            "price": "11.66",
            "revenue": 49173
        },
        "2001-11": {
            "month": "2001-11",
            "price": "10.91",
            "revenue": 40477
        },
        "2001-12": {
            "month": "2001-12",
            "price": "11.42",
            "revenue": 36973
        },
        "2002-01": {
            "month": "2002-01",
            "price": "10.18",
            "revenue": 45039
        },
        "2002-02": {
            "month": "2002-02",
            "price": "9.02",
            "revenue": 53375
        },
        "2002-03": {
            "month": "2002-03",
            "price": "9.86",
            "revenue": 45317
        },
        "2002-04": {
            "month": "2002-04",
            "price": "11.26",
            "revenue": 47456
        },
        "2002-05": {
            "month": "2002-05",
            "price": "12.62",
            "revenue": 55558
        },
        "2002-06": {
            "month": "2002-06",
            "price": "11.62",
            "revenue": 52482
        },
        "2002-07": {
            "month": "2002-07",
            "price": "12.44",
            "revenue": 60708
        },
        "2002-08": {
            "month": "2002-08",
            "price": "15.58",
            "revenue": 82611
        },
        "2002-09": {
            "month": "2002-09",
            "price": "14.91",
            "revenue": 51124
        },
        "2002-10": {
            "month": "2002-10",
            "price": "10.85",
            "revenue": 44254
        },
        "2002-11": {
            "month": "2002-11",
            "price": "11.42",
            "revenue": 38406
        },
        "2002-12": {
            "month": "2002-12",
            "price": "12.43",
            "revenue": 37109
        },
        "2003-01": {
            "month": "2003-01",
            "price": "13.00",
            "revenue": 58928
        },
        "2003-02": {
            "month": "2003-02",
            "price": "12.67",
            "revenue": 37801
        },
        "2003-03": {
            "month": "2003-03",
            "price": "11.99",
            "revenue": 38031
        },
        "2003-04": {
            "month": "2003-04",
            "price": "11.64",
            "revenue": 43123
        },
        "2003-05": {
            "month": "2003-05",
            "price": "10.88",
            "revenue": 53337
        },
        "2003-06": {
            "month": "2003-06",
            "price": "11.41",
            "revenue": 51597
        },
        "2003-07": {
            "month": "2003-07",
            "price": "11.76",
            "revenue": 84824
        },
        "2003-08": {
            "month": "2003-08",
            "price": "11.73",
            "revenue": 87155
        },
        "2003-09": {
            "month": "2003-09",
            "price": "11.67",
            "revenue": 61518
        },
        "2003-10": {
            "month": "2003-10",
            "price": "11.56",
            "revenue": 47880
        },
        "2003-11": {
            "month": "2003-11",
            "price": "11.40",
            "revenue": 43961
        },
        "2003-12": {
            "month": "2003-12",
            "price": "11.35",
            "revenue": 39425
        },
        "2004-01": {
            "month": "2004-01",
            "price": "12.09",
            "revenue": 67908
        },
        "2004-02": {
            "month": "2004-02",
            "price": "13.73",
            "revenue": 39666
        },
        "2004-03": {
            "month": "2004-03",
            "price": "13.73",
            "revenue": 47947
        },
        "2004-04": {
            "month": "2004-04",
            "price": "13.13",
            "revenue": 48792
        },
        "2004-05": {
            "month": "2004-05",
            "price": "12.76",
            "revenue": 59732
        },
        "2004-06": {
            "month": "2004-06",
            "price": "12.21",
            "revenue": 59724
        },
        "2004-07": {
            "month": "2004-07",
            "price": "12.03",
            "revenue": 58832
        },
        "2004-08": {
            "month": "2004-08",
            "price": "11.70",
            "revenue": 85037
        },
        "2004-09": {
            "month": "2004-09",
            "price": "11.56",
            "revenue": 60022
        },
        "2004-10": {
            "month": "2004-10",
            "price": "11.44",
            "revenue": 52085
        },
        "2004-11": {
            "month": "2004-11",
            "price": "11.63",
            "revenue": 39820
        },
        "2004-12": {
            "month": "2004-12",
            "price": "11.61",
            "revenue": 40307
        },
        "2005-01": {
            "month": "2005-01",
            "price": "11.49",
            "revenue": 62737
        },
        "2005-02": {
            "month": "2005-02",
            "price": "11.25",
            "revenue": 46181
        },
        "2005-03": {
            "month": "2005-03",
            "price": "11.24",
            "revenue": 43072
        },
        "2005-04": {
            "month": "2005-04",
            "price": "11.29",
            "revenue": 51484
        },
        "2005-05": {
            "month": "2005-05",
            "price": "10.40",
            "revenue": 57004
        },
        "2005-06": {
            "month": "2005-06",
            "price": "10.38",
            "revenue": 58481
        },
        "2005-07": {
            "month": "2005-07",
            "price": "10.32",
            "revenue": 84564
        },
        "2005-08": {
            "month": "2005-08",
            "price": "10.03",
            "revenue": 93241
        },
        "2005-09": {
            "month": "2005-09",
            "price": "9.38",
            "revenue": 65789
        },
        "2005-10": {
            "month": "2005-10",
            "price": "9.03",
            "revenue": 58241
        },
        "2005-11": {
            "month": "2005-11",
            "price": "8.35",
            "revenue": 55912
        },
        "2005-12": {
            "month": "2005-12",
            "price": "8.52",
            "revenue": 49154
        },
        "2006-01": {
            "month": "2006-01",
            "price": "8.28",
            "revenue": 76612
        },
        "2006-02": {
            "month": "2006-02",
            "price": "8.22",
            "revenue": 50157
        },
        "2006-03": {
            "month": "2006-03",
            "price": "8.14",
            "revenue": 47251
        },
        "2006-04": {
            "month": "2006-04",
            "price": "11.28",
            "revenue": 53181
        },
        "2006-05": {
            "month": "2006-05",
            "price": "16.42",
            "revenue": 56945
        },
        "2006-06": {
            "month": "2006-06",
            "price": "13.80",
            "revenue": 61171
        },
        "2006-07": {
            "month": "2006-07",
            "price": "13.06",
            "revenue": 95412
        },
        "2006-08": {
            "month": "2006-08",
            "price": "13.58",
            "revenue": 78264
        },
        "2006-09": {
            "month": "2006-09",
            "price": "12.63",
            "revenue": 62907
        },
        "2006-10": {
            "month": "2006-10",
            "price": "13.23",
            "revenue": 60135
        },
        "2006-11": {
            "month": "2006-11",
            "price": "14.13",
            "revenue": 49038
        },
        "2006-12": {
            "month": "2006-12",
            "price": "13.44",
            "revenue": 39995
        },
        "2007-01": {
            "month": "2007-01",
            "price": "14.42",
            "revenue": 59366
        },
        "2007-02": {
            "month": "2007-02",
            "price": "14.45",
            "revenue": 55130
        },
        "2007-03": {
            "month": "2007-03",
            "price": "13.39",
            "revenue": 54313
        },
        "2007-04": {
            "month": "2007-04",
            "price": "14.26",
            "revenue": 44338
        },
        "2007-05": {
            "month": "2007-05",
            "price": "14.21",
            "revenue": 58660
        },
        "2007-06": {
            "month": "2007-06",
            "price": "14.22",
            "revenue": 59391
        },
        "2007-07": {
            "month": "2007-07",
            "price": "16.35",
            "revenue": 67555
        },
        "2007-08": {
            "month": "2007-08",
            "price": "14.11",
            "revenue": 84991
        },
        "2007-09": {
            "month": "2007-09",
            "price": "13.11",
            "revenue": 50996
        },
        "2007-10": {
            "month": "2007-10",
            "price": "13.69",
            "revenue": 46698
        },
        "2007-11": {
            "month": "2007-11",
            "price": "12.05",
            "revenue": 38136
        },
        "2007-12": {
            "month": "2007-12",
            "price": "10.72",
            "revenue": 46109
        },
        "2008-01": {
            "month": "2008-01",
            "price": "10.27",
            "revenue": 59709
        },
        "2008-02": {
            "month": "2008-02",
            "price": "10.12",
            "revenue": 48437
        },
        "2008-03": {
            "month": "2008-03",
            "price": "11.56",
            "revenue": 37920
        },
        "2008-04": {
            "month": "2008-04",
            "price": "12.22",
            "revenue": 43476
        },
        "2008-05": {
            "month": "2008-05",
            "price": "13.05",
            "revenue": 55871
        },
        "2008-06": {
            "month": "2008-06",
            "price": "11.80",
            "revenue": 51703
        },
        "2008-07": {
            "month": "2008-07",
            "price": "9.42",
            "revenue": 74913
        },
        "2008-08": {
            "month": "2008-08",
            "price": "9.04",
            "revenue": 76412
        },
        "2008-09": {
            "month": "2008-09",
            "price": "7.66",
            "revenue": 58929
        },
        "2008-10": {
            "month": "2008-10",
            "price": "6.88",
            "revenue": 48284
        },
        "2008-11": {
            "month": "2008-11",
            "price": "6.36",
            "revenue": 41711
        },
        "2008-12": {
            "month": "2008-12",
            "price": "6.62",
            "revenue": 48322
        },
        "2009-01": {
            "month": "2009-01",
            "price": "6.84",
            "revenue": 69852
        },
        "2009-02": {
            "month": "2009-02",
            "price": "6.79",
            "revenue": 42252
        },
        "2009-03": {
            "month": "2009-03",
            "price": "7.47",
            "revenue": 42287
        },
        "2009-04": {
            "month": "2009-04",
            "price": "9.73",
            "revenue": 46927
        },
        "2009-05": {
            "month": "2009-05",
            "price": "9.49",
            "revenue": 49431
        },
        "2009-06": {
            "month": "2009-06",
            "price": "9.24",
            "revenue": 51970
        },
        "2009-07": {
            "month": "2009-07",
            "price": "9.12",
            "revenue": 65385
        },
        "2009-08": {
            "month": "2009-08",
            "price": "9.01",
            "revenue": 88973
        },
        "2009-09": {
            "month": "2009-09",
            "price": "8.73",
            "revenue": 69429
        },
        "2009-10": {
            "month": "2009-10",
            "price": "9.00",
            "revenue": 49218
        },
        "2009-11": {
            "month": "2009-11",
            "price": "9.11",
            "revenue": 40051
        },
        "2009-12": {
            "month": "2009-12",
            "price": "9.40",
            "revenue": 43798
        },
        "2010-01": {
            "month": "2010-01",
            "price": "9.92",
            "revenue": 59403
        },
        "2010-02": {
            "month": "2010-02",
            "price": "9.26",
            "revenue": 66597
        },
        "2010-03": {
            "month": "2010-03",
            "price": "10.26",
            "revenue": 43971
        },
        "2010-04": {
            "month": "2010-04",
            "price": "11.91",
            "revenue": 44960
        },
        "2010-05": {
            "month": "2010-05",
            "price": "11.44",
            "revenue": 46187
        },
        "2010-06": {
            "month": "2010-06",
            "price": "11.36",
            "revenue": 48479
        },
        "2010-07": {
            "month": "2010-07",
            "price": "20.92",
            "revenue": 85485
        },
        "2010-08": {
            "month": "2010-08",
            "price": "28.98",
            "revenue": 91263
        },
        "2010-09": {
            "month": "2010-09",
            "price": "24.87",
            "revenue": 63689
        },
        "2010-10": {
            "month": "2010-10",
            "price": "23.65",
            "revenue": 43693
        },
        "2010-11": {
            "month": "2010-11",
            "price": "25.90",
            "revenue": 43170
        },
        "2010-12": {
            "month": "2010-12",
            "price": "26.95",
            "revenue": 50800
        },
        "2011-01": {
            "month": "2011-01",
            "price": "26.37",
            "revenue": 65067
        },
        "2011-02": {
            "month": "2011-02",
            "price": "24.64",
            "revenue": 51929
        },
        "2011-03": {
            "month": "2011-03",
            "price": "25.32",
            "revenue": 39163
        },
        "2011-04": {
            "month": "2011-04",
            "price": "26.36",
            "revenue": 49073
        },
        "2011-05": {
            "month": "2011-05",
            "price": "29.16",
            "revenue": 49075
        },
        "2011-06": {
            "month": "2011-06",
            "price": "27.91",
            "revenue": 66128
        },
        "2011-07": {
            "month": "2011-07",
            "price": "30.15",
            "revenue": 84856
        },
        "2011-08": {
            "month": "2011-08",
            "price": "25.91",
            "revenue": 103375
        },
        "2011-09": {
            "month": "2011-09",
            "price": "19.20",
            "revenue": 56331
        },
        "2011-10": {
            "month": "2011-10",
            "price": "18.96",
            "revenue": 47116
        },
        "2011-11": {
            "month": "2011-11",
            "price": "19.81",
            "revenue": 46517
        },
        "2011-12": {
            "month": "2011-12",
            "price": "18.00",
            "revenue": 52820
        },
        "2012-01": {
            "month": "2012-01",
            "price": "18.30",
            "revenue": 83205
        },
        "2012-02": {
            "month": "2012-02",
            "price": "23.62",
            "revenue": 46759
        },
        "2012-03": {
            "month": "2012-03",
            "price": "25.66",
            "revenue": 41096
        },
        "2012-04": {
            "month": "2012-04",
            "price": "25.21",
            "revenue": 50248
        },
        "2012-05": {
            "month": "2012-05",
            "price": "26.12",
            "revenue": 57902
        },
        "2012-06": {
            "month": "2012-06",
            "price": "25.29",
            "revenue": 57309
        },
        "2012-07": {
            "month": "2012-07",
            "price": "26.80",
            "revenue": 91314
        },
        "2012-08": {
            "month": "2012-08",
            "price": "25.10",
            "revenue": 107341
        },
        "2012-09": {
            "month": "2012-09",
            "price": "22.22",
            "revenue": 57842
        },
        "2012-10": {
            "month": "2012-10",
            "price": "19.67",
            "revenue": 46548
        },
        "2012-11": {
            "month": "2012-11",
            "price": "18.02",
            "revenue": 42840
        },
        "2012-12": {
            "month": "2012-12",
            "price": "19.91",
            "revenue": 43423
        },
        "2013-01": {
            "month": "2013-01",
            "price": "20.72",
            "revenue": 72725
        },
        "2013-02": {
            "month": "2013-02",
            "price": "21.96",
            "revenue": 61451
        },
        "2013-03": {
            "month": "2013-03",
            "price": "24.32",
            "revenue": 40517
        },
        "2013-04": {
            "month": "2013-04",
            "price": "23.64",
            "revenue": 43163
        },
        "2013-05": {
            "month": "2013-05",
            "price": "24.46",
            "revenue": 50838
        },
        "2013-06": {
            "month": "2013-06",
            "price": "23.34",
            "revenue": 65337
        },
        "2013-07": {
            "month": "2013-07",
            "price": "22.57",
            "revenue": 98809
        },
        "2013-08": {
            "month": "2013-08",
            "price": "21.20",
            "revenue": 100332
        },
        "2013-09": {
            "month": "2013-09",
            "price": "19.58",
            "revenue": 58460
        },
        "2013-10": {
            "month": "2013-10",
            "price": "19.92",
            "revenue": 42159
        },
        "2013-11": {
            "month": "2013-11",
            "price": "19.05",
            "revenue": 40698
        },
        "2013-12": {
            "month": "2013-12",
            "price": "20.21",
            "revenue": 45670
        },
        "2014-01": {
            "month": "2014-01",
            "price": "21.11",
            "revenue": 86536
        },
        "2014-02": {
            "month": "2014-02",
            "price": "22.50",
            "revenue": 43998
        },
        "2014-03": {
            "month": "2014-03",
            "price": "22.04",
            "revenue": 35509
        },
        "2014-04": {
            "month": "2014-04",
            "price": "22.21",
            "revenue": 43192
        },
        "2014-05": {
            "month": "2014-05",
            "price": "21.15",
            "revenue": 49003
        },
        "2014-06": {
            "month": "2014-06",
            "price": "21.60",
            "revenue": 66057
        },
        "2014-07": {
            "month": "2014-07",
            "price": "23.63",
            "revenue": 103223
        },
        "2014-08": {
            "month": "2014-08",
            "price": "20.32",
            "revenue": 83195
        },
        "2014-09": {
            "month": "2014-09",
            "price": "19.15",
            "revenue": 57141
        },
        "2014-10": {
            "month": "2014-10",
            "price": "18.81",
            "revenue": 47978
        },
        "2014-11": {
            "month": "2014-11",
            "price": "19.95",
            "revenue": 41545
        },
        "2014-12": {
            "month": "2014-12",
            "price": "20.58",
            "revenue": 44773
        },
        "2015-01": {
            "month": "2015-01",
            "price": "21.08",
            "revenue": 83110
        },
        "2015-02": {
            "month": "2015-02",
            "price": "21.08",
            "revenue": 59444
        },
        "2015-03": {
            "month": "2015-03",
            "price": "21.90",
            "revenue": 40172
        },
        "2015-04": {
            "month": "2015-04",
            "price": "22.19",
            "revenue": 44865
        },
        "2015-05": {
            "month": "2015-05",
            "price": "21.84",
            "revenue": 45674
        },
        "2015-06": {
            "month": "2015-06",
            "price": "21.26",
            "revenue": 73269
        },
        "2015-07": {
            "month": "2015-07",
            "price": "19.69",
            "revenue": 102021
        },
        "2015-08": {
            "month": "2015-08",
            "price": "16.79",
            "revenue": 97953
        },
        "2015-09": {
            "month": "2015-09",
            "price": "14.93",
            "revenue": 55527
        },
        "2015-10": {
            "month": "2015-10",
            "price": "15.18",
            "revenue": 43499
        },
        "2015-11": {
            "month": "2015-11",
            "price": "15.70",
            "revenue": 40769
        },
        "2015-12": {
            "month": "2015-12",
            "price": "15.26",
            "revenue": 50070
        },
        "2016-01": {
            "month": "2016-01",
            "price": "14.98",
            "revenue": 76124
        },
        "2016-02": {
            "month": "2016-02",
            "price": "15.45",
            "revenue": 40460
        },
        "2016-03": {
            "month": "2016-03",
            "price": "16.70",
            "revenue": 35874
        },
        "2016-04": {
            "month": "2016-04",
            "price": "18.51",
            "revenue": 43296
        },
        "2016-05": {
            "month": "2016-05",
            "price": "17.67",
            "revenue": 46454
        },
        "2016-06": {
            "month": "2016-06",
            "price": "19.69",
            "revenue": 70686
        },
        "2016-07": {
            "month": "2016-07",
            "price": "18.09",
            "revenue": 81158
        },
        "2016-08": {
            "month": "2016-08",
            "price": "16.65",
            "revenue": 93287
        },
        "2016-09": {
            "month": "2016-09",
            "price": "15.58",
            "revenue": 48340
        },
        "2016-10": {
            "month": "2016-10",
            "price": "15.30",
            "revenue": 39048
        },
        "2016-11": {
            "month": "2016-11",
            "price": "16.38",
            "revenue": 46399
        },
        "2016-12": {
            "month": "2016-12",
            "price": "16.77",
            "revenue": 50887
        },
        "2017-01": {
            "month": "2017-01",
            "price": "16.84",
            "revenue": 78483
        },
        "2017-02": {
            "month": "2017-02",
            "price": "17.70",
            "revenue": 46859
        },
        "2017-03": {
            "month": "2017-03",
            "price": "17.97",
            "revenue": 37858
        },
        "2017-04": {
            "month": "2017-04",
            "price": "17.73",
            "revenue": 35724
        },
        "2017-05": {
            "month": "2017-05",
            "price": "17.51",
            "revenue": 49849
        },
        "2017-06": {
            "month": "2017-06",
            "price": "17.12",
            "revenue": 46321
        },
        "2017-07": {
            "month": "2017-07",
            "price": "16.12",
            "revenue": 85642
        },
        "2017-08": {
            "month": "2017-08",
            "price": "15.55",
            "revenue": 93860
        },
        "2017-09": {
            "month": "2017-09",
            "price": "15.33",
            "revenue": 61395
        },
        "2017-10": {
            "month": "2017-10",
            "price": "15.25",
            "revenue": 42390
        },
        "2017-11": {
            "month": "2017-11",
            "price": "15.57",
            "revenue": 32994
        },
        "2017-12": {
            "month": "2017-12",
            "price": "15.70",
            "revenue": 38138
        },
        "2018-01": {
            "month": "2018-01",
            "price": "15.89",
            "revenue": 71779
        },
        "2018-02": {
            "month": "2018-02",
            "price": "15.51",
            "revenue": 42414
        },
        "2018-03": {
            "month": "2018-03",
            "price": "15.34",
            "revenue": 34897
        },
        "2018-04": {
            "month": "2018-04",
            "price": "15.01",
            "revenue": 36719
        },
        "2018-05": {
            "month": "2018-05",
            "price": "14.87",
            "revenue": 47299
        },
        "2018-06": {
            "month": "2018-06",
            "price": "14.73",
            "revenue": 59092
        },
        "2018-07": {
            "month": "2018-07",
            "price": "13.72",
            "revenue": 87390
        },
        "2018-08": {
            "month": "2018-08",
            "price": "13.36",
            "revenue": 85863
        },
        "2018-09": {
            "month": "2018-09",
            "price": "12.49",
            "revenue": 46828
        },
        "2018-10": {
            "month": "2018-10",
            "price": "11.07",
            "revenue": 36069
        },
        "2018-11": {
            "month": "2018-11",
            "price": "10.04",
            "revenue": 26745
        },
        "2018-12": {
            "month": "2018-12",
            "price": "10.40",
            "revenue": 29860
        },
        "2019-01": {
            "month": "2019-01",
            "price": "10.07",
            "revenue": 63426
        },
        "2019-02": {
            "month": "2019-02",
            "price": "10.39",
            "revenue": 39925
        },
        "2019-03": {
            "month": "2019-03",
            "price": "10.91",
            "revenue": 29047
        },
        "2019-04": {
            "month": "2019-04",
            "price": "9.76",
            "revenue": 28570
        },
        "2019-09": {
            "month": "2019-09",
            "price": "7.43",
            "revenue": 13552
        },
        "2019-10": {
            "month": "2019-10",
            "price": "6.03",
            "revenue": 25538
        },
        "2019-11": {
            "month": "2019-11",
            "price": "6.04",
            "revenue": 24689
        },
        "2019-12": {
            "month": "2019-12",
            "price": "6.09",
            "revenue": 28674
        },
        "2020-01": {
            "month": "2020-01",
            "price": "6.06",
            "revenue": 31854
        },
        "2020-02": {
            "month": "2020-02",
            "price": "5.97",
            "revenue": 23944
        },
        "2020-03": {
            "month": "2020-03",
            "price": "5.67",
            "revenue": 24268
        },
        "2020-04": {
            "month": "2020-04",
            "price": "5.87",
            "revenue": 22416
        },
        "2020-05": {
            "month": "2020-05",
            "price": "5.93",
            "revenue": 28920
        },
        "2020-06": {
            "month": "2020-06",
            "price": "5.89",
            "revenue": 35095
        },
        "2020-07": {
            "month": "2020-07",
            "price": "8.37",
            "revenue": 53900
        },
        "2020-08": {
            "month": "2020-08",
            "price": "9.77",
            "revenue": 64820
        },
        "2020-09": {
            "month": "2020-09",
            "price": "9.75",
            "revenue": 41327
        },
        "2020-10": {
            "month": "2020-10",
            "price": "9.33",
            "revenue": 26380
        },
        "2020-11": {
            "month": "2020-11",
            "price": "8.63",
            "revenue": 25440
        },
        "2020-12": {
            "month": "2020-12",
            "price": "7.75",
            "revenue": 31241
        },
        "2021-01": {
            "month": "2021-01",
            "price": "7.48",
            "revenue": 32550
        },
        "2021-02": {
            "month": "2021-02",
            "price": "7.41",
            "revenue": 39520
        },
        "2021-03": {
            "month": "2021-03",
            "price": "7.83",
            "revenue": 30196
        },
        "2021-04": {
            "month": "2021-04",
            "price": "9.12",
            "revenue": 31631
        },
        "2021-05": {
            "month": "2021-05",
            "price": "8.43",
            "revenue": 35416
        },
        "2021-06": {
            "month": "2021-06",
            "price": "8.90",
            "revenue": 36210
        },
        "2021-07": {
            "month": "2021-07",
            "price": "8.53",
            "revenue": 52085
        },
        "2021-08": {
            "month": "2021-08",
            "price": "8.62",
            "revenue": 42312
        },
        "2021-09": {
            "month": "2021-09",
            "price": "8.56",
            "revenue": 34387
        },
        "2021-10": {
            "month": "2021-10",
            "price": "8.30",
            "revenue": 27981
        },
        "2021-11": {
            "month": "2021-11",
            "price": "8.24",
            "revenue": 35048
        },
        "2021-12": {
            "month": "2021-12",
            "price": "8.31",
            "revenue": 31545
        },
        "2022-01": {
            "month": "2022-01",
            "price": "8.39",
            "revenue": 45833
        },
        "2022-02": {
            "month": "2022-02",
            "price": "8.27",
            "revenue": 24520
        },
        "2022-03": {
            "month": "2022-03",
            "price": "7.80",
            "revenue": 30575
        },
        "2022-04": {
            "month": "2022-04",
            "price": "7.98",
            "revenue": 26326
        },
        "2022-05": {
            "month": "2022-05",
            "price": "7.93",
            "revenue": 26236
        },
        "2022-06": {
            "month": "2022-06",
            "price": "7.99",
            "revenue": 40233
        },
        "2022-07": {
            "month": "2022-07",
            "price": "7.63",
            "revenue": 29503
        },
        "2022-08": {
            "month": "2022-08",
            "price": "7.56",
            "revenue": 38696
        },
        "2022-09": {
            "month": "2022-09",
            "price": "7.44",
            "revenue": 31847
        },
        "2022-10": {
            "month": "2022-10",
            "price": "7.12",
            "revenue": 30818
        },
        "2022-11": {
            "month": "2022-11",
            "price": "7.07",
            "revenue": 30289
        },
        "2022-12": {
            "month": "2022-12",
            "price": "7.08",
            "revenue": 34198
        },
        "2023-01": {
            "month": "2023-01",
            "price": "7.08",
            "revenue": 31485
        },
        "2023-02": {
            "month": "2023-02",
            "price": "7.05",
            "revenue": 30743
        },
        "2023-03": {
            "month": "2023-03",
            "price": "7.10",
            "revenue": 28023
        },
        "2023-04": {
            "month": "2023-04",
            "price": "7.14",
            "revenue": 16652
        },
        "2023-05": {
            "month": "2023-05",
            "price": "6.78",
            "revenue": 13163
        },
        "2023-06": {
            "month": "2023-06",
            "price": "6.63",
            "revenue": -2921
        },
        "2023-07": {
            "month": "2023-07",
            "price": "6.45",
            "revenue": -297
        },
        "2023-08": {
            "month": "2023-08",
            "price": "6.36",
            "revenue": -998
        },
        "2023-09": {
            "month": "2023-09",
            "price": "6.58",
            "revenue": 636
        },
        "2023-10": {
            "month": "2023-10",
            "price": "7.14",
            "revenue": 403
        },
        "2023-11": {
            "month": "2023-11",
            "price": "6.93",
            "revenue": 31
        },
        "2023-12": {
            "month": "2023-12",
            "price": "6.93",
            "revenue": 3523
        },
        "2024-01": {
            "month": "2024-01",
            "price": "7.11",
            "revenue": 10917
        },
        "2024-02": {
            "month": "2024-02",
            "price": "7.08",
            "revenue": 14504
        }
    }
}
