{
    "summary": {
        "stock_name": "卜蜂",
        "stock_id": "1215",
        "category": "食品",
        "main_business": "各種飼料生產加工配製銷售進口及買賣<br>各種禽畜育種、電動屠宰業務及各種禽畜加工品製品銷售<br>各種肉類加工品與調理食品及蛋品生產銷售等業務",
        "website_url": "http://www.cptwn.com.tw",
        "ceo": "許瑞通",
        "pe_ratio": 17,
        "report_year_from": 2001,
        "report_year_to": 2023,
        "age": 22,
        "eps_negative_percentage": 24,
        "eps_growth_avg": {
            "last_all": 20.13,
            "last_2y": 1.46,
            "last_4y": 5.04,
            "last_8y": 18.21,
            "last_12y": 21.32,
            "last_16y": 27.19,
            "last_20y": 20.13,
            "at_2006_last_3y": 100,
            "at_2007_last_3y": 92.75,
            "at_2008_last_3y": 52.2,
            "at_2009_last_3y": 46.29,
            "at_2010_last_3y": 28.13,
            "at_2011_last_3y": -8.35,
            "at_2012_last_3y": 23.88,
            "at_2013_last_3y": 28.3,
            "at_2014_last_3y": 38.56,
            "at_2015_last_3y": 48.96,
            "at_2016_last_3y": 42.9,
            "at_2017_last_3y": 34.68,
            "at_2018_last_3y": 9.16,
            "at_2019_last_3y": 27.48,
            "at_2020_last_3y": 11.84,
            "at_2021_last_3y": 3.93,
            "at_2022_last_3y": 14.73,
            "at_2023_last_3y": 14.73,
            "at_2006_last_all": 0,
            "at_2007_last_all": 28.5,
            "at_2008_last_all": 14.15,
            "at_2009_last_all": 17.03,
            "at_2010_last_all": 18.75,
            "at_2011_last_all": 7.45,
            "at_2012_last_all": 19.02,
            "at_2013_last_all": 22.04,
            "at_2014_last_all": 26.68,
            "at_2015_last_all": 22.54,
            "at_2016_last_all": 26.98,
            "at_2017_last_all": 25.93,
            "at_2018_last_all": 21.67,
            "at_2019_last_all": 23.86,
            "at_2020_last_all": 23.19,
            "at_2021_last_all": 20.75,
            "at_2022_last_all": 20.13,
            "at_2023_last_all": 20.13
        },
        "latest_eps": 5.6,
        "latest_price": 92.6,
        "latest_roe": 17.95,
        "latest_gross_margin": 14.17,
        "latest_equity": 9560645,
        "latest_revenue": 7232070,
        "latest_gross_profit": 1024948,
        "latest_net_income": 410826,
        "latest_debt_ratio": 62.27,
        "latest_current_ratio": 99.52,
        "latest_account_receivable_turnover_ratio": 2.46,
        "latest_inventory_turnover_ratio": 2.4,
        "latest_reinvestment_rate": 100.96,
        "latest_research_to_sale_ratio": null
    },
    "eps_dividends": {
        "1992": {
            "cash": 0,
            "stock": 1,
            "eps": 0
        },
        "1993": {
            "cash": 0,
            "stock": 1,
            "eps": 0
        },
        "1994": {
            "cash": 0,
            "stock": 1,
            "eps": 0
        },
        "1995": {
            "cash": 1,
            "stock": 1,
            "eps": 0
        },
        "1996": {
            "cash": 1,
            "stock": 1,
            "eps": 0
        },
        "1997": {
            "cash": 0,
            "stock": 1,
            "eps": 0
        },
        "1998": {
            "cash": 1,
            "stock": 1,
            "eps": 0
        },
        "1999": {
            "cash": 1,
            "stock": 0,
            "eps": 0
        },
        "2000": {
            "cash": 1,
            "stock": 0,
            "eps": 0
        },
        "2001": {
            "cash": 1,
            "stock": 0,
            "eps": 0.53
        },
        "2002": {
            "cash": 1,
            "stock": 0,
            "eps": -0.55
        },
        "2003": {
            "cash": 0,
            "stock": 0,
            "eps": 0
        },
        "2004": {
            "cash": 0,
            "stock": 0,
            "eps": -0.37
        },
        "2005": {
            "cash": 0,
            "stock": 0,
            "eps": 0.17
        },
        "2006": {
            "cash": 0,
            "stock": 0,
            "eps": 0.69
        },
        "2007": {
            "cash": 1,
            "stock": 0,
            "eps": 1.28
        },
        "2008": {
            "cash": 1,
            "stock": 0,
            "eps": 0.91
        },
        "2009": {
            "cash": 1,
            "stock": 0,
            "eps": 1.17
        },
        "2010": {
            "cash": 1,
            "stock": 0,
            "eps": 1.49
        },
        "2011": {
            "cash": 1,
            "stock": 0,
            "eps": 0.59
        },
        "2012": {
            "cash": 0,
            "stock": 0,
            "eps": 1.34
        },
        "2013": {
            "cash": 1,
            "stock": 0,
            "eps": 1.96
        },
        "2014": {
            "cash": 1,
            "stock": 1,
            "eps": 3.3
        },
        "2015": {
            "cash": 1,
            "stock": 1,
            "eps": 2.68
        },
        "2016": {
            "cash": 2,
            "stock": 0,
            "eps": 4.71
        },
        "2017": {
            "cash": 3,
            "stock": 0,
            "eps": 5.34
        },
        "2018": {
            "cash": 3,
            "stock": 0,
            "eps": 3.54
        },
        "2019": {
            "cash": 3,
            "stock": 0,
            "eps": 5.47
        },
        "2020": {
            "cash": 4,
            "stock": 0,
            "eps": 6.19
        },
        "2021": {
            "cash": 5,
            "stock": 0,
            "eps": 5.06
        },
        "2022": {
            "cash": 3,
            "stock": 1,
            "eps": 5.54
        },
        "2023": {
            "cash": 4,
            "stock": 0,
            "eps": 1.43
        }
    },
    "dividends": {
        "1992-06-04": {
            "cash": 0,
            "stock": 1.1
        },
        "1993-06-08": {
            "cash": 0,
            "stock": 1
        },
        "1994-05-23": {
            "cash": 0,
            "stock": 1
        },
        "1995-06-13": {
            "cash": 0.5,
            "stock": 0.5
        },
        "1996-06-05": {
            "cash": 0.5,
            "stock": 0.6
        },
        "1997-05-28": {
            "cash": 0,
            "stock": 1
        },
        "1998-06-05": {
            "cash": 0.5,
            "stock": 0.5
        },
        "1999-06-23": {
            "cash": 0.55,
            "stock": 0.45
        },
        "2000-05-26": {
            "cash": 0.9,
            "stock": 0.2
        },
        "2001-06-12": {
            "cash": 0.55,
            "stock": 0.15
        },
        "2002-06-18": {
            "cash": 0.5,
            "stock": 0
        },
        "2007-05-17": {
            "cash": 0.6,
            "stock": 0
        },
        "2008-05-05": {
            "cash": 1,
            "stock": 0
        },
        "2009-04-27": {
            "cash": 0.7,
            "stock": 0
        },
        "2010-04-26": {
            "cash": 1,
            "stock": 0
        },
        "2011-01-01": {
            "cash": 0.3,
            "stock": 0
        },
        "2011-04-25": {
            "cash": 1,
            "stock": 0
        },
        "2013-05-06": {
            "cash": 0.8,
            "stock": 0
        },
        "2014-09-03": {
            "cash": 0.8,
            "stock": 0.5
        },
        "2015-09-15": {
            "cash": 1,
            "stock": 1
        },
        "2016-08-03": {
            "cash": 2,
            "stock": 0
        },
        "2017-07-28": {
            "cash": 3,
            "stock": 0
        },
        "2018-08-08": {
            "cash": 3,
            "stock": 0
        },
        "2019-08-12": {
            "cash": 3,
            "stock": 0
        },
        "2020-07-24": {
            "cash": 4,
            "stock": 0
        },
        "2021-07-21": {
            "cash": 4.5,
            "stock": 0
        },
        "2022-07-29": {
            "cash": 3,
            "stock": 1
        },
        "2023-04-24": {
            "cash": 3.5,
            "stock": 0
        }
    },
    "prices": {
        "200101": "5.31",
        "200102": "5.58",
        "200103": "6.00",
        "200104": "6.53",
        "200105": "6.49",
        "200106": "6.77",
        "200107": "6.72",
        "200108": "6.01",
        "200109": "5.44",
        "200110": "4.97",
        "200111": "5.29",
        "200112": "6.13",
        "200201": "6.18",
        "200202": "6.48",
        "200203": "7.36",
        "200204": "7.89",
        "200205": "7.55",
        "200206": "7.49",
        "200207": "7.25",
        "200208": "6.35",
        "200209": "5.44",
        "200210": "5.32",
        "200211": "6.02",
        "200212": "6.86",
        "200301": "7.46",
        "200302": "6.49",
        "200303": "6.18",
        "200304": "5.81",
        "200305": "5.03",
        "200306": "5.42",
        "200307": "5.55",
        "200308": "5.44",
        "200309": "5.27",
        "200310": "5.43",
        "200311": "5.86",
        "200312": "5.71",
        "200401": "5.96",
        "200402": "7.88",
        "200403": "7.70",
        "200404": "7.54",
        "200405": "7.49",
        "200406": "7.40",
        "200407": "7.22",
        "200408": "7.19",
        "200409": "7.51",
        "200410": "7.32",
        "200411": "7.02",
        "200412": "6.72",
        "200501": "6.73",
        "200502": "6.57",
        "200503": "6.40",
        "200504": "5.60",
        "200505": "5.07",
        "200506": "5.30",
        "200507": "5.39",
        "200508": "5.12",
        "200509": "5.03",
        "200510": "4.65",
        "200511": "4.09",
        "200512": "4.26",
        "200601": "4.56",
        "200602": "4.27",
        "200603": "4.03",
        "200604": "4.26",
        "200605": "5.36",
        "200606": "4.88",
        "200607": "4.81",
        "200608": "4.87",
        "200609": "5.40",
        "200610": "6.76",
        "200611": "8.02",
        "200612": "8.56",
        "200701": "9.77",
        "200702": "10.60",
        "200703": "10.40",
        "200704": "12.32",
        "200705": "13.29",
        "200706": "14.33",
        "200707": "16.72",
        "200708": "18.57",
        "200709": "18.80",
        "200710": "17.77",
        "200711": "14.29",
        "200712": "13.66",
        "200801": "15.01",
        "200802": "16.27",
        "200803": "17.05",
        "200804": "17.16",
        "200805": "19.70",
        "200806": "18.82",
        "200807": "17.19",
        "200808": "14.59",
        "200809": "10.96",
        "200810": "9.06",
        "200811": "9.31",
        "200812": "11.19",
        "200901": "11.33",
        "200902": "10.55",
        "200903": "11.06",
        "200904": "15.12",
        "200905": "15.89",
        "200906": "16.78",
        "200907": "16.37",
        "200908": "16.50",
        "200909": "16.28",
        "200910": "16.23",
        "200911": "15.67",
        "200912": "15.53",
        "201001": "15.86",
        "201002": "13.70",
        "201003": "14.17",
        "201004": "14.80",
        "201005": "14.76",
        "201006": "16.76",
        "201007": "18.26",
        "201008": "19.33",
        "201009": "18.57",
        "201010": "19.32",
        "201011": "19.68",
        "201012": "19.50",
        "201101": "19.89",
        "201102": "18.61",
        "201103": "18.08",
        "201104": "19.20",
        "201105": "18.53",
        "201106": "18.09",
        "201107": "17.95",
        "201108": "16.27",
        "201109": "14.86",
        "201110": "14.43",
        "201111": "14.27",
        "201112": "13.85",
        "201201": "14.29",
        "201202": "15.36",
        "201203": "15.71",
        "201204": "14.44",
        "201205": "13.68",
        "201206": "13.27",
        "201207": "13.87",
        "201208": "14.54",
        "201209": "14.43",
        "201210": "14.01",
        "201211": "14.25",
        "201212": "14.99",
        "201301": "15.29",
        "201302": "15.58",
        "201303": "15.51",
        "201304": "15.18",
        "201305": "15.65",
        "201306": "15.68",
        "201307": "15.53",
        "201308": "15.01",
        "201309": "14.85",
        "201310": "15.31",
        "201311": "15.22",
        "201312": "15.67",
        "201401": "15.88",
        "201402": "15.80",
        "201403": "18.91",
        "201404": "21.65",
        "201405": "25.09",
        "201406": "26.38",
        "201407": "27.62",
        "201408": "26.39",
        "201409": "26.35",
        "201410": "24.26",
        "201411": "25.40",
        "201412": "24.91",
        "201501": "25.49",
        "201502": "28.17",
        "201503": "27.67",
        "201504": "28.69",
        "201505": "27.39",
        "201506": "25.36",
        "201507": "25.23",
        "201508": "22.70",
        "201509": "20.73",
        "201510": "21.86",
        "201511": "22.26",
        "201512": "23.19",
        "201601": "22.04",
        "201602": "22.40",
        "201603": "24.60",
        "201604": "27.12",
        "201605": "29.09",
        "201606": "35.05",
        "201607": "37.05",
        "201608": "38.65",
        "201609": "38.27",
        "201610": "42.54",
        "201611": "44.87",
        "201612": "45.10",
        "201701": "47.36",
        "201702": "47.10",
        "201703": "53.30",
        "201704": "55.52",
        "201705": "60.16",
        "201706": "71.19",
        "201707": "73.75",
        "201708": "66.05",
        "201709": "65.42",
        "201710": "65.37",
        "201711": "63.31",
        "201712": "60.92",
        "201801": "65.45",
        "201802": "65.16",
        "201803": "67.03",
        "201804": "63.41",
        "201805": "60.53",
        "201806": "60.26",
        "201807": "58.36",
        "201808": "53.29",
        "201809": "51.45",
        "201810": "47.02",
        "201811": "44.26",
        "201812": "50.31",
        "201901": "54.14",
        "201902": "54.63",
        "201903": "52.28",
        "201904": "54.47",
        "201905": "62.85",
        "201906": "65.45",
        "201907": "69.35",
        "201908": "70.94",
        "201909": "66.04",
        "201910": "65.07",
        "201911": "65.03",
        "201912": "66.15",
        "202001": "65.21",
        "202002": "62.15",
        "202003": "56.70",
        "202004": "61.49",
        "202005": "70.36",
        "202006": "72.77",
        "202007": "67.95",
        "202008": "70.45",
        "202009": "67.22",
        "202010": "67.95",
        "202011": "71.17",
        "202012": "71.20",
        "202101": "72.12",
        "202102": "72.25",
        "202103": "74.89",
        "202104": "77.17",
        "202105": "78.28",
        "202106": "82.11",
        "202107": "79.24",
        "202108": "78.40",
        "202109": "80.03",
        "202110": "79.58",
        "202111": "80.62",
        "202112": "80.27",
        "202201": "81.58",
        "202202": "84.92",
        "202203": "82.59",
        "202204": "81.27",
        "202205": "80.30",
        "202206": "81.65",
        "202207": "77.17",
        "202208": "80.75",
        "202209": "79.92",
        "202210": "77.52",
        "202211": "77.63",
        "202212": "78.03",
        "202301": "78.66",
        "202302": "79.35",
        "202303": "82.86",
        "202304": "89.71",
        "202305": "94.87"
    },
    "quarters": {
        "20011": {
            "year_quarter": 20011,
            "year": 2001,
            "quarter": 1,
            "eps": 0.29,
            "eps_growth_year": 141.67,
            "eps_4q": 0.62,
            "eps_4q_growth_year": 18.79,
            "roe": 2.49,
            "gross_profit": 294272,
            "gross_margin": 9.59,
            "net_income": 66002,
            "revenue": 3070111,
            "common_shares": 2266274,
            "equity": 2680121,
            "current_ratio": 171.93,
            "debt_ratio": 40.58,
            "inventory_turnover_ratio": 3.19,
            "account_receivable_turnover_ratio": null,
            "reinvestment_rate": null,
            "research_to_sale_ratio": null,
            "price_fair": 0,
            "eps_avg_yearly": 0,
            "eps_latest_yearly": 0,
            "eps_growth_yearly": 0
        },
        "20012": {
            "year_quarter": 20012,
            "year": 2001,
            "quarter": 2,
            "eps": 0.01,
            "eps_growth_year": null,
            "eps_4q": 0.69,
            "eps_4q_growth_year": 101.21,
            "roe": 0.1,
            "gross_profit": 186507,
            "gross_margin": 6.55,
            "net_income": 2515,
            "revenue": 2846309,
            "common_shares": 2266274,
            "equity": 2567537,
            "current_ratio": 182.99,
            "debt_ratio": 42.01,
            "inventory_turnover_ratio": 3.38,
            "account_receivable_turnover_ratio": null,
            "reinvestment_rate": null,
            "research_to_sale_ratio": null,
            "price_fair": 0,
            "eps_avg_yearly": 0,
            "eps_latest_yearly": 0,
            "eps_growth_yearly": 0
        },
        "20013": {
            "year_quarter": 20013,
            "year": 2001,
            "quarter": 3,
            "eps": 0.22,
            "eps_growth_year": 2100,
            "eps_4q": 0.9,
            "eps_4q_growth_year": 178.65,
            "roe": 1.95,
            "gross_profit": 248495,
            "gross_margin": 8.94,
            "net_income": 50577,
            "revenue": 2779201,
            "common_shares": 2300268,
            "equity": 2618953,
            "current_ratio": 201.73,
            "debt_ratio": 39.14,
            "inventory_turnover_ratio": 3.32,
            "account_receivable_turnover_ratio": null,
            "reinvestment_rate": null,
            "research_to_sale_ratio": null,
            "price_fair": 0,
            "eps_avg_yearly": 0,
            "eps_latest_yearly": 0,
            "eps_growth_yearly": 0
        },
        "20014": {
            "year_quarter": 20014,
            "year": 2001,
            "quarter": 4,
            "eps": 0.01,
            "eps_growth_year": -97.37,
            "eps_4q": 0.67,
            "eps_4q_growth_year": 50.47,
            "roe": 0.1,
            "gross_profit": 161105,
            "gross_margin": 5.7,
            "net_income": 2724,
            "revenue": 2828577,
            "common_shares": 2300268,
            "equity": 2627275,
            "current_ratio": 154.43,
            "debt_ratio": 45.62,
            "inventory_turnover_ratio": 3.4,
            "account_receivable_turnover_ratio": null,
            "reinvestment_rate": null,
            "research_to_sale_ratio": null,
            "price_fair": 0,
            "eps_avg_yearly": 0,
            "eps_latest_yearly": 0,
            "eps_growth_yearly": 0
        },
        "20021": {
            "year_quarter": 20021,
            "year": 2002,
            "quarter": 1,
            "eps": 0.06,
            "eps_growth_year": -79.31,
            "eps_4q": 0.31,
            "eps_4q_growth_year": -49.88,
            "roe": 0.51,
            "gross_profit": 174036,
            "gross_margin": 6.25,
            "net_income": 13313,
            "revenue": 2784853,
            "common_shares": 2300268,
            "equity": 2640477,
            "current_ratio": 203.58,
            "debt_ratio": 37.28,
            "inventory_turnover_ratio": 3.6,
            "account_receivable_turnover_ratio": null,
            "reinvestment_rate": null,
            "research_to_sale_ratio": null,
            "price_fair": 8.4,
            "eps_avg_yearly": 0.24,
            "eps_latest_yearly": 0.24,
            "eps_growth_yearly": 2000
        },
        "20022": {
            "year_quarter": 20022,
            "year": 2002,
            "quarter": 2,
            "eps": -0.03,
            "eps_growth_year": -400,
            "eps_4q": 0.26,
            "eps_4q_growth_year": -62.02,
            "roe": -0.24,
            "gross_profit": 159719,
            "gross_margin": 6.02,
            "net_income": -6152,
            "revenue": 2654105,
            "common_shares": 2300268,
            "equity": 2497082,
            "current_ratio": 240.51,
            "debt_ratio": 40.48,
            "inventory_turnover_ratio": 3.62,
            "account_receivable_turnover_ratio": null,
            "reinvestment_rate": null,
            "research_to_sale_ratio": null,
            "price_fair": 8.4,
            "eps_avg_yearly": 0.24,
            "eps_latest_yearly": 0.24,
            "eps_growth_yearly": 2000
        },
        "20023": {
            "year_quarter": 20023,
            "year": 2002,
            "quarter": 3,
            "eps": 0.16,
            "eps_growth_year": -27.27,
            "eps_4q": 0.2,
            "eps_4q_growth_year": -77.42,
            "roe": 1.48,
            "gross_profit": 230805,
            "gross_margin": 8.34,
            "net_income": 37364,
            "revenue": 2769078,
            "common_shares": 2300268,
            "equity": 2557033,
            "current_ratio": 256.32,
            "debt_ratio": 37.99,
            "inventory_turnover_ratio": 3.54,
            "account_receivable_turnover_ratio": null,
            "reinvestment_rate": null,
            "research_to_sale_ratio": null,
            "price_fair": 8.4,
            "eps_avg_yearly": 0.24,
            "eps_latest_yearly": 0.24,
            "eps_growth_yearly": 2000
        },
        "20024": {
            "year_quarter": 20024,
            "year": 2002,
            "quarter": 4,
            "eps": -0.74,
            "eps_growth_year": -7500,
            "eps_4q": -0.55,
            "eps_4q_growth_year": -182.72,
            "roe": -6.91,
            "gross_profit": 187669,
            "gross_margin": 6.38,
            "net_income": -169127,
            "revenue": 2939985,
            "common_shares": 2300268,
            "equity": 2340406,
            "current_ratio": 246.83,
            "debt_ratio": 43.07,
            "inventory_turnover_ratio": 4.15,
            "account_receivable_turnover_ratio": null,
            "reinvestment_rate": -84.2,
            "research_to_sale_ratio": null,
            "price_fair": 8.4,
            "eps_avg_yearly": 0.24,
            "eps_latest_yearly": 0.24,
            "eps_growth_yearly": 2000
        },
        "20031": {
            "year_quarter": 20031,
            "year": 2003,
            "quarter": 1,
            "eps": -0.16,
            "eps_growth_year": -366.67,
            "eps_4q": -0.75,
            "eps_4q_growth_year": -341.8,
            "roe": -1.6,
            "gross_profit": 134439,
            "gross_margin": 4.9,
            "net_income": -37190,
            "revenue": 2741923,
            "common_shares": 2300268,
            "equity": 2303100,
            "current_ratio": 294.57,
            "debt_ratio": 38.03,
            "inventory_turnover_ratio": 4.15,
            "account_receivable_turnover_ratio": null,
            "reinvestment_rate": -205.4,
            "research_to_sale_ratio": null,
            "price_fair": 8.4,
            "eps_avg_yearly": 0.24,
            "eps_latest_yearly": 0.24,
            "eps_growth_yearly": 2000
        },
        "20032": {
            "year_quarter": 20032,
            "year": 2003,
            "quarter": 2,
            "eps": -0.22,
            "eps_growth_year": null,
            "eps_4q": -0.95,
            "eps_4q_growth_year": -463.27,
            "roe": -2.21,
            "gross_profit": 125201,
            "gross_margin": 4.66,
            "net_income": -50688,
            "revenue": 2686864,
            "common_shares": 2300268,
            "equity": 2290056,
            "current_ratio": 233.88,
            "debt_ratio": 42.85,
            "inventory_turnover_ratio": 3.47,
            "account_receivable_turnover_ratio": null,
            "reinvestment_rate": -398.48,
            "research_to_sale_ratio": null,
            "price_fair": 8.4,
            "eps_avg_yearly": 0.24,
            "eps_latest_yearly": 0.24,
            "eps_growth_yearly": 2000
        },
        "20033": {
            "year_quarter": 20033,
            "year": 2003,
            "quarter": 3,
            "eps": 0.23,
            "eps_growth_year": 43.75,
            "eps_4q": -0.88,
            "eps_4q_growth_year": -532.99,
            "roe": 2.31,
            "gross_profit": 218159,
            "gross_margin": 7.48,
            "net_income": 53443,
            "revenue": 2917338,
            "common_shares": 2320268,
            "equity": 2343748,
            "current_ratio": 235.67,
            "debt_ratio": 42.49,
            "inventory_turnover_ratio": 3.19,
            "account_receivable_turnover_ratio": null,
            "reinvestment_rate": -194.35,
            "research_to_sale_ratio": null,
            "price_fair": 8.4,
            "eps_avg_yearly": 0.24,
            "eps_latest_yearly": 0.24,
            "eps_growth_yearly": 2000
        },
        "20034": {
            "year_quarter": 20034,
            "year": 2003,
            "quarter": 4,
            "eps": 0.15,
            "eps_growth_year": null,
            "eps_4q": 0.01,
            "eps_4q_growth_year": null,
            "roe": 1.52,
            "gross_profit": 294220,
            "gross_margin": 9.2,
            "net_income": 35639,
            "revenue": 3196368,
            "common_shares": 2320268,
            "equity": 2360418,
            "current_ratio": 237.4,
            "debt_ratio": 45.05,
            "inventory_turnover_ratio": 3.22,
            "account_receivable_turnover_ratio": null,
            "reinvestment_rate": -172.26,
            "research_to_sale_ratio": null,
            "price_fair": 14.7,
            "eps_avg_yearly": 0.42,
            "eps_latest_yearly": 0.6,
            "eps_growth_yearly": 930.43
        },
        "20041": {
            "year_quarter": 20041,
            "year": 2004,
            "quarter": 1,
            "eps": 0.33,
            "eps_growth_year": null,
            "eps_4q": 0.5,
            "eps_4q_growth_year": null,
            "roe": 3.17,
            "gross_profit": 252552,
            "gross_margin": 8.15,
            "net_income": 75599,
            "revenue": 3097559,
            "common_shares": 2320268,
            "equity": 2405366,
            "current_ratio": 212.22,
            "debt_ratio": 46.96,
            "inventory_turnover_ratio": 2.74,
            "account_receivable_turnover_ratio": null,
            "reinvestment_rate": -181.76,
            "research_to_sale_ratio": null,
            "price_fair": 25.2,
            "eps_avg_yearly": 0.72,
            "eps_latest_yearly": 1.32,
            "eps_growth_yearly": 780.29
        },
        "20042": {
            "year_quarter": 20042,
            "year": 2004,
            "quarter": 2,
            "eps": -0.21,
            "eps_growth_year": null,
            "eps_4q": 0.5,
            "eps_4q_growth_year": null,
            "roe": -2.05,
            "gross_profit": 132479,
            "gross_margin": 4.43,
            "net_income": -49033,
            "revenue": 2993359,
            "common_shares": 2320268,
            "equity": 2381317,
            "current_ratio": 144.96,
            "debt_ratio": 54.78,
            "inventory_turnover_ratio": 1.99,
            "account_receivable_turnover_ratio": null,
            "reinvestment_rate": -220.31,
            "research_to_sale_ratio": null,
            "price_fair": 25.2,
            "eps_avg_yearly": 0.72,
            "eps_latest_yearly": 1.32,
            "eps_growth_yearly": 780.29
        },
        "20043": {
            "year_quarter": 20043,
            "year": 2004,
            "quarter": 3,
            "eps": -0.16,
            "eps_growth_year": -169.57,
            "eps_4q": 0.11,
            "eps_4q_growth_year": null,
            "roe": -1.58,
            "gross_profit": 105671,
            "gross_margin": 2.95,
            "net_income": -37163,
            "revenue": 3587794,
            "common_shares": 2320268,
            "equity": 2310705,
            "current_ratio": 152.03,
            "debt_ratio": 51.51,
            "inventory_turnover_ratio": 2.14,
            "account_receivable_turnover_ratio": null,
            "reinvestment_rate": -326.68,
            "research_to_sale_ratio": null,
            "price_fair": 25.2,
            "eps_avg_yearly": 0.72,
            "eps_latest_yearly": 1.32,
            "eps_growth_yearly": 780.29
        },
        "20044": {
            "year_quarter": 20044,
            "year": 2004,
            "quarter": 4,
            "eps": -0.33,
            "eps_growth_year": -320,
            "eps_4q": -0.42,
            "eps_4q_growth_year": -8305.09,
            "roe": -3.37,
            "gross_profit": 70917,
            "gross_margin": 2.32,
            "net_income": -77491,
            "revenue": 3056222,
            "common_shares": 2320268,
            "equity": 2283401,
            "current_ratio": 157.33,
            "debt_ratio": 50.12,
            "inventory_turnover_ratio": 2.22,
            "account_receivable_turnover_ratio": null,
            "reinvestment_rate": null,
            "research_to_sale_ratio": null,
            "price_fair": 25.2,
            "eps_avg_yearly": 0.72,
            "eps_latest_yearly": 1.32,
            "eps_growth_yearly": 780.29
        },
        "20051": {
            "year_quarter": 20051,
            "year": 2005,
            "quarter": 1,
            "eps": 0.07,
            "eps_growth_year": -78.79,
            "eps_4q": -0.61,
            "eps_4q_growth_year": -222.54,
            "roe": 0.74,
            "gross_profit": 137001,
            "gross_margin": 5.22,
            "net_income": 16856,
            "revenue": 2622958,
            "common_shares": 2320268,
            "equity": 2257814,
            "current_ratio": 173.72,
            "debt_ratio": 43.52,
            "inventory_turnover_ratio": 2.7,
            "account_receivable_turnover_ratio": null,
            "reinvestment_rate": null,
            "research_to_sale_ratio": null,
            "price_fair": 25.2,
            "eps_avg_yearly": 0.72,
            "eps_latest_yearly": 1.32,
            "eps_growth_yearly": 780.29
        },
        "20052": {
            "year_quarter": 20052,
            "year": 2005,
            "quarter": 2,
            "eps": 0.03,
            "eps_growth_year": null,
            "eps_4q": -0.38,
            "eps_4q_growth_year": -176.92,
            "roe": 0.31,
            "gross_profit": 136006,
            "gross_margin": 5.63,
            "net_income": 7097,
            "revenue": 2415147,
            "common_shares": 2320268,
            "equity": 2267377,
            "current_ratio": 187.22,
            "debt_ratio": 34.81,
            "inventory_turnover_ratio": 3.08,
            "account_receivable_turnover_ratio": null,
            "reinvestment_rate": null,
            "research_to_sale_ratio": null,
            "price_fair": 19.95,
            "eps_avg_yearly": 0.57,
            "eps_latest_yearly": 0.12,
            "eps_growth_yearly": 528.07
        },
        "20053": {
            "year_quarter": 20053,
            "year": 2005,
            "quarter": 3,
            "eps": 0.09,
            "eps_growth_year": null,
            "eps_4q": -0.14,
            "eps_4q_growth_year": -225.98,
            "roe": 0.93,
            "gross_profit": 172049,
            "gross_margin": 6.85,
            "net_income": 21324,
            "revenue": 2512816,
            "common_shares": 2320268,
            "equity": 2329562,
            "current_ratio": 201.04,
            "debt_ratio": 31.85,
            "inventory_turnover_ratio": 3.22,
            "account_receivable_turnover_ratio": null,
            "reinvestment_rate": null,
            "research_to_sale_ratio": null,
            "price_fair": 18.48,
            "eps_avg_yearly": 0.53,
            "eps_latest_yearly": 0.36,
            "eps_growth_yearly": 582.46
        },
        "20054": {
            "year_quarter": 20054,
            "year": 2005,
            "quarter": 4,
            "eps": -0.02,
            "eps_growth_year": null,
            "eps_4q": 0.13,
            "eps_4q_growth_year": null,
            "roe": -0.2,
            "gross_profit": 149970,
            "gross_margin": 5.71,
            "net_income": -4849,
            "revenue": 2628180,
            "common_shares": 2320268,
            "equity": 2422059,
            "current_ratio": 193.91,
            "debt_ratio": 36.19,
            "inventory_turnover_ratio": 3.48,
            "account_receivable_turnover_ratio": null,
            "reinvestment_rate": null,
            "research_to_sale_ratio": null,
            "price_fair": 18.48,
            "eps_avg_yearly": 0.53,
            "eps_latest_yearly": 0.36,
            "eps_growth_yearly": 582.46
        },
        "20061": {
            "year_quarter": 20061,
            "year": 2006,
            "quarter": 1,
            "eps": 0.07,
            "eps_growth_year": 0,
            "eps_4q": 0.18,
            "eps_4q_growth_year": null,
            "roe": 0.64,
            "gross_profit": 174560,
            "gross_margin": 8.18,
            "net_income": 15353,
            "revenue": 2133575,
            "common_shares": 2320268,
            "equity": 2391104,
            "current_ratio": 239.84,
            "debt_ratio": 26.77,
            "inventory_turnover_ratio": 2.68,
            "account_receivable_turnover_ratio": null,
            "reinvestment_rate": null,
            "research_to_sale_ratio": null,
            "price_fair": 21,
            "eps_avg_yearly": 0.6,
            "eps_latest_yearly": 0.36,
            "eps_growth_yearly": 228.07
        },
        "20062": {
            "year_quarter": 20062,
            "year": 2006,
            "quarter": 2,
            "eps": 0.27,
            "eps_growth_year": 800,
            "eps_4q": 0.41,
            "eps_4q_growth_year": null,
            "roe": 2.59,
            "gross_profit": 182885,
            "gross_margin": 9.29,
            "net_income": 62699,
            "revenue": 1968904,
            "common_shares": 2320268,
            "equity": 2453331,
            "current_ratio": 309.38,
            "debt_ratio": 21.51,
            "inventory_turnover_ratio": 2.81,
            "account_receivable_turnover_ratio": null,
            "reinvestment_rate": null,
            "research_to_sale_ratio": null,
            "price_fair": 24.36,
            "eps_avg_yearly": 0.7,
            "eps_latest_yearly": 1.08,
            "eps_growth_yearly": 411.03
        },
        "20063": {
            "year_quarter": 20063,
            "year": 2006,
            "quarter": 3,
            "eps": 0.23,
            "eps_growth_year": 155.56,
            "eps_4q": 0.55,
            "eps_4q_growth_year": null,
            "roe": 2.13,
            "gross_profit": 222169,
            "gross_margin": 10.29,
            "net_income": 52674,
            "revenue": 2159670,
            "common_shares": 2320268,
            "equity": 2490827,
            "current_ratio": 274.19,
            "debt_ratio": 24.69,
            "inventory_turnover_ratio": 3.68,
            "account_receivable_turnover_ratio": null,
            "reinvestment_rate": null,
            "research_to_sale_ratio": null,
            "price_fair": 25.67,
            "eps_avg_yearly": 0.73,
            "eps_latest_yearly": 0.92,
            "eps_growth_yearly": 332.65
        },
        "20064": {
            "year_quarter": 20064,
            "year": 2006,
            "quarter": 4,
            "eps": 0.12,
            "eps_growth_year": null,
            "eps_4q": 0.7,
            "eps_4q_growth_year": 441.12,
            "roe": 1.04,
            "gross_profit": 205665,
            "gross_margin": 9.01,
            "net_income": 26835,
            "revenue": 2282810,
            "common_shares": 2320268,
            "equity": 2647954,
            "current_ratio": 226.88,
            "debt_ratio": 32.19,
            "inventory_turnover_ratio": 3.08,
            "account_receivable_turnover_ratio": null,
            "reinvestment_rate": -0.52,
            "research_to_sale_ratio": null,
            "price_fair": 24.4,
            "eps_avg_yearly": 0.7,
            "eps_latest_yearly": 0.48,
            "eps_growth_yearly": 257.8
        },
        "20071": {
            "year_quarter": 20071,
            "year": 2007,
            "quarter": 1,
            "eps": 0.25,
            "eps_growth_year": 257.14,
            "eps_4q": 0.85,
            "eps_4q_growth_year": 380.08,
            "roe": 2.24,
            "gross_profit": 275060,
            "gross_margin": 10.93,
            "net_income": 59056,
            "revenue": 2516953,
            "common_shares": 2320268,
            "equity": 2614750,
            "current_ratio": 182.87,
            "debt_ratio": 39.23,
            "inventory_turnover_ratio": 2.67,
            "account_receivable_turnover_ratio": null,
            "reinvestment_rate": -31.53,
            "research_to_sale_ratio": null,
            "price_fair": 25.73,
            "eps_avg_yearly": 0.74,
            "eps_latest_yearly": 1,
            "eps_growth_yearly": 279.74
        },
        "20072": {
            "year_quarter": 20072,
            "year": 2007,
            "quarter": 2,
            "eps": 0.29,
            "eps_growth_year": 7.41,
            "eps_4q": 0.89,
            "eps_4q_growth_year": 119.8,
            "roe": 2.56,
            "gross_profit": 248525,
            "gross_margin": 9.5,
            "net_income": 66450,
            "revenue": 2615678,
            "common_shares": 2320268,
            "equity": 2579648,
            "current_ratio": 231.78,
            "debt_ratio": 29.13,
            "inventory_turnover_ratio": 3.05,
            "account_receivable_turnover_ratio": null,
            "reinvestment_rate": -7.7,
            "research_to_sale_ratio": null,
            "price_fair": 27.38,
            "eps_avg_yearly": 0.78,
            "eps_latest_yearly": 1.16,
            "eps_growth_yearly": 255.77
        },
        "20073": {
            "year_quarter": 20073,
            "year": 2007,
            "quarter": 3,
            "eps": 0.28,
            "eps_growth_year": 21.74,
            "eps_4q": 0.93,
            "eps_4q_growth_year": 70.02,
            "roe": 2.49,
            "gross_profit": 248131,
            "gross_margin": 9.08,
            "net_income": 65174,
            "revenue": 2732228,
            "common_shares": 2320268,
            "equity": 2646697,
            "current_ratio": 203.82,
            "debt_ratio": 33.17,
            "inventory_turnover_ratio": 2.8,
            "account_receivable_turnover_ratio": null,
            "reinvestment_rate": 2.2,
            "research_to_sale_ratio": null,
            "price_fair": 28.56,
            "eps_avg_yearly": 0.82,
            "eps_latest_yearly": 1.12,
            "eps_growth_yearly": 228.81
        },
        "20074": {
            "year_quarter": 20074,
            "year": 2007,
            "quarter": 4,
            "eps": 0.46,
            "eps_growth_year": 283.33,
            "eps_4q": 1.28,
            "eps_4q_growth_year": 82.31,
            "roe": 3.91,
            "gross_profit": 333217,
            "gross_margin": 10.52,
            "net_income": 106380,
            "revenue": 3166639,
            "common_shares": 2320268,
            "equity": 2788726,
            "current_ratio": 186.61,
            "debt_ratio": 39.41,
            "inventory_turnover_ratio": 2.56,
            "account_receivable_turnover_ratio": null,
            "reinvestment_rate": 51.34,
            "research_to_sale_ratio": null,
            "price_fair": 32.9,
            "eps_avg_yearly": 0.94,
            "eps_latest_yearly": 1.84,
            "eps_growth_yearly": 268.44
        },
        "20081": {
            "year_quarter": 20081,
            "year": 2008,
            "quarter": 1,
            "eps": 0.53,
            "eps_growth_year": 112,
            "eps_4q": 1.53,
            "eps_4q_growth_year": 79.73,
            "roe": 4.43,
            "gross_profit": 387232,
            "gross_margin": 10.83,
            "net_income": 125137,
            "revenue": 3575473,
            "common_shares": 2320268,
            "equity": 2864588,
            "current_ratio": 180.22,
            "debt_ratio": 42.32,
            "inventory_turnover_ratio": 2.23,
            "account_receivable_turnover_ratio": null,
            "reinvestment_rate": 79.32,
            "research_to_sale_ratio": null,
            "price_fair": 35.7,
            "eps_avg_yearly": 1.02,
            "eps_latest_yearly": 2.12,
            "eps_growth_yearly": 226.53
        },
        "20082": {
            "year_quarter": 20082,
            "year": 2008,
            "quarter": 2,
            "eps": 0.3,
            "eps_growth_year": 3.45,
            "eps_4q": 1.45,
            "eps_4q_growth_year": 61.51,
            "roe": 2.74,
            "gross_profit": 336171,
            "gross_margin": 8.8,
            "net_income": 75513,
            "revenue": 3821712,
            "common_shares": 2320268,
            "equity": 2646797,
            "current_ratio": 153.39,
            "debt_ratio": 50.23,
            "inventory_turnover_ratio": 1.97,
            "account_receivable_turnover_ratio": null,
            "reinvestment_rate": 68.99,
            "research_to_sale_ratio": null,
            "price_fair": 36.27,
            "eps_avg_yearly": 1.04,
            "eps_latest_yearly": 1.2,
            "eps_growth_yearly": 190.15
        },
        "20083": {
            "year_quarter": 20083,
            "year": 2008,
            "quarter": 3,
            "eps": 0.09,
            "eps_growth_year": -67.86,
            "eps_4q": 1.01,
            "eps_4q_growth_year": 8.09,
            "roe": 1.06,
            "gross_profit": 312708,
            "gross_margin": 7.54,
            "net_income": 28481,
            "revenue": 4145005,
            "common_shares": 2320268,
            "equity": 2718991,
            "current_ratio": 156.47,
            "debt_ratio": 48.79,
            "inventory_turnover_ratio": 2.2,
            "account_receivable_turnover_ratio": null,
            "reinvestment_rate": 66.77,
            "research_to_sale_ratio": null,
            "price_fair": 34.3,
            "eps_avg_yearly": 0.98,
            "eps_latest_yearly": 0.36,
            "eps_growth_yearly": 150.97
        },
        "20084": {
            "year_quarter": 20084,
            "year": 2008,
            "quarter": 4,
            "eps": -0.01,
            "eps_growth_year": -102.17,
            "eps_4q": 0.85,
            "eps_4q_growth_year": -34.2,
            "roe": -0.04,
            "gross_profit": 252871,
            "gross_margin": 6.54,
            "net_income": -1150,
            "revenue": 3866954,
            "common_shares": 2320268,
            "equity": 2680420,
            "current_ratio": 171.76,
            "debt_ratio": 43.88,
            "inventory_turnover_ratio": 2.46,
            "account_receivable_turnover_ratio": 5.3,
            "reinvestment_rate": 46.86,
            "research_to_sale_ratio": null,
            "price_fair": 34.3,
            "eps_avg_yearly": 0.98,
            "eps_latest_yearly": 0.36,
            "eps_growth_yearly": 150.97
        },
        "20091": {
            "year_quarter": 20091,
            "year": 2009,
            "quarter": 1,
            "eps": 0.59,
            "eps_growth_year": 11.32,
            "eps_4q": 0.95,
            "eps_4q_growth_year": -37.72,
            "roe": 5.03,
            "gross_profit": 423396,
            "gross_margin": 12.2,
            "net_income": 138678,
            "revenue": 3469802,
            "common_shares": 2320268,
            "equity": 2835263,
            "current_ratio": 199.72,
            "debt_ratio": 38.17,
            "inventory_turnover_ratio": 2.39,
            "account_receivable_turnover_ratio": 2.62,
            "reinvestment_rate": 53.59,
            "research_to_sale_ratio": null,
            "price_fair": 34.3,
            "eps_avg_yearly": 0.98,
            "eps_latest_yearly": 0.36,
            "eps_growth_yearly": 150.97
        },
        "20092": {
            "year_quarter": 20092,
            "year": 2009,
            "quarter": 2,
            "eps": 0.19,
            "eps_growth_year": -36.67,
            "eps_4q": 0.74,
            "eps_4q_growth_year": -48.59,
            "roe": 1.82,
            "gross_profit": 330435,
            "gross_margin": 9.22,
            "net_income": 51246,
            "revenue": 3585496,
            "common_shares": 2320268,
            "equity": 2794053,
            "current_ratio": 166.11,
            "debt_ratio": 45.72,
            "inventory_turnover_ratio": 2.25,
            "account_receivable_turnover_ratio": 2.95,
            "reinvestment_rate": 51.8,
            "research_to_sale_ratio": null,
            "price_fair": 36.17,
            "eps_avg_yearly": 1.03,
            "eps_latest_yearly": 0.76,
            "eps_growth_yearly": 147.42
        },
        "20093": {
            "year_quarter": 20093,
            "year": 2009,
            "quarter": 3,
            "eps": 0.01,
            "eps_growth_year": -88.89,
            "eps_4q": 0.79,
            "eps_4q_growth_year": -22.07,
            "roe": 0.52,
            "gross_profit": 256126,
            "gross_margin": 6.18,
            "net_income": 15178,
            "revenue": 4144631,
            "common_shares": 2320268,
            "equity": 2994864,
            "current_ratio": 176.9,
            "debt_ratio": 41,
            "inventory_turnover_ratio": 2.39,
            "account_receivable_turnover_ratio": 3.38,
            "reinvestment_rate": 55.11,
            "research_to_sale_ratio": null,
            "price_fair": 35.23,
            "eps_avg_yearly": 1.01,
            "eps_latest_yearly": 0.04,
            "eps_growth_yearly": 49.18
        },
        "20094": {
            "year_quarter": 20094,
            "year": 2009,
            "quarter": 4,
            "eps": 0.38,
            "eps_growth_year": null,
            "eps_4q": 1.17,
            "eps_4q_growth_year": 39.01,
            "roe": 2.93,
            "gross_profit": 354786,
            "gross_margin": 8.77,
            "net_income": 91830,
            "revenue": 4043446,
            "common_shares": 2320268,
            "equity": 3283849,
            "current_ratio": 174.05,
            "debt_ratio": 40.91,
            "inventory_turnover_ratio": 2.6,
            "account_receivable_turnover_ratio": 6.11,
            "reinvestment_rate": 205.08,
            "research_to_sale_ratio": null,
            "price_fair": 36.62,
            "eps_avg_yearly": 1.05,
            "eps_latest_yearly": 1.52,
            "eps_growth_yearly": 1183.86
        },
        "20101": {
            "year_quarter": 20101,
            "year": 2010,
            "quarter": 1,
            "eps": 0.38,
            "eps_growth_year": -35.59,
            "eps_4q": 0.97,
            "eps_4q_growth_year": 1.38,
            "roe": 2.57,
            "gross_profit": 351653,
            "gross_margin": 9.6,
            "net_income": 87973,
            "revenue": 3662117,
            "common_shares": 2320268,
            "equity": 3570297,
            "current_ratio": 184.54,
            "debt_ratio": 37.48,
            "inventory_turnover_ratio": 2.25,
            "account_receivable_turnover_ratio": 2.74,
            "reinvestment_rate": 252.88,
            "research_to_sale_ratio": null,
            "price_fair": 37.8,
            "eps_avg_yearly": 1.08,
            "eps_latest_yearly": 1.52,
            "eps_growth_yearly": 1099.29
        },
        "20102": {
            "year_quarter": 20102,
            "year": 2010,
            "quarter": 2,
            "eps": 0.29,
            "eps_growth_year": 52.29,
            "eps_4q": 1.06,
            "eps_4q_growth_year": 43.04,
            "roe": 1.94,
            "gross_profit": 328586,
            "gross_margin": 8.23,
            "net_income": 71537,
            "revenue": 3991552,
            "common_shares": 2320268,
            "equity": 3786936,
            "current_ratio": 165.81,
            "debt_ratio": 39.4,
            "inventory_turnover_ratio": 2.13,
            "account_receivable_turnover_ratio": 2.98,
            "reinvestment_rate": 328.07,
            "research_to_sale_ratio": null,
            "price_fair": 38,
            "eps_avg_yearly": 1.09,
            "eps_latest_yearly": 1.16,
            "eps_growth_yearly": 1010.9
        },
        "20103": {
            "year_quarter": 20103,
            "year": 2010,
            "quarter": 3,
            "eps": 0.54,
            "eps_growth_year": 5321.62,
            "eps_4q": 1.59,
            "eps_4q_growth_year": 102.05,
            "roe": 3.48,
            "gross_profit": 400657,
            "gross_margin": 8.74,
            "net_income": 140355,
            "revenue": 4586481,
            "common_shares": 2320268,
            "equity": 4288259,
            "current_ratio": 172.45,
            "debt_ratio": 36.33,
            "inventory_turnover_ratio": 2.42,
            "account_receivable_turnover_ratio": 3.14,
            "reinvestment_rate": 378.57,
            "research_to_sale_ratio": null,
            "price_fair": 41.1,
            "eps_avg_yearly": 1.17,
            "eps_latest_yearly": 2.16,
            "eps_growth_yearly": 1039.76
        },
        "20104": {
            "year_quarter": 20104,
            "year": 2010,
            "quarter": 4,
            "eps": 0.28,
            "eps_growth_year": -27.33,
            "eps_4q": 1.49,
            "eps_4q_growth_year": 26.43,
            "roe": 1.58,
            "gross_profit": 316500,
            "gross_margin": 7.61,
            "net_income": 67093,
            "revenue": 4156356,
            "common_shares": 2320268,
            "equity": 4183949,
            "current_ratio": 151.15,
            "debt_ratio": 43.11,
            "inventory_turnover_ratio": 2.03,
            "account_receivable_turnover_ratio": 2.59,
            "reinvestment_rate": 335.26,
            "research_to_sale_ratio": null,
            "price_fair": 42.7,
            "eps_avg_yearly": 1.22,
            "eps_latest_yearly": 1.12,
            "eps_growth_yearly": 1039.67
        },
        "20111": {
            "year_quarter": 20111,
            "year": 2011,
            "quarter": 1,
            "eps": 0.15,
            "eps_growth_year": -60.53,
            "eps_4q": 1.26,
            "eps_4q_growth_year": 30.29,
            "roe": 0.7,
            "gross_profit": 269706,
            "gross_margin": 6.9,
            "net_income": 29571,
            "revenue": 3906809,
            "common_shares": 2320268,
            "equity": 4265652,
            "current_ratio": 152.61,
            "debt_ratio": 41.71,
            "inventory_turnover_ratio": 1.85,
            "account_receivable_turnover_ratio": 2.49,
            "reinvestment_rate": 376.97,
            "research_to_sale_ratio": null,
            "price_fair": 41.7,
            "eps_avg_yearly": 1.19,
            "eps_latest_yearly": 0.6,
            "eps_growth_yearly": 995.45
        },
        "20112": {
            "year_quarter": 20112,
            "year": 2011,
            "quarter": 2,
            "eps": 0.26,
            "eps_growth_year": -9.75,
            "eps_4q": 1.23,
            "eps_4q_growth_year": 15.88,
            "roe": 1.49,
            "gross_profit": 270650,
            "gross_margin": 6.52,
            "net_income": 63288,
            "revenue": 4149533,
            "common_shares": 2320268,
            "equity": 4254432,
            "current_ratio": 137.77,
            "debt_ratio": 44.28,
            "inventory_turnover_ratio": 2.03,
            "account_receivable_turnover_ratio": 2.72,
            "reinvestment_rate": 417.22,
            "research_to_sale_ratio": null,
            "price_fair": 41.4,
            "eps_avg_yearly": 1.18,
            "eps_latest_yearly": 1.04,
            "eps_growth_yearly": 1011.83
        },
        "20113": {
            "year_quarter": 20113,
            "year": 2011,
            "quarter": 3,
            "eps": 0.02,
            "eps_growth_year": -96.9,
            "eps_4q": 0.71,
            "eps_4q_growth_year": -55.6,
            "roe": 0.25,
            "gross_profit": 317906,
            "gross_margin": 6.44,
            "net_income": 10367,
            "revenue": 4939584,
            "common_shares": 2320268,
            "equity": 4206134,
            "current_ratio": 132.88,
            "debt_ratio": 47.31,
            "inventory_turnover_ratio": 2.35,
            "account_receivable_turnover_ratio": 2.9,
            "reinvestment_rate": 430.33,
            "research_to_sale_ratio": null,
            "price_fair": 38.8,
            "eps_avg_yearly": 1.11,
            "eps_latest_yearly": 0.08,
            "eps_growth_yearly": 986.44
        },
        "20114": {
            "year_quarter": 20114,
            "year": 2011,
            "quarter": 4,
            "eps": 0.16,
            "eps_growth_year": -43.85,
            "eps_4q": 0.59,
            "eps_4q_growth_year": -60.61,
            "roe": 0.87,
            "gross_profit": 322398,
            "gross_margin": 6.89,
            "net_income": 38134,
            "revenue": 4680309,
            "common_shares": 2320268,
            "equity": 4592516,
            "current_ratio": 120.28,
            "debt_ratio": 48.54,
            "inventory_turnover_ratio": 2.2,
            "account_receivable_turnover_ratio": 2.43,
            "reinvestment_rate": 539.95,
            "research_to_sale_ratio": null,
            "price_fair": 35.8,
            "eps_avg_yearly": 1.02,
            "eps_latest_yearly": 0.64,
            "eps_growth_yearly": 1168.07
        },
        "20121": {
            "year_quarter": 20121,
            "year": 2012,
            "quarter": 1,
            "eps": 0.04,
            "eps_growth_year": -73.33,
            "eps_4q": 0.47,
            "eps_4q_growth_year": -62.7,
            "roe": 0.21,
            "gross_profit": 265197,
            "gross_margin": 6.3,
            "net_income": 10028,
            "revenue": 4206913,
            "common_shares": 2320268,
            "equity": 4827021,
            "current_ratio": 130.29,
            "debt_ratio": 45.95,
            "inventory_turnover_ratio": 1.9,
            "account_receivable_turnover_ratio": 2.22,
            "reinvestment_rate": 670.91,
            "research_to_sale_ratio": null,
            "price_fair": 30.9,
            "eps_avg_yearly": 0.88,
            "eps_latest_yearly": 0.16,
            "eps_growth_yearly": 1142.3
        },
        "20122": {
            "year_quarter": 20122,
            "year": 2012,
            "quarter": 2,
            "eps": 0.17,
            "eps_growth_year": -35.53,
            "eps_4q": 0.38,
            "eps_4q_growth_year": -69.38,
            "roe": 0.75,
            "gross_profit": 299699,
            "gross_margin": 7.26,
            "net_income": 36521,
            "revenue": 4126909,
            "common_shares": 2320268,
            "equity": 4851281,
            "current_ratio": 121.17,
            "debt_ratio": 46.95,
            "inventory_turnover_ratio": 1.84,
            "account_receivable_turnover_ratio": 2.31,
            "reinvestment_rate": 738.09,
            "research_to_sale_ratio": null,
            "price_fair": 29.6,
            "eps_avg_yearly": 0.85,
            "eps_latest_yearly": 0.68,
            "eps_growth_yearly": 1247.55
        },
        "20123": {
            "year_quarter": 20123,
            "year": 2012,
            "quarter": 3,
            "eps": 0.74,
            "eps_growth_year": 4269.44,
            "eps_4q": 1.1,
            "eps_4q_growth_year": 55.14,
            "roe": 3.63,
            "gross_profit": 493502,
            "gross_margin": 10.32,
            "net_income": 173279,
            "revenue": 4783989,
            "common_shares": 2320268,
            "equity": 4708073,
            "current_ratio": 127.12,
            "debt_ratio": 50.37,
            "inventory_turnover_ratio": 2.16,
            "account_receivable_turnover_ratio": 2.47,
            "reinvestment_rate": 586.66,
            "research_to_sale_ratio": null,
            "price_fair": 36.1,
            "eps_avg_yearly": 1.03,
            "eps_latest_yearly": 2.96,
            "eps_growth_yearly": 1363.35
        },
        "20124": {
            "year_quarter": 20124,
            "year": 2012,
            "quarter": 4,
            "eps": 0.39,
            "eps_growth_year": 151.27,
            "eps_4q": 1.33,
            "eps_4q_growth_year": 127.34,
            "roe": 1.78,
            "gross_profit": 300900,
            "gross_margin": 6.47,
            "net_income": 84994,
            "revenue": 4652872,
            "common_shares": 2320268,
            "equity": 4834337,
            "current_ratio": 124.21,
            "debt_ratio": 51.34,
            "inventory_turnover_ratio": 2.07,
            "account_receivable_turnover_ratio": 2.24,
            "reinvestment_rate": 547.53,
            "research_to_sale_ratio": null,
            "price_fair": 37.33,
            "eps_avg_yearly": 1.07,
            "eps_latest_yearly": 1.56,
            "eps_growth_yearly": 1259.85
        },
        "20131": {
            "year_quarter": 20131,
            "year": 2013,
            "quarter": 1,
            "eps": 0.31,
            "eps_growth_year": 675,
            "eps_4q": 1.6,
            "eps_4q_growth_year": 241.31,
            "roe": 1.41,
            "gross_profit": 380370,
            "gross_margin": 8.68,
            "net_income": 68825,
            "revenue": 4380233,
            "common_shares": 2320268,
            "equity": 4908941,
            "current_ratio": 120.63,
            "debt_ratio": 50.28,
            "inventory_turnover_ratio": 2.09,
            "account_receivable_turnover_ratio": 2.25,
            "reinvestment_rate": 338.06,
            "research_to_sale_ratio": null,
            "price_fair": 37.71,
            "eps_avg_yearly": 1.08,
            "eps_latest_yearly": 1.24,
            "eps_growth_yearly": 1175.98
        },
        "20132": {
            "year_quarter": 20132,
            "year": 2013,
            "quarter": 2,
            "eps": 0.06,
            "eps_growth_year": -64.36,
            "eps_4q": 1.5,
            "eps_4q_growth_year": 297.54,
            "roe": 0.18,
            "gross_profit": 275852,
            "gross_margin": 6.56,
            "net_income": 8308,
            "revenue": 4203846,
            "common_shares": 2320268,
            "equity": 4197757,
            "current_ratio": 113.95,
            "debt_ratio": 53.07,
            "inventory_turnover_ratio": 2.69,
            "account_receivable_turnover_ratio": 2.33,
            "reinvestment_rate": 298.3,
            "research_to_sale_ratio": null,
            "price_fair": 36.58,
            "eps_avg_yearly": 1.05,
            "eps_latest_yearly": 0.24,
            "eps_growth_yearly": 1172.77
        },
        "20133": {
            "year_quarter": 20133,
            "year": 2013,
            "quarter": 3,
            "eps": 0.7,
            "eps_growth_year": -4.81,
            "eps_4q": 1.46,
            "eps_4q_growth_year": 32.93,
            "roe": 3.9,
            "gross_profit": 493511,
            "gross_margin": 10.24,
            "net_income": 164408,
            "revenue": 4820713,
            "common_shares": 2320268,
            "equity": 4233594,
            "current_ratio": 119.43,
            "debt_ratio": 50.98,
            "inventory_turnover_ratio": 3.72,
            "account_receivable_turnover_ratio": 2.65,
            "reinvestment_rate": 246.12,
            "research_to_sale_ratio": null,
            "price_fair": 42.61,
            "eps_avg_yearly": 1.22,
            "eps_latest_yearly": 2.8,
            "eps_growth_yearly": 1463.12
        },
        "20134": {
            "year_quarter": 20134,
            "year": 2013,
            "quarter": 4,
            "eps": 0.89,
            "eps_growth_year": 127.38,
            "eps_4q": 1.95,
            "eps_4q_growth_year": 46.8,
            "roe": 4.62,
            "gross_profit": 535420,
            "gross_margin": 11.35,
            "net_income": 210187,
            "revenue": 4717622,
            "common_shares": 2320268,
            "equity": 4872605,
            "current_ratio": 124.39,
            "debt_ratio": 46.68,
            "inventory_turnover_ratio": 4.43,
            "account_receivable_turnover_ratio": 2.56,
            "reinvestment_rate": 128.02,
            "research_to_sale_ratio": null,
            "price_fair": 47.08,
            "eps_avg_yearly": 1.35,
            "eps_latest_yearly": 3.56,
            "eps_growth_yearly": 544.9
        },
        "20141": {
            "year_quarter": 20141,
            "year": 2014,
            "quarter": 1,
            "eps": 0.87,
            "eps_growth_year": 180.65,
            "eps_4q": 2.52,
            "eps_4q_growth_year": 56.87,
            "roe": 4.23,
            "gross_profit": 497660,
            "gross_margin": 11.97,
            "net_income": 206612,
            "revenue": 4158339,
            "common_shares": 2320268,
            "equity": 4907657,
            "current_ratio": 133.42,
            "debt_ratio": 44.04,
            "inventory_turnover_ratio": 3.78,
            "account_receivable_turnover_ratio": 2.41,
            "reinvestment_rate": 72.92,
            "research_to_sale_ratio": null,
            "price_fair": 51.36,
            "eps_avg_yearly": 1.47,
            "eps_latest_yearly": 3.48,
            "eps_growth_yearly": 544.34
        },
        "20142": {
            "year_quarter": 20142,
            "year": 2014,
            "quarter": 2,
            "eps": 0.78,
            "eps_growth_year": 1200,
            "eps_4q": 3.07,
            "eps_4q_growth_year": 104.93,
            "roe": 3.82,
            "gross_profit": 512087,
            "gross_margin": 11.88,
            "net_income": 185966,
            "revenue": 4309282,
            "common_shares": 2320268,
            "equity": 4823436,
            "current_ratio": 125.9,
            "debt_ratio": 47,
            "inventory_turnover_ratio": 3.41,
            "account_receivable_turnover_ratio": 2.62,
            "reinvestment_rate": 12.4,
            "research_to_sale_ratio": null,
            "price_fair": 55.65,
            "eps_avg_yearly": 1.59,
            "eps_latest_yearly": 3.12,
            "eps_growth_yearly": 547.68
        },
        "20143": {
            "year_quarter": 20143,
            "year": 2014,
            "quarter": 3,
            "eps": 0.69,
            "eps_growth_year": -1.43,
            "eps_4q": 3.1,
            "eps_4q_growth_year": 112.94,
            "roe": 3.54,
            "gross_profit": 493128,
            "gross_margin": 10.86,
            "net_income": 177734,
            "revenue": 4541137,
            "common_shares": 2436282,
            "equity": 5219975,
            "current_ratio": 128.39,
            "debt_ratio": 44.39,
            "inventory_turnover_ratio": 3.41,
            "account_receivable_turnover_ratio": 2.65,
            "reinvestment_rate": -21.76,
            "research_to_sale_ratio": null,
            "price_fair": 56.96,
            "eps_avg_yearly": 1.63,
            "eps_latest_yearly": 2.76,
            "eps_growth_yearly": 523.24
        },
        "20144": {
            "year_quarter": 20144,
            "year": 2014,
            "quarter": 4,
            "eps": 0.96,
            "eps_growth_year": 7.9,
            "eps_4q": 3.21,
            "eps_4q_growth_year": 64.56,
            "roe": 4.5,
            "gross_profit": 584604,
            "gross_margin": 12.94,
            "net_income": 237935,
            "revenue": 4519002,
            "common_shares": 2436282,
            "equity": 5357426,
            "current_ratio": 135.15,
            "debt_ratio": 42.86,
            "inventory_turnover_ratio": 3.44,
            "account_receivable_turnover_ratio": 2.55,
            "reinvestment_rate": -14.54,
            "research_to_sale_ratio": null,
            "price_fair": 62.91,
            "eps_avg_yearly": 1.8,
            "eps_latest_yearly": 3.84,
            "eps_growth_yearly": 545.06
        },
        "20151": {
            "year_quarter": 20151,
            "year": 2015,
            "quarter": 1,
            "eps": 0.72,
            "eps_growth_year": -17.24,
            "eps_4q": 3.1,
            "eps_4q_growth_year": 23.22,
            "roe": 3.38,
            "gross_profit": 502872,
            "gross_margin": 12.55,
            "net_income": 178703,
            "revenue": 4008464,
            "common_shares": 2436282,
            "equity": 5217913,
            "current_ratio": 133.74,
            "debt_ratio": 44.26,
            "inventory_turnover_ratio": 2.49,
            "account_receivable_turnover_ratio": 2.4,
            "reinvestment_rate": -34.3,
            "research_to_sale_ratio": null,
            "price_fair": 67.9,
            "eps_avg_yearly": 1.94,
            "eps_latest_yearly": 2.88,
            "eps_growth_yearly": 550.42
        },
        "20152": {
            "year_quarter": 20152,
            "year": 2015,
            "quarter": 2,
            "eps": 0.42,
            "eps_growth_year": -46.15,
            "eps_4q": 2.53,
            "eps_4q_growth_year": -17.69,
            "roe": 2.1,
            "gross_profit": 391023,
            "gross_margin": 9.95,
            "net_income": 108402,
            "revenue": 3929486,
            "common_shares": 2436282,
            "equity": 5098888,
            "current_ratio": 124.09,
            "debt_ratio": 43.83,
            "inventory_turnover_ratio": 2.31,
            "account_receivable_turnover_ratio": 2.52,
            "reinvestment_rate": -50.89,
            "research_to_sale_ratio": null,
            "price_fair": 69.3,
            "eps_avg_yearly": 1.98,
            "eps_latest_yearly": 1.68,
            "eps_growth_yearly": 521.67
        },
        "20153": {
            "year_quarter": 20153,
            "year": 2015,
            "quarter": 3,
            "eps": 0.72,
            "eps_growth_year": 4.35,
            "eps_4q": 2.62,
            "eps_4q_growth_year": -15.62,
            "roe": 3.98,
            "gross_profit": 566009,
            "gross_margin": 12.76,
            "net_income": 203281,
            "revenue": 4436577,
            "common_shares": 2679910,
            "equity": 5116156,
            "current_ratio": 120.87,
            "debt_ratio": 44.4,
            "inventory_turnover_ratio": 2.96,
            "account_receivable_turnover_ratio": 2.7,
            "reinvestment_rate": -41.59,
            "research_to_sale_ratio": null,
            "price_fair": 75.43,
            "eps_avg_yearly": 2.16,
            "eps_latest_yearly": 2.88,
            "eps_growth_yearly": 562.6
        },
        "20154": {
            "year_quarter": 20154,
            "year": 2015,
            "quarter": 4,
            "eps": 0.82,
            "eps_growth_year": -14.36,
            "eps_4q": 2.57,
            "eps_4q_growth_year": -20.14,
            "roe": 4.48,
            "gross_profit": 568491,
            "gross_margin": 13.6,
            "net_income": 230700,
            "revenue": 4179369,
            "common_shares": 2679910,
            "equity": 5184585,
            "current_ratio": 117.59,
            "debt_ratio": 46.24,
            "inventory_turnover_ratio": 2.77,
            "account_receivable_turnover_ratio": 2.49,
            "reinvestment_rate": -83.5,
            "research_to_sale_ratio": null,
            "price_fair": 81.2,
            "eps_avg_yearly": 2.32,
            "eps_latest_yearly": 3.28,
            "eps_growth_yearly": 391.07
        },
        "20161": {
            "year_quarter": 20161,
            "year": 2016,
            "quarter": 1,
            "eps": 0.95,
            "eps_growth_year": 31.94,
            "eps_4q": 2.87,
            "eps_4q_growth_year": -7.52,
            "roe": 4.76,
            "gross_profit": 609586,
            "gross_margin": 14.32,
            "net_income": 260953,
            "revenue": 4255524,
            "common_shares": 2679910,
            "equity": 5782105,
            "current_ratio": 111.76,
            "debt_ratio": 41.17,
            "inventory_turnover_ratio": 2.83,
            "account_receivable_turnover_ratio": 2.54,
            "reinvestment_rate": -76.15,
            "research_to_sale_ratio": null,
            "price_fair": 89.16,
            "eps_avg_yearly": 2.55,
            "eps_latest_yearly": 3.8,
            "eps_growth_yearly": 413.79
        },
        "20162": {
            "year_quarter": 20162,
            "year": 2016,
            "quarter": 2,
            "eps": 1.08,
            "eps_growth_year": 157.14,
            "eps_4q": 3.56,
            "eps_4q_growth_year": 41,
            "roe": 5.14,
            "gross_profit": 654118,
            "gross_margin": 15.08,
            "net_income": 297624,
            "revenue": 4338177,
            "common_shares": 2679910,
            "equity": 5792554,
            "current_ratio": 101.94,
            "debt_ratio": 42.81,
            "inventory_turnover_ratio": 3.06,
            "account_receivable_turnover_ratio": 2.55,
            "reinvestment_rate": -69.94,
            "research_to_sale_ratio": null,
            "price_fair": 97.13,
            "eps_avg_yearly": 2.78,
            "eps_latest_yearly": 4.32,
            "eps_growth_yearly": 335.96
        },
        "20163": {
            "year_quarter": 20163,
            "year": 2016,
            "quarter": 3,
            "eps": 1.13,
            "eps_growth_year": 56.94,
            "eps_4q": 3.98,
            "eps_4q_growth_year": 51.98,
            "roe": 5.12,
            "gross_profit": 696251,
            "gross_margin": 14.71,
            "net_income": 308611,
            "revenue": 4734146,
            "common_shares": 2679910,
            "equity": 6265958,
            "current_ratio": 111.79,
            "debt_ratio": 41.47,
            "inventory_turnover_ratio": 3.42,
            "account_receivable_turnover_ratio": 2.69,
            "reinvestment_rate": -41.13,
            "research_to_sale_ratio": null,
            "price_fair": 100.54,
            "eps_avg_yearly": 2.87,
            "eps_latest_yearly": 4.52,
            "eps_growth_yearly": 253.29
        },
        "20164": {
            "year_quarter": 20164,
            "year": 2016,
            "quarter": 4,
            "eps": 1.55,
            "eps_growth_year": 89.35,
            "eps_4q": 4.71,
            "eps_4q_growth_year": 83.46,
            "roe": 6.56,
            "gross_profit": 860461,
            "gross_margin": 17.76,
            "net_income": 422217,
            "revenue": 4845062,
            "common_shares": 2679910,
            "equity": 6608737,
            "current_ratio": 114.05,
            "debt_ratio": 40.93,
            "inventory_turnover_ratio": 3.47,
            "account_receivable_turnover_ratio": 2.53,
            "reinvestment_rate": -34.91,
            "research_to_sale_ratio": null,
            "price_fair": 110.69,
            "eps_avg_yearly": 3.16,
            "eps_latest_yearly": 6.2,
            "eps_growth_yearly": 274.41
        },
        "20171": {
            "year_quarter": 20171,
            "year": 2017,
            "quarter": 1,
            "eps": 1.53,
            "eps_growth_year": 61.05,
            "eps_4q": 5.29,
            "eps_4q_growth_year": 84.5,
            "roe": 6.23,
            "gross_profit": 859345,
            "gross_margin": 17.97,
            "net_income": 420923,
            "revenue": 4782335,
            "common_shares": 2679910,
            "equity": 6908001,
            "current_ratio": 136.45,
            "debt_ratio": 39.92,
            "inventory_turnover_ratio": 3.13,
            "account_receivable_turnover_ratio": 2.5,
            "reinvestment_rate": 39.76,
            "research_to_sale_ratio": null,
            "price_fair": 121.36,
            "eps_avg_yearly": 3.47,
            "eps_latest_yearly": 6.12,
            "eps_growth_yearly": 279.22
        },
        "20172": {
            "year_quarter": 20172,
            "year": 2017,
            "quarter": 2,
            "eps": 1.17,
            "eps_growth_year": 8.33,
            "eps_4q": 5.38,
            "eps_4q_growth_year": 51.04,
            "roe": 4.95,
            "gross_profit": 784835,
            "gross_margin": 16.36,
            "net_income": 326138,
            "revenue": 4796196,
            "common_shares": 2679910,
            "equity": 6279371,
            "current_ratio": 111.4,
            "debt_ratio": 46.41,
            "inventory_turnover_ratio": 2.91,
            "account_receivable_turnover_ratio": 2.62,
            "reinvestment_rate": 53.73,
            "research_to_sale_ratio": null,
            "price_fair": 131.08,
            "eps_avg_yearly": 3.75,
            "eps_latest_yearly": 4.68,
            "eps_growth_yearly": 293.49
        },
        "20173": {
            "year_quarter": 20173,
            "year": 2017,
            "quarter": 3,
            "eps": 1.19,
            "eps_growth_year": 5.31,
            "eps_4q": 5.45,
            "eps_4q_growth_year": 36.98,
            "roe": 5.07,
            "gross_profit": 790619,
            "gross_margin": 15.26,
            "net_income": 330719,
            "revenue": 5180997,
            "common_shares": 2679910,
            "equity": 6761916,
            "current_ratio": 93.67,
            "debt_ratio": 48.99,
            "inventory_turnover_ratio": 3.35,
            "account_receivable_turnover_ratio": 2.73,
            "reinvestment_rate": 96.13,
            "research_to_sale_ratio": null,
            "price_fair": 135.36,
            "eps_avg_yearly": 3.87,
            "eps_latest_yearly": 4.76,
            "eps_growth_yearly": 27.25
        },
        "20174": {
            "year_quarter": 20174,
            "year": 2017,
            "quarter": 4,
            "eps": 1.45,
            "eps_growth_year": -6.45,
            "eps_4q": 5.35,
            "eps_4q_growth_year": 13.57,
            "roe": 5.83,
            "gross_profit": 893187,
            "gross_margin": 17.49,
            "net_income": 399601,
            "revenue": 5105472,
            "common_shares": 2679910,
            "equity": 6957514,
            "current_ratio": 100.5,
            "debt_ratio": 49.9,
            "inventory_turnover_ratio": 3.45,
            "account_receivable_turnover_ratio": 2.47,
            "reinvestment_rate": 86.77,
            "research_to_sale_ratio": null,
            "price_fair": 140.26,
            "eps_avg_yearly": 4.01,
            "eps_latest_yearly": 5.8,
            "eps_growth_yearly": 25.93
        },
        "20181": {
            "year_quarter": 20181,
            "year": 2018,
            "quarter": 1,
            "eps": 0.98,
            "eps_growth_year": -35.95,
            "eps_4q": 4.8,
            "eps_4q_growth_year": -9.29,
            "roe": 3.75,
            "gross_profit": 732606,
            "gross_margin": 14.78,
            "net_income": 269549,
            "revenue": 4957240,
            "common_shares": 2679910,
            "equity": 7406222,
            "current_ratio": 99.51,
            "debt_ratio": 47.93,
            "inventory_turnover_ratio": 3.21,
            "account_receivable_turnover_ratio": 2.35,
            "reinvestment_rate": 55.34,
            "research_to_sale_ratio": null,
            "price_fair": 114.55,
            "eps_avg_yearly": 4.04,
            "eps_latest_yearly": 3.92,
            "eps_growth_yearly": 18.39
        },
        "20182": {
            "year_quarter": 20182,
            "year": 2018,
            "quarter": 2,
            "eps": 0.48,
            "eps_growth_year": -58.97,
            "eps_4q": 4.11,
            "eps_4q_growth_year": -23.72,
            "roe": 2.02,
            "gross_profit": 616984,
            "gross_margin": 11.72,
            "net_income": 141683,
            "revenue": 5263217,
            "common_shares": 2679910,
            "equity": 6607169,
            "current_ratio": 85.77,
            "debt_ratio": 56.52,
            "inventory_turnover_ratio": 2.92,
            "account_receivable_turnover_ratio": 2.47,
            "reinvestment_rate": 66.99,
            "research_to_sale_ratio": null,
            "price_fair": 72.15,
            "eps_avg_yearly": 3.96,
            "eps_latest_yearly": 1.92,
            "eps_growth_yearly": 8.22
        },
        "20183": {
            "year_quarter": 20183,
            "year": 2018,
            "quarter": 3,
            "eps": 0.9,
            "eps_growth_year": -24.37,
            "eps_4q": 3.82,
            "eps_4q_growth_year": -29.86,
            "roe": 3.81,
            "gross_profit": 700516,
            "gross_margin": 12.54,
            "net_income": 258374,
            "revenue": 5586602,
            "common_shares": 2679910,
            "equity": 6968076,
            "current_ratio": 88.34,
            "debt_ratio": 54.69,
            "inventory_turnover_ratio": 3.02,
            "account_receivable_turnover_ratio": 2.41,
            "reinvestment_rate": 63.46,
            "research_to_sale_ratio": null,
            "price_fair": 140.44,
            "eps_avg_yearly": 4.01,
            "eps_latest_yearly": 3.6,
            "eps_growth_yearly": 32.98
        },
        "20184": {
            "year_quarter": 20184,
            "year": 2018,
            "quarter": 4,
            "eps": 1.18,
            "eps_growth_year": -18.83,
            "eps_4q": 3.55,
            "eps_4q_growth_year": -33.66,
            "roe": 4.58,
            "gross_profit": 807244,
            "gross_margin": 14.87,
            "net_income": 325454,
            "revenue": 5428027,
            "common_shares": 2679910,
            "equity": 7256685,
            "current_ratio": 91.43,
            "debt_ratio": 54.04,
            "inventory_turnover_ratio": 3.35,
            "account_receivable_turnover_ratio": 2.21,
            "reinvestment_rate": 69.48,
            "research_to_sale_ratio": null,
            "price_fair": 142.36,
            "eps_avg_yearly": 4.07,
            "eps_latest_yearly": 4.72,
            "eps_growth_yearly": 30.98
        },
        "20191": {
            "year_quarter": 20191,
            "year": 2019,
            "quarter": 1,
            "eps": 0.9,
            "eps_growth_year": -8.16,
            "eps_4q": 3.47,
            "eps_4q_growth_year": -27.7,
            "roe": 3.35,
            "gross_profit": 722603,
            "gross_margin": 14.35,
            "net_income": 249305,
            "revenue": 5035297,
            "common_shares": 2679910,
            "equity": 7635274,
            "current_ratio": 92.17,
            "debt_ratio": 53.71,
            "inventory_turnover_ratio": 3.22,
            "account_receivable_turnover_ratio": 2.22,
            "reinvestment_rate": 77.56,
            "research_to_sale_ratio": null,
            "price_fair": 143.94,
            "eps_avg_yearly": 4.11,
            "eps_latest_yearly": 3.6,
            "eps_growth_yearly": 31.29
        },
        "20192": {
            "year_quarter": 20192,
            "year": 2019,
            "quarter": 2,
            "eps": 1.46,
            "eps_growth_year": 204.17,
            "eps_4q": 4.44,
            "eps_4q_growth_year": 8.08,
            "roe": 5.29,
            "gross_profit": 833913,
            "gross_margin": 16.19,
            "net_income": 399942,
            "revenue": 5150471,
            "common_shares": 2679910,
            "equity": 7471799,
            "current_ratio": 97.7,
            "debt_ratio": 56.86,
            "inventory_turnover_ratio": 3,
            "account_receivable_turnover_ratio": 2.52,
            "reinvestment_rate": 73.72,
            "research_to_sale_ratio": null,
            "price_fair": 153.04,
            "eps_avg_yearly": 4.37,
            "eps_latest_yearly": 5.84,
            "eps_growth_yearly": 57.27
        },
        "20193": {
            "year_quarter": 20193,
            "year": 2019,
            "quarter": 3,
            "eps": 1.15,
            "eps_growth_year": 27.78,
            "eps_4q": 4.68,
            "eps_4q_growth_year": 22.6,
            "roe": 4.07,
            "gross_profit": 774639,
            "gross_margin": 14.37,
            "net_income": 308224,
            "revenue": 5389590,
            "common_shares": 2679910,
            "equity": 7677865,
            "current_ratio": 90.46,
            "debt_ratio": 57.43,
            "inventory_turnover_ratio": 2.9,
            "account_receivable_turnover_ratio": 2.47,
            "reinvestment_rate": 75.8,
            "research_to_sale_ratio": null,
            "price_fair": 156.8,
            "eps_avg_yearly": 4.48,
            "eps_latest_yearly": 4.6,
            "eps_growth_yearly": 34.1
        },
        "20194": {
            "year_quarter": 20194,
            "year": 2019,
            "quarter": 4,
            "eps": 1.96,
            "eps_growth_year": 66.13,
            "eps_4q": 5.46,
            "eps_4q_growth_year": 53.98,
            "roe": 10.62,
            "gross_profit": 691222,
            "gross_margin": 12.35,
            "net_income": 865912,
            "revenue": 5598276,
            "common_shares": 2679910,
            "equity": 8626994,
            "current_ratio": 106.14,
            "debt_ratio": 53.74,
            "inventory_turnover_ratio": 3.04,
            "account_receivable_turnover_ratio": 2.52,
            "reinvestment_rate": 80.95,
            "research_to_sale_ratio": null,
            "price_fair": 166.78,
            "eps_avg_yearly": 4.77,
            "eps_latest_yearly": 7.84,
            "eps_growth_yearly": 48.24
        },
        "20201": {
            "year_quarter": 20201,
            "year": 2020,
            "quarter": 1,
            "eps": 0.87,
            "eps_growth_year": -3.33,
            "eps_4q": 5.43,
            "eps_4q_growth_year": 56.66,
            "roe": 2.68,
            "gross_profit": 618132,
            "gross_margin": 11.79,
            "net_income": 228923,
            "revenue": 5241193,
            "common_shares": 2679910,
            "equity": 8473553,
            "current_ratio": 92.18,
            "debt_ratio": 53.34,
            "inventory_turnover_ratio": 3.2,
            "account_receivable_turnover_ratio": 2.47,
            "reinvestment_rate": 78.79,
            "research_to_sale_ratio": null,
            "price_fair": 166.08,
            "eps_avg_yearly": 4.75,
            "eps_latest_yearly": 3.48,
            "eps_growth_yearly": 30.37
        },
        "20202": {
            "year_quarter": 20202,
            "year": 2020,
            "quarter": 2,
            "eps": 1.74,
            "eps_growth_year": 19.18,
            "eps_4q": 5.71,
            "eps_4q_growth_year": 28.75,
            "roe": 5.56,
            "gross_profit": 906216,
            "gross_margin": 16.7,
            "net_income": 461842,
            "revenue": 5427900,
            "common_shares": 2679910,
            "equity": 8133346,
            "current_ratio": 79.71,
            "debt_ratio": 55.88,
            "inventory_turnover_ratio": 3.31,
            "account_receivable_turnover_ratio": 2.59,
            "reinvestment_rate": 75.57,
            "research_to_sale_ratio": null,
            "price_fair": 171.85,
            "eps_avg_yearly": 4.91,
            "eps_latest_yearly": 6.96,
            "eps_growth_yearly": 51.95
        },
        "20203": {
            "year_quarter": 20203,
            "year": 2020,
            "quarter": 3,
            "eps": 2.02,
            "eps_growth_year": 75.65,
            "eps_4q": 6.58,
            "eps_4q_growth_year": 40.5,
            "roe": 6.5,
            "gross_profit": 1041813,
            "gross_margin": 18.29,
            "net_income": 536237,
            "revenue": 5697615,
            "common_shares": 2679910,
            "equity": 8358415,
            "current_ratio": 81.7,
            "debt_ratio": 56.49,
            "inventory_turnover_ratio": 3.17,
            "account_receivable_turnover_ratio": 2.61,
            "reinvestment_rate": 79.31,
            "research_to_sale_ratio": null,
            "price_fair": 179.64,
            "eps_avg_yearly": 5.13,
            "eps_latest_yearly": 8.08,
            "eps_growth_yearly": 54.81
        },
        "20204": {
            "year_quarter": 20204,
            "year": 2020,
            "quarter": 4,
            "eps": 1.56,
            "eps_growth_year": -20.35,
            "eps_4q": 6.18,
            "eps_4q_growth_year": 13.19,
            "roe": 4.83,
            "gross_profit": 958562,
            "gross_margin": 16.46,
            "net_income": 412874,
            "revenue": 5822927,
            "common_shares": 2679910,
            "equity": 8733486,
            "current_ratio": 97.41,
            "debt_ratio": 55.32,
            "inventory_turnover_ratio": 3.39,
            "account_receivable_turnover_ratio": 2.6,
            "reinvestment_rate": 90.44,
            "research_to_sale_ratio": null,
            "price_fair": 179.73,
            "eps_avg_yearly": 5.14,
            "eps_latest_yearly": 6.24,
            "eps_growth_yearly": 39.83
        },
        "20211": {
            "year_quarter": 20211,
            "year": 2021,
            "quarter": 1,
            "eps": 1.45,
            "eps_growth_year": 66.67,
            "eps_4q": 6.75,
            "eps_4q_growth_year": 24.3,
            "roe": 4.2,
            "gross_profit": 904726,
            "gross_margin": 15.82,
            "net_income": 378780,
            "revenue": 5718985,
            "common_shares": 2679910,
            "equity": 9297330,
            "current_ratio": 88.03,
            "debt_ratio": 54.93,
            "inventory_turnover_ratio": 3.19,
            "account_receivable_turnover_ratio": 2.56,
            "reinvestment_rate": 98.7,
            "research_to_sale_ratio": null,
            "price_fair": 179.03,
            "eps_avg_yearly": 5.12,
            "eps_latest_yearly": 5.8,
            "eps_growth_yearly": 38.39
        },
        "20212": {
            "year_quarter": 20212,
            "year": 2021,
            "quarter": 2,
            "eps": 1.46,
            "eps_growth_year": -16.09,
            "eps_4q": 6.48,
            "eps_4q_growth_year": 13.34,
            "roe": 4.42,
            "gross_profit": 886023,
            "gross_margin": 14.5,
            "net_income": 385820,
            "revenue": 6109230,
            "common_shares": 2679910,
            "equity": 8165405,
            "current_ratio": 80.88,
            "debt_ratio": 61.49,
            "inventory_turnover_ratio": 3.02,
            "account_receivable_turnover_ratio": 2.51,
            "reinvestment_rate": 100.9,
            "research_to_sale_ratio": null,
            "price_fair": 181.56,
            "eps_avg_yearly": 5.19,
            "eps_latest_yearly": 5.84,
            "eps_growth_yearly": 44.44
        },
        "20213": {
            "year_quarter": 20213,
            "year": 2021,
            "quarter": 3,
            "eps": 1.07,
            "eps_growth_year": -47.03,
            "eps_4q": 5.53,
            "eps_4q_growth_year": -15.92,
            "roe": 3.42,
            "gross_profit": 805522,
            "gross_margin": 12.92,
            "net_income": 281739,
            "revenue": 6233470,
            "common_shares": 2679910,
            "equity": 8306350,
            "current_ratio": 80.27,
            "debt_ratio": 62.88,
            "inventory_turnover_ratio": 2.81,
            "account_receivable_turnover_ratio": 2.48,
            "reinvestment_rate": 75.61,
            "research_to_sale_ratio": null,
            "price_fair": 180.51,
            "eps_avg_yearly": 5.16,
            "eps_latest_yearly": 4.28,
            "eps_growth_yearly": 37.34
        },
        "20214": {
            "year_quarter": 20214,
            "year": 2021,
            "quarter": 4,
            "eps": 1.08,
            "eps_growth_year": -30.51,
            "eps_4q": 5.06,
            "eps_4q_growth_year": -18.19,
            "roe": 3.16,
            "gross_profit": 803955,
            "gross_margin": 11.86,
            "net_income": 267318,
            "revenue": 6779660,
            "common_shares": 2679910,
            "equity": 8593007,
            "current_ratio": 99.43,
            "debt_ratio": 62.93,
            "inventory_turnover_ratio": 3.01,
            "account_receivable_turnover_ratio": 2.55,
            "reinvestment_rate": 80.68,
            "research_to_sale_ratio": null,
            "price_fair": 177.28,
            "eps_avg_yearly": 5.07,
            "eps_latest_yearly": 4.32,
            "eps_growth_yearly": 32.11
        },
        "20221": {
            "year_quarter": 20221,
            "year": 2022,
            "quarter": 1,
            "eps": 1.22,
            "eps_growth_year": -15.86,
            "eps_4q": 4.84,
            "eps_4q_growth_year": -28.39,
            "roe": 3.54,
            "gross_profit": 924034,
            "gross_margin": 12.83,
            "net_income": 308985,
            "revenue": 7199414,
            "common_shares": 2679910,
            "equity": 8842546,
            "current_ratio": 86.08,
            "debt_ratio": 62.58,
            "inventory_turnover_ratio": 3.11,
            "account_receivable_turnover_ratio": 2.59,
            "reinvestment_rate": 111.55,
            "research_to_sale_ratio": null,
            "price_fair": 179.38,
            "eps_avg_yearly": 5.13,
            "eps_latest_yearly": 4.88,
            "eps_growth_yearly": 43.45
        },
        "20222": {
            "year_quarter": 20222,
            "year": 2022,
            "quarter": 2,
            "eps": 1.82,
            "eps_growth_year": 24.66,
            "eps_4q": 4.73,
            "eps_4q_growth_year": -27.02,
            "roe": 5.62,
            "gross_profit": 1050027,
            "gross_margin": 15.35,
            "net_income": 491686,
            "revenue": 6839204,
            "common_shares": 2679910,
            "equity": 8641934,
            "current_ratio": 92.29,
            "debt_ratio": 64.8,
            "inventory_turnover_ratio": 2.57,
            "account_receivable_turnover_ratio": 2.46,
            "reinvestment_rate": 102.5,
            "research_to_sale_ratio": null,
            "price_fair": 191.1,
            "eps_avg_yearly": 5.46,
            "eps_latest_yearly": 7.28,
            "eps_growth_yearly": 68.5
        },
        "20223": {
            "year_quarter": 20223,
            "year": 2022,
            "quarter": 3,
            "eps": 1.28,
            "eps_growth_year": 19.63,
            "eps_4q": 5.04,
            "eps_4q_growth_year": -9.01,
            "roe": 4.34,
            "gross_profit": 937401,
            "gross_margin": 13,
            "net_income": 381677,
            "revenue": 7212389,
            "common_shares": 2947901,
            "equity": 8930836,
            "current_ratio": 96.35,
            "debt_ratio": 63.59,
            "inventory_turnover_ratio": 2.82,
            "account_receivable_turnover_ratio": 2.53,
            "reinvestment_rate": 101.25,
            "research_to_sale_ratio": null,
            "price_fair": 194.43,
            "eps_avg_yearly": 5.56,
            "eps_latest_yearly": 5.12,
            "eps_growth_yearly": 39.21
        },
        "20224": {
            "year_quarter": 20224,
            "year": 2022,
            "quarter": 4,
            "eps": 1.22,
            "eps_growth_year": 13.15,
            "eps_4q": 5.28,
            "eps_4q_growth_year": 4.3,
            "roe": 3.99,
            "gross_profit": 965315,
            "gross_margin": 12.52,
            "net_income": 367826,
            "revenue": 7708213,
            "common_shares": 2947901,
            "equity": 9487764,
            "current_ratio": 98.15,
            "debt_ratio": 64.05,
            "inventory_turnover_ratio": 2.84,
            "account_receivable_turnover_ratio": 2.55,
            "reinvestment_rate": 103.89,
            "research_to_sale_ratio": null,
            "price_fair": 194.78,
            "eps_avg_yearly": 5.57,
            "eps_latest_yearly": 4.88,
            "eps_growth_yearly": 30.26
        },
        "20231": {
            "year_quarter": 20231,
            "year": 2023,
            "quarter": 1,
            "eps": 1.43,
            "eps_growth_year": 17.21,
            "eps_4q": 5.6,
            "eps_4q_growth_year": 15.72,
            "roe": 4.31,
            "gross_profit": 1024948,
            "gross_margin": 14.17,
            "net_income": 410826,
            "revenue": 7232070,
            "common_shares": 2947901,
            "equity": 9560645,
            "current_ratio": 99.52,
            "debt_ratio": 62.27,
            "inventory_turnover_ratio": 2.4,
            "account_receivable_turnover_ratio": 2.46,
            "reinvestment_rate": 100.96,
            "research_to_sale_ratio": null,
            "price_fair": 199.41,
            "eps_avg_yearly": 5.7,
            "eps_latest_yearly": 5.72,
            "eps_growth_yearly": 40.5
        }
    },
    "months": {
        "2001-06": {
            "month": "2001-06",
            "price": "6.77",
            "revenue": 1002326
        },
        "2001-07": {
            "month": "2001-07",
            "price": "6.72",
            "revenue": 884503
        },
        "2001-08": {
            "month": "2001-08",
            "price": "6.01",
            "revenue": 954231
        },
        "2001-09": {
            "month": "2001-09",
            "price": "5.44",
            "revenue": 940466
        },
        "2001-10": {
            "month": "2001-10",
            "price": "4.97",
            "revenue": 959441
        },
        "2001-11": {
            "month": "2001-11",
            "price": "5.29",
            "revenue": 952269
        },
        "2001-12": {
            "month": "2001-12",
            "price": "6.13",
            "revenue": 916868
        },
        "2002-01": {
            "month": "2002-01",
            "price": "6.18",
            "revenue": 1013026
        },
        "2002-02": {
            "month": "2002-02",
            "price": "6.48",
            "revenue": 816207
        },
        "2002-03": {
            "month": "2002-03",
            "price": "7.36",
            "revenue": 955621
        },
        "2002-04": {
            "month": "2002-04",
            "price": "7.89",
            "revenue": 896877
        },
        "2002-05": {
            "month": "2002-05",
            "price": "7.55",
            "revenue": 933029
        },
        "2002-06": {
            "month": "2002-06",
            "price": "7.49",
            "revenue": 824200
        },
        "2002-07": {
            "month": "2002-07",
            "price": "7.25",
            "revenue": 902642
        },
        "2002-08": {
            "month": "2002-08",
            "price": "6.35",
            "revenue": 969937
        },
        "2002-09": {
            "month": "2002-09",
            "price": "5.44",
            "revenue": 896498
        },
        "2002-10": {
            "month": "2002-10",
            "price": "5.32",
            "revenue": 943607
        },
        "2002-11": {
            "month": "2002-11",
            "price": "6.02",
            "revenue": 959482
        },
        "2002-12": {
            "month": "2002-12",
            "price": "6.86",
            "revenue": 1036896
        },
        "2003-01": {
            "month": "2003-01",
            "price": "7.46",
            "revenue": 1028508
        },
        "2003-02": {
            "month": "2003-02",
            "price": "6.49",
            "revenue": 779343
        },
        "2003-03": {
            "month": "2003-03",
            "price": "6.18",
            "revenue": 934072
        },
        "2003-04": {
            "month": "2003-04",
            "price": "5.81",
            "revenue": 935849
        },
        "2003-05": {
            "month": "2003-05",
            "price": "5.03",
            "revenue": 854248
        },
        "2003-06": {
            "month": "2003-06",
            "price": "5.42",
            "revenue": 896768
        },
        "2003-07": {
            "month": "2003-07",
            "price": "5.55",
            "revenue": 960232
        },
        "2003-08": {
            "month": "2003-08",
            "price": "5.44",
            "revenue": 905481
        },
        "2003-09": {
            "month": "2003-09",
            "price": "5.27",
            "revenue": 1051624
        },
        "2003-10": {
            "month": "2003-10",
            "price": "5.43",
            "revenue": 1166644
        },
        "2003-11": {
            "month": "2003-11",
            "price": "5.86",
            "revenue": 889593
        },
        "2003-12": {
            "month": "2003-12",
            "price": "5.71",
            "revenue": 1140130
        },
        "2004-01": {
            "month": "2004-01",
            "price": "5.96",
            "revenue": 1053566
        },
        "2004-02": {
            "month": "2004-02",
            "price": "7.88",
            "revenue": 1032279
        },
        "2004-03": {
            "month": "2004-03",
            "price": "7.70",
            "revenue": 1011714
        },
        "2004-04": {
            "month": "2004-04",
            "price": "7.54",
            "revenue": 988355
        },
        "2004-05": {
            "month": "2004-05",
            "price": "7.49",
            "revenue": 923610
        },
        "2004-06": {
            "month": "2004-06",
            "price": "7.40",
            "revenue": 1081394
        },
        "2004-07": {
            "month": "2004-07",
            "price": "7.22",
            "revenue": 1062795
        },
        "2004-08": {
            "month": "2004-08",
            "price": "7.19",
            "revenue": 1355262
        },
        "2004-09": {
            "month": "2004-09",
            "price": "7.51",
            "revenue": 1169737
        },
        "2004-10": {
            "month": "2004-10",
            "price": "7.32",
            "revenue": 1055626
        },
        "2004-11": {
            "month": "2004-11",
            "price": "7.02",
            "revenue": 982636
        },
        "2004-12": {
            "month": "2004-12",
            "price": "6.72",
            "revenue": 1017961
        },
        "2005-01": {
            "month": "2005-01",
            "price": "6.73",
            "revenue": 929051
        },
        "2005-02": {
            "month": "2005-02",
            "price": "6.57",
            "revenue": 764060
        },
        "2005-03": {
            "month": "2005-03",
            "price": "6.40",
            "revenue": 929847
        },
        "2005-04": {
            "month": "2005-04",
            "price": "5.60",
            "revenue": 860624
        },
        "2005-05": {
            "month": "2005-05",
            "price": "5.07",
            "revenue": 792829
        },
        "2005-06": {
            "month": "2005-06",
            "price": "5.30",
            "revenue": 761693
        },
        "2005-07": {
            "month": "2005-07",
            "price": "5.39",
            "revenue": 812085
        },
        "2005-08": {
            "month": "2005-08",
            "price": "5.12",
            "revenue": 852983
        },
        "2005-09": {
            "month": "2005-09",
            "price": "5.03",
            "revenue": 847748
        },
        "2005-10": {
            "month": "2005-10",
            "price": "4.65",
            "revenue": 970829
        },
        "2005-11": {
            "month": "2005-11",
            "price": "4.09",
            "revenue": 817585
        },
        "2005-12": {
            "month": "2005-12",
            "price": "4.26",
            "revenue": 839765
        },
        "2006-01": {
            "month": "2006-01",
            "price": "4.56",
            "revenue": 822224
        },
        "2006-02": {
            "month": "2006-02",
            "price": "4.27",
            "revenue": 615134
        },
        "2006-03": {
            "month": "2006-03",
            "price": "4.03",
            "revenue": 696217
        },
        "2006-04": {
            "month": "2006-04",
            "price": "4.26",
            "revenue": 632442
        },
        "2006-05": {
            "month": "2006-05",
            "price": "5.36",
            "revenue": 699145
        },
        "2006-06": {
            "month": "2006-06",
            "price": "4.88",
            "revenue": 637317
        },
        "2006-07": {
            "month": "2006-07",
            "price": "4.81",
            "revenue": 687091
        },
        "2006-08": {
            "month": "2006-08",
            "price": "4.87",
            "revenue": 718849
        },
        "2006-09": {
            "month": "2006-09",
            "price": "5.40",
            "revenue": 753729
        },
        "2006-10": {
            "month": "2006-10",
            "price": "6.76",
            "revenue": 728409
        },
        "2006-11": {
            "month": "2006-11",
            "price": "8.02",
            "revenue": 748994
        },
        "2006-12": {
            "month": "2006-12",
            "price": "8.56",
            "revenue": 805407
        },
        "2007-01": {
            "month": "2007-01",
            "price": "9.77",
            "revenue": 841396
        },
        "2007-02": {
            "month": "2007-02",
            "price": "10.60",
            "revenue": 730620
        },
        "2007-03": {
            "month": "2007-03",
            "price": "10.40",
            "revenue": 944938
        },
        "2007-04": {
            "month": "2007-04",
            "price": "12.32",
            "revenue": 854378
        },
        "2007-05": {
            "month": "2007-05",
            "price": "13.29",
            "revenue": 928723
        },
        "2007-06": {
            "month": "2007-06",
            "price": "14.33",
            "revenue": 832577
        },
        "2007-07": {
            "month": "2007-07",
            "price": "16.72",
            "revenue": 863341
        },
        "2007-08": {
            "month": "2007-08",
            "price": "18.57",
            "revenue": 959359
        },
        "2007-09": {
            "month": "2007-09",
            "price": "18.80",
            "revenue": 909527
        },
        "2007-10": {
            "month": "2007-10",
            "price": "17.77",
            "revenue": 1095763
        },
        "2007-11": {
            "month": "2007-11",
            "price": "14.29",
            "revenue": 1067258
        },
        "2007-12": {
            "month": "2007-12",
            "price": "13.66",
            "revenue": 1003618
        },
        "2008-01": {
            "month": "2008-01",
            "price": "15.01",
            "revenue": 1134654
        },
        "2008-02": {
            "month": "2008-02",
            "price": "16.27",
            "revenue": 984709
        },
        "2008-03": {
            "month": "2008-03",
            "price": "17.05",
            "revenue": 1124006
        },
        "2008-04": {
            "month": "2008-04",
            "price": "17.16",
            "revenue": 1113942
        },
        "2008-05": {
            "month": "2008-05",
            "price": "19.70",
            "revenue": 1067332
        },
        "2008-06": {
            "month": "2008-06",
            "price": "18.82",
            "revenue": 1010065
        },
        "2008-07": {
            "month": "2008-07",
            "price": "17.19",
            "revenue": 988884
        },
        "2008-08": {
            "month": "2008-08",
            "price": "14.59",
            "revenue": 1089952
        },
        "2008-09": {
            "month": "2008-09",
            "price": "10.96",
            "revenue": 1077452
        },
        "2008-10": {
            "month": "2008-10",
            "price": "9.06",
            "revenue": 1102058
        },
        "2008-11": {
            "month": "2008-11",
            "price": "9.31",
            "revenue": 1116055
        },
        "2008-12": {
            "month": "2008-12",
            "price": "11.19",
            "revenue": 1263683
        },
        "2009-01": {
            "month": "2009-01",
            "price": "11.33",
            "revenue": 1088958
        },
        "2009-02": {
            "month": "2009-02",
            "price": "10.55",
            "revenue": 1005393
        },
        "2009-03": {
            "month": "2009-03",
            "price": "11.06",
            "revenue": 1087988
        },
        "2009-04": {
            "month": "2009-04",
            "price": "15.12",
            "revenue": 976752
        },
        "2009-05": {
            "month": "2009-05",
            "price": "15.89",
            "revenue": 967852
        },
        "2009-06": {
            "month": "2009-06",
            "price": "16.78",
            "revenue": 1074203
        },
        "2009-07": {
            "month": "2009-07",
            "price": "16.37",
            "revenue": 1016654
        },
        "2009-08": {
            "month": "2009-08",
            "price": "16.50",
            "revenue": 1124473
        },
        "2009-09": {
            "month": "2009-09",
            "price": "16.28",
            "revenue": 1016266
        },
        "2009-10": {
            "month": "2009-10",
            "price": "16.23",
            "revenue": 1188902
        },
        "2009-11": {
            "month": "2009-11",
            "price": "15.67",
            "revenue": 1090600
        },
        "2009-12": {
            "month": "2009-12",
            "price": "15.53",
            "revenue": 1228776
        },
        "2010-01": {
            "month": "2010-01",
            "price": "15.86",
            "revenue": 1192339
        },
        "2010-02": {
            "month": "2010-02",
            "price": "13.70",
            "revenue": 966952
        },
        "2010-03": {
            "month": "2010-03",
            "price": "14.17",
            "revenue": 1130915
        },
        "2010-04": {
            "month": "2010-04",
            "price": "14.80",
            "revenue": 1169039
        },
        "2010-05": {
            "month": "2010-05",
            "price": "14.76",
            "revenue": 1126634
        },
        "2010-06": {
            "month": "2010-06",
            "price": "16.76",
            "revenue": 1105200
        },
        "2010-07": {
            "month": "2010-07",
            "price": "18.26",
            "revenue": 1218078
        },
        "2010-08": {
            "month": "2010-08",
            "price": "19.33",
            "revenue": 1253699
        },
        "2010-09": {
            "month": "2010-09",
            "price": "18.57",
            "revenue": 1201537
        },
        "2010-10": {
            "month": "2010-10",
            "price": "19.32",
            "revenue": 1157070
        },
        "2010-11": {
            "month": "2010-11",
            "price": "19.68",
            "revenue": 1267199
        },
        "2010-12": {
            "month": "2010-12",
            "price": "19.50",
            "revenue": 1250767
        },
        "2011-01": {
            "month": "2011-01",
            "price": "19.89",
            "revenue": 1335440
        },
        "2011-02": {
            "month": "2011-02",
            "price": "18.61",
            "revenue": 952927
        },
        "2011-03": {
            "month": "2011-03",
            "price": "18.08",
            "revenue": 1266010
        },
        "2011-04": {
            "month": "2011-04",
            "price": "19.20",
            "revenue": 1242025
        },
        "2011-05": {
            "month": "2011-05",
            "price": "18.53",
            "revenue": 1191362
        },
        "2011-06": {
            "month": "2011-06",
            "price": "18.09",
            "revenue": 1128987
        },
        "2011-07": {
            "month": "2011-07",
            "price": "17.95",
            "revenue": 1218860
        },
        "2011-08": {
            "month": "2011-08",
            "price": "16.27",
            "revenue": 1307175
        },
        "2011-09": {
            "month": "2011-09",
            "price": "14.86",
            "revenue": 1368124
        },
        "2011-10": {
            "month": "2011-10",
            "price": "14.43",
            "revenue": 1327027
        },
        "2011-11": {
            "month": "2011-11",
            "price": "14.27",
            "revenue": 1323675
        },
        "2011-12": {
            "month": "2011-12",
            "price": "13.85",
            "revenue": 1401975
        },
        "2012-01": {
            "month": "2012-01",
            "price": "14.29",
            "revenue": 1270520
        },
        "2012-02": {
            "month": "2012-02",
            "price": "15.36",
            "revenue": 1181696
        },
        "2012-03": {
            "month": "2012-03",
            "price": "15.71",
            "revenue": 1255365
        },
        "2012-04": {
            "month": "2012-04",
            "price": "14.44",
            "revenue": 1128133
        },
        "2012-05": {
            "month": "2012-05",
            "price": "13.68",
            "revenue": 1148855
        },
        "2012-06": {
            "month": "2012-06",
            "price": "13.27",
            "revenue": 1193040
        },
        "2012-07": {
            "month": "2012-07",
            "price": "13.87",
            "revenue": 1179593
        },
        "2012-08": {
            "month": "2012-08",
            "price": "14.54",
            "revenue": 1344104
        },
        "2012-09": {
            "month": "2012-09",
            "price": "14.43",
            "revenue": 1345095
        },
        "2012-10": {
            "month": "2012-10",
            "price": "14.01",
            "revenue": 1403186
        },
        "2012-11": {
            "month": "2012-11",
            "price": "14.25",
            "revenue": 1325239
        },
        "2012-12": {
            "month": "2012-12",
            "price": "14.99",
            "revenue": 1410676
        },
        "2013-01": {
            "month": "2013-01",
            "price": "15.29",
            "revenue": 1570413
        },
        "2013-02": {
            "month": "2013-02",
            "price": "15.58",
            "revenue": 1308013
        },
        "2013-03": {
            "month": "2013-03",
            "price": "15.51",
            "revenue": 1501808
        },
        "2013-04": {
            "month": "2013-04",
            "price": "15.18",
            "revenue": 1428802
        },
        "2013-05": {
            "month": "2013-05",
            "price": "15.65",
            "revenue": 1333094
        },
        "2013-06": {
            "month": "2013-06",
            "price": "15.68",
            "revenue": 1441950
        },
        "2013-07": {
            "month": "2013-07",
            "price": "15.53",
            "revenue": 1535031
        },
        "2013-08": {
            "month": "2013-08",
            "price": "15.01",
            "revenue": 1617716
        },
        "2013-09": {
            "month": "2013-09",
            "price": "14.85",
            "revenue": 1667967
        },
        "2013-10": {
            "month": "2013-10",
            "price": "15.31",
            "revenue": 1608977
        },
        "2013-11": {
            "month": "2013-11",
            "price": "15.22",
            "revenue": 1467616
        },
        "2013-12": {
            "month": "2013-12",
            "price": "15.67",
            "revenue": 1641025
        },
        "2014-01": {
            "month": "2014-01",
            "price": "15.88",
            "revenue": 1488235
        },
        "2014-02": {
            "month": "2014-02",
            "price": "15.80",
            "revenue": 1226253
        },
        "2014-03": {
            "month": "2014-03",
            "price": "18.91",
            "revenue": 1443851
        },
        "2014-04": {
            "month": "2014-04",
            "price": "21.65",
            "revenue": 1428903
        },
        "2014-05": {
            "month": "2014-05",
            "price": "25.09",
            "revenue": 1474185
        },
        "2014-06": {
            "month": "2014-06",
            "price": "26.38",
            "revenue": 1406194
        },
        "2014-07": {
            "month": "2014-07",
            "price": "27.62",
            "revenue": 1487997
        },
        "2014-08": {
            "month": "2014-08",
            "price": "26.39",
            "revenue": 1543281
        },
        "2014-09": {
            "month": "2014-09",
            "price": "26.35",
            "revenue": 1509859
        },
        "2014-10": {
            "month": "2014-10",
            "price": "24.26",
            "revenue": 1507478
        },
        "2014-11": {
            "month": "2014-11",
            "price": "25.40",
            "revenue": 1442996
        },
        "2014-12": {
            "month": "2014-12",
            "price": "24.91",
            "revenue": 1568559
        },
        "2015-01": {
            "month": "2015-01",
            "price": "25.49",
            "revenue": 1546997
        },
        "2015-02": {
            "month": "2015-02",
            "price": "28.17",
            "revenue": 1213925
        },
        "2015-03": {
            "month": "2015-03",
            "price": "27.67",
            "revenue": 1247542
        },
        "2015-04": {
            "month": "2015-04",
            "price": "28.69",
            "revenue": 1273970
        },
        "2015-05": {
            "month": "2015-05",
            "price": "27.39",
            "revenue": 1305982
        },
        "2015-06": {
            "month": "2015-06",
            "price": "25.36",
            "revenue": 1349534
        },
        "2015-07": {
            "month": "2015-07",
            "price": "25.23",
            "revenue": 1444896
        },
        "2015-08": {
            "month": "2015-08",
            "price": "22.70",
            "revenue": 1547850
        },
        "2015-09": {
            "month": "2015-09",
            "price": "20.73",
            "revenue": 1443831
        },
        "2015-10": {
            "month": "2015-10",
            "price": "21.86",
            "revenue": 1428897
        },
        "2015-11": {
            "month": "2015-11",
            "price": "22.26",
            "revenue": 1326141
        },
        "2015-12": {
            "month": "2015-12",
            "price": "23.19",
            "revenue": 1424331
        },
        "2016-01": {
            "month": "2016-01",
            "price": "22.04",
            "revenue": 1422333
        },
        "2016-02": {
            "month": "2016-02",
            "price": "22.40",
            "revenue": 1272939
        },
        "2016-03": {
            "month": "2016-03",
            "price": "24.60",
            "revenue": 1560252
        },
        "2016-04": {
            "month": "2016-04",
            "price": "27.12",
            "revenue": 1349991
        },
        "2016-05": {
            "month": "2016-05",
            "price": "29.09",
            "revenue": 1471665
        },
        "2016-06": {
            "month": "2016-06",
            "price": "35.05",
            "revenue": 1516521
        },
        "2016-07": {
            "month": "2016-07",
            "price": "37.05",
            "revenue": 1571108
        },
        "2016-08": {
            "month": "2016-08",
            "price": "38.65",
            "revenue": 1630587
        },
        "2016-09": {
            "month": "2016-09",
            "price": "38.27",
            "revenue": 1532451
        },
        "2016-10": {
            "month": "2016-10",
            "price": "42.54",
            "revenue": 1540044
        },
        "2016-11": {
            "month": "2016-11",
            "price": "44.87",
            "revenue": 1581359
        },
        "2016-12": {
            "month": "2016-12",
            "price": "45.10",
            "revenue": 1723659
        },
        "2017-01": {
            "month": "2017-01",
            "price": "47.36",
            "revenue": 1647288
        },
        "2017-02": {
            "month": "2017-02",
            "price": "47.10",
            "revenue": 1415146
        },
        "2017-03": {
            "month": "2017-03",
            "price": "53.30",
            "revenue": 1719901
        },
        "2017-04": {
            "month": "2017-04",
            "price": "55.52",
            "revenue": 1525910
        },
        "2017-05": {
            "month": "2017-05",
            "price": "60.16",
            "revenue": 1617758
        },
        "2017-06": {
            "month": "2017-06",
            "price": "71.19",
            "revenue": 1652528
        },
        "2017-07": {
            "month": "2017-07",
            "price": "73.75",
            "revenue": 1665365
        },
        "2017-08": {
            "month": "2017-08",
            "price": "66.05",
            "revenue": 1814892
        },
        "2017-09": {
            "month": "2017-09",
            "price": "65.42",
            "revenue": 1700740
        },
        "2017-10": {
            "month": "2017-10",
            "price": "65.37",
            "revenue": 1689595
        },
        "2017-11": {
            "month": "2017-11",
            "price": "63.31",
            "revenue": 1699007
        },
        "2017-12": {
            "month": "2017-12",
            "price": "60.92",
            "revenue": 1716870
        },
        "2018-01": {
            "month": "2018-01",
            "price": "65.45",
            "revenue": 1767920
        },
        "2018-02": {
            "month": "2018-02",
            "price": "65.16",
            "revenue": 1477686
        },
        "2018-03": {
            "month": "2018-03",
            "price": "67.03",
            "revenue": 1711634
        },
        "2018-04": {
            "month": "2018-04",
            "price": "63.41",
            "revenue": 1686807
        },
        "2018-05": {
            "month": "2018-05",
            "price": "60.53",
            "revenue": 1845422
        },
        "2018-06": {
            "month": "2018-06",
            "price": "60.26",
            "revenue": 1730988
        },
        "2018-07": {
            "month": "2018-07",
            "price": "58.36",
            "revenue": 1898449
        },
        "2018-08": {
            "month": "2018-08",
            "price": "53.29",
            "revenue": 1918613
        },
        "2018-09": {
            "month": "2018-09",
            "price": "51.45",
            "revenue": 1769540
        },
        "2018-10": {
            "month": "2018-10",
            "price": "47.02",
            "revenue": 1871127
        },
        "2018-11": {
            "month": "2018-11",
            "price": "44.26",
            "revenue": 1765886
        },
        "2018-12": {
            "month": "2018-12",
            "price": "50.31",
            "revenue": 1791014
        },
        "2019-01": {
            "month": "2019-01",
            "price": "54.14",
            "revenue": 1885469
        },
        "2019-02": {
            "month": "2019-02",
            "price": "54.63",
            "revenue": 1463626
        },
        "2019-03": {
            "month": "2019-03",
            "price": "52.28",
            "revenue": 1686202
        },
        "2019-04": {
            "month": "2019-04",
            "price": "54.47",
            "revenue": 1739496
        },
        "2019-05": {
            "month": "2019-05",
            "price": "62.85",
            "revenue": 1768590
        },
        "2019-06": {
            "month": "2019-06",
            "price": "65.45",
            "revenue": 1642385
        },
        "2019-07": {
            "month": "2019-07",
            "price": "69.35",
            "revenue": 1745142
        },
        "2019-08": {
            "month": "2019-08",
            "price": "70.94",
            "revenue": 1835593
        },
        "2019-09": {
            "month": "2019-09",
            "price": "66.04",
            "revenue": 1808855
        },
        "2019-10": {
            "month": "2019-10",
            "price": "65.07",
            "revenue": 1908232
        },
        "2019-11": {
            "month": "2019-11",
            "price": "65.03",
            "revenue": 1856161
        },
        "2019-12": {
            "month": "2019-12",
            "price": "66.15",
            "revenue": 1833883
        },
        "2020-01": {
            "month": "2020-01",
            "price": "65.21",
            "revenue": 1686306
        },
        "2020-02": {
            "month": "2020-02",
            "price": "62.15",
            "revenue": 1643656
        },
        "2020-03": {
            "month": "2020-03",
            "price": "56.70",
            "revenue": 1911231
        },
        "2020-04": {
            "month": "2020-04",
            "price": "61.49",
            "revenue": 1851960
        },
        "2020-05": {
            "month": "2020-05",
            "price": "70.36",
            "revenue": 1803246
        },
        "2020-06": {
            "month": "2020-06",
            "price": "72.77",
            "revenue": 1772694
        },
        "2020-07": {
            "month": "2020-07",
            "price": "67.95",
            "revenue": 1884932
        },
        "2020-08": {
            "month": "2020-08",
            "price": "70.45",
            "revenue": 1892166
        },
        "2020-09": {
            "month": "2020-09",
            "price": "67.22",
            "revenue": 1920517
        },
        "2020-10": {
            "month": "2020-10",
            "price": "67.95",
            "revenue": 1913473
        },
        "2020-11": {
            "month": "2020-11",
            "price": "71.17",
            "revenue": 1851586
        },
        "2020-12": {
            "month": "2020-12",
            "price": "71.20",
            "revenue": 2057868
        },
        "2021-01": {
            "month": "2021-01",
            "price": "72.12",
            "revenue": 2037460
        },
        "2021-02": {
            "month": "2021-02",
            "price": "72.25",
            "revenue": 1651502
        },
        "2021-03": {
            "month": "2021-03",
            "price": "74.89",
            "revenue": 2030023
        },
        "2021-04": {
            "month": "2021-04",
            "price": "77.17",
            "revenue": 1997700
        },
        "2021-05": {
            "month": "2021-05",
            "price": "78.28",
            "revenue": 2086575
        },
        "2021-06": {
            "month": "2021-06",
            "price": "82.11",
            "revenue": 2024955
        },
        "2021-07": {
            "month": "2021-07",
            "price": "79.24",
            "revenue": 2147399
        },
        "2021-08": {
            "month": "2021-08",
            "price": "78.40",
            "revenue": 2037783
        },
        "2021-09": {
            "month": "2021-09",
            "price": "80.03",
            "revenue": 2048288
        },
        "2021-10": {
            "month": "2021-10",
            "price": "79.58",
            "revenue": 2086329
        },
        "2021-11": {
            "month": "2021-11",
            "price": "80.62",
            "revenue": 2255138
        },
        "2021-12": {
            "month": "2021-12",
            "price": "80.27",
            "revenue": 2438193
        },
        "2022-01": {
            "month": "2022-01",
            "price": "81.58",
            "revenue": 2672823
        },
        "2022-02": {
            "month": "2022-02",
            "price": "84.92",
            "revenue": 2048952
        },
        "2022-03": {
            "month": "2022-03",
            "price": "82.59",
            "revenue": 2477639
        },
        "2022-04": {
            "month": "2022-04",
            "price": "81.27",
            "revenue": 2192046
        },
        "2022-05": {
            "month": "2022-05",
            "price": "80.30",
            "revenue": 2311671
        },
        "2022-06": {
            "month": "2022-06",
            "price": "81.65",
            "revenue": 2335487
        },
        "2022-07": {
            "month": "2022-07",
            "price": "77.17",
            "revenue": 2400161
        },
        "2022-08": {
            "month": "2022-08",
            "price": "80.75",
            "revenue": 2393814
        },
        "2022-09": {
            "month": "2022-09",
            "price": "79.92",
            "revenue": 2418414
        },
        "2022-10": {
            "month": "2022-10",
            "price": "77.52",
            "revenue": 2364883
        },
        "2022-11": {
            "month": "2022-11",
            "price": "77.63",
            "revenue": 2595219
        },
        "2022-12": {
            "month": "2022-12",
            "price": "78.03",
            "revenue": 2748111
        },
        "2023-01": {
            "month": "2023-01",
            "price": "78.66",
            "revenue": 2369583
        },
        "2023-02": {
            "month": "2023-02",
            "price": "79.35",
            "revenue": 2263472
        },
        "2023-03": {
            "month": "2023-03",
            "price": "82.86",
            "revenue": 2599015
        },
        "2023-04": {
            "month": "2023-04",
            "price": "89.71",
            "revenue": 2470578
        }
    }
}
