{
    "summary": {
        "stock_name": "統一",
        "stock_id": "1216",
        "category": "食品",
        "main_business": "食品事業、便利商店事業、流通事業<br>包裝容器事業、食糧事業、油品事業<br>其他(製藥事業、休閒開發事業、物流事業等)",
        "website_url": "https://www.uni-president.com.tw",
        "ceo": "黃釗凱、李清田",
        "pe_ratio": 24,
        "report_year_from": 2001,
        "report_year_to": 2023,
        "age": 23,
        "eps_negative_percentage": 0,
        "eps_growth_avg": {
            "last_all": 13.82,
            "last_2y": -4.91,
            "last_4y": 1.5,
            "last_8y": 8.05,
            "last_12y": 4.39,
            "last_16y": 12.83,
            "last_20y": 16.84,
            "at_2006_last_3y": 33.89,
            "at_2007_last_3y": 36.61,
            "at_2008_last_3y": 22.47,
            "at_2009_last_3y": 52.99,
            "at_2010_last_3y": 40.25,
            "at_2011_last_3y": 10.39,
            "at_2012_last_3y": 33.09,
            "at_2013_last_3y": 7.8,
            "at_2014_last_3y": -3.86,
            "at_2015_last_3y": 6.22,
            "at_2016_last_3y": 0.63,
            "at_2017_last_3y": 25.92,
            "at_2018_last_3y": 16.24,
            "at_2019_last_3y": 13.39,
            "at_2020_last_3y": 16.49,
            "at_2021_last_3y": -10.42,
            "at_2022_last_3y": 0.22,
            "at_2023_last_3y": -0.49,
            "at_2024_last_3y": -0.49,
            "at_2006_last_all": 17.22,
            "at_2007_last_all": 31.02,
            "at_2008_last_all": 16.87,
            "at_2009_last_all": 27.26,
            "at_2010_last_all": 27.46,
            "at_2011_last_all": 22.77,
            "at_2012_last_all": 22.76,
            "at_2013_last_all": 20.77,
            "at_2014_last_all": 17.82,
            "at_2015_last_all": 18.04,
            "at_2016_last_all": 16.86,
            "at_2017_last_all": 22.06,
            "at_2018_last_all": 17.45,
            "at_2019_last_all": 17.01,
            "at_2020_last_all": 16.78,
            "at_2021_last_all": 15.56,
            "at_2022_last_all": 14.17,
            "at_2023_last_all": 13.82,
            "at_2024_last_all": 13.82
        },
        "latest_eps": 3.23,
        "latest_price": 76.8,
        "latest_roe": 15.64,
        "latest_gross_margin": 31.32,
        "latest_equity": 195214328,
        "latest_revenue": 147254589,
        "latest_gross_profit": 46121867,
        "latest_net_income": 3576273,
        "latest_debt_ratio": 70.68,
        "latest_current_ratio": 97.09,
        "latest_account_receivable_turnover_ratio": 6.62,
        "latest_inventory_turnover_ratio": 1.83,
        "latest_reinvestment_rate": 29.83,
        "latest_research_to_sale_ratio": 0.19
    },
    "eps_dividends": {
        "1991": {
            "cash": 0,
            "stock": 1.7,
            "eps": 0
        },
        "1992": {
            "cash": 0,
            "stock": 2,
            "eps": 0
        },
        "1993": {
            "cash": 0,
            "stock": 2,
            "eps": 0
        },
        "1994": {
            "cash": 0,
            "stock": 2,
            "eps": 0
        },
        "1995": {
            "cash": 0,
            "stock": 3,
            "eps": 0
        },
        "1996": {
            "cash": 0,
            "stock": 2,
            "eps": 0
        },
        "1997": {
            "cash": 0,
            "stock": 2,
            "eps": 0
        },
        "1998": {
            "cash": 0,
            "stock": 2,
            "eps": 0
        },
        "1999": {
            "cash": 1,
            "stock": 1,
            "eps": 0
        },
        "2000": {
            "cash": 0.8,
            "stock": 0.8,
            "eps": 0
        },
        "2001": {
            "cash": 0.6,
            "stock": 0.6,
            "eps": 0.91
        },
        "2002": {
            "cash": 0.6,
            "stock": 0.3,
            "eps": 0.46
        },
        "2003": {
            "cash": 0.35,
            "stock": 0,
            "eps": 0.87
        },
        "2004": {
            "cash": 0.6,
            "stock": 0,
            "eps": 0.77
        },
        "2005": {
            "cash": 0.36,
            "stock": 0,
            "eps": 0.6
        },
        "2006": {
            "cash": 0.65,
            "stock": 0,
            "eps": 1.08
        },
        "2007": {
            "cash": 0.6,
            "stock": 0.6,
            "eps": 3.13
        },
        "2008": {
            "cash": 2,
            "stock": 0.5,
            "eps": 1
        },
        "2009": {
            "cash": 0.44,
            "stock": 0.44,
            "eps": 2.03
        },
        "2010": {
            "cash": 0.8,
            "stock": 1,
            "eps": 2.62
        },
        "2011": {
            "cash": 2.4,
            "stock": 1.2999999999999998,
            "eps": 2.11
        },
        "2012": {
            "cash": 0,
            "stock": 0,
            "eps": 2.59
        },
        "2013": {
            "cash": 1.4,
            "stock": 0.6,
            "eps": 2.56
        },
        "2014": {
            "cash": 1.5,
            "stock": 0.6,
            "eps": 2.11
        },
        "2015": {
            "cash": 1.4,
            "stock": 0.4,
            "eps": 2.55
        },
        "2016": {
            "cash": 2,
            "stock": 0,
            "eps": 2.56
        },
        "2017": {
            "cash": 2.1,
            "stock": 0,
            "eps": 7.02
        },
        "2018": {
            "cash": 5.5,
            "stock": 0,
            "eps": 3.07
        },
        "2019": {
            "cash": 2.5,
            "stock": 0,
            "eps": 3.36
        },
        "2020": {
            "cash": 2.5,
            "stock": 0,
            "eps": 3.79
        },
        "2021": {
            "cash": 2.7,
            "stock": 0,
            "eps": 3.5
        },
        "2022": {
            "cash": 2.7,
            "stock": 0,
            "eps": 3.02
        },
        "2023": {
            "cash": 3.15,
            "stock": 0,
            "eps": 3.22
        }
    },
    "dividends": {
        "1991-06-21": {
            "cash": 0,
            "stock": 1.7
        },
        "1992-04-10": {
            "cash": 0,
            "stock": 2
        },
        "1993-05-27": {
            "cash": 0,
            "stock": 2
        },
        "1994-05-25": {
            "cash": 0,
            "stock": 2
        },
        "1995-06-01": {
            "cash": 0,
            "stock": 3
        },
        "1996-05-30": {
            "cash": 0,
            "stock": 2
        },
        "1997-06-20": {
            "cash": 0,
            "stock": 2
        },
        "1998-06-01": {
            "cash": 0,
            "stock": 2
        },
        "1999-06-01": {
            "cash": 1,
            "stock": 1
        },
        "2000-06-23": {
            "cash": 0.8,
            "stock": 0.8
        },
        "2001-06-01": {
            "cash": 0.6,
            "stock": 0.6
        },
        "2002-06-28": {
            "cash": 0.6,
            "stock": 0.3
        },
        "2003-04-07": {
            "cash": 0.35,
            "stock": 0
        },
        "2004-04-01": {
            "cash": 0.6,
            "stock": 0
        },
        "2005-04-06": {
            "cash": 0.36,
            "stock": 0
        },
        "2006-04-21": {
            "cash": 0.65,
            "stock": 0
        },
        "2007-04-26": {
            "cash": 0.6,
            "stock": 0.6
        },
        "2008-04-16": {
            "cash": 2,
            "stock": 0.5
        },
        "2009-04-24": {
            "cash": 0.44,
            "stock": 0.44
        },
        "2010-04-26": {
            "cash": 0.8,
            "stock": 1
        },
        "2011-01-01": {
            "cash": 1,
            "stock": 0.7
        },
        "2011-04-25": {
            "cash": 1.4,
            "stock": 0.6
        },
        "2013-03-28": {
            "cash": 1.4,
            "stock": 0.6
        },
        "2014-09-11": {
            "cash": 1.5,
            "stock": 0.6
        },
        "2015-09-10": {
            "cash": 1.4,
            "stock": 0.4
        },
        "2016-09-09": {
            "cash": 2,
            "stock": 0
        },
        "2017-09-08": {
            "cash": 2.1,
            "stock": 0
        },
        "2018-09-07": {
            "cash": 5.5,
            "stock": 0
        },
        "2019-09-06": {
            "cash": 2.5,
            "stock": 0
        },
        "2020-09-11": {
            "cash": 2.5,
            "stock": 0
        },
        "2021-10-15": {
            "cash": 2.7,
            "stock": 0
        },
        "2022-09-08": {
            "cash": 2.7,
            "stock": 0
        },
        "2023-08-03": {
            "cash": 3.15,
            "stock": 0
        }
    },
    "prices": {
        "200101": "21.18",
        "200102": "20.08",
        "200103": "19.28",
        "200104": "17.53",
        "200105": "14.95",
        "200106": "15.15",
        "200107": "13.65",
        "200108": "13.16",
        "200109": "12.65",
        "200110": "10.15",
        "200111": "10.91",
        "200112": "12.24",
        "200201": "12.58",
        "200202": "12.52",
        "200203": "12.95",
        "200204": "13.51",
        "200205": "13.41",
        "200206": "13.15",
        "200207": "12.22",
        "200208": "11.47",
        "200209": "10.15",
        "200210": "10.41",
        "200211": "11.35",
        "200212": "11.40",
        "200301": "12.37",
        "200302": "11.29",
        "200303": "11.30",
        "200304": "10.72",
        "200305": "10.15",
        "200306": "10.80",
        "200307": "11.14",
        "200308": "11.50",
        "200309": "11.72",
        "200310": "12.90",
        "200311": "14.33",
        "200312": "13.88",
        "200401": "15.20",
        "200402": "18.10",
        "200403": "19.51",
        "200404": "17.88",
        "200405": "14.36",
        "200406": "14.35",
        "200407": "14.73",
        "200408": "14.91",
        "200409": "15.56",
        "200410": "15.90",
        "200411": "15.99",
        "200412": "16.23",
        "200501": "15.65",
        "200502": "15.32",
        "200503": "15.23",
        "200504": "14.05",
        "200505": "14.40",
        "200506": "14.75",
        "200507": "14.69",
        "200508": "13.26",
        "200509": "13.07",
        "200510": "13.35",
        "200511": "13.68",
        "200512": "15.07",
        "200601": "16.77",
        "200602": "18.44",
        "200603": "19.73",
        "200604": "21.57",
        "200605": "25.02",
        "200606": "26.09",
        "200607": "25.85",
        "200608": "25.23",
        "200609": "27.50",
        "200610": "30.13",
        "200611": "30.13",
        "200612": "31.51",
        "200701": "30.92",
        "200702": "31.09",
        "200703": "30.45",
        "200704": "32.38",
        "200705": "31.81",
        "200706": "32.14",
        "200707": "35.93",
        "200708": "33.49",
        "200709": "41.75",
        "200710": "49.74",
        "200711": "43.47",
        "200712": "38.82",
        "200801": "42.50",
        "200802": "43.59",
        "200803": "45.08",
        "200804": "44.67",
        "200805": "42.64",
        "200806": "40.45",
        "200807": "39.05",
        "200808": "36.41",
        "200809": "29.32",
        "200810": "28.38",
        "200811": "30.84",
        "200812": "29.48",
        "200901": "27.43",
        "200902": "26.54",
        "200903": "26.48",
        "200904": "31.51",
        "200905": "35.73",
        "200906": "34.22",
        "200907": "34.89",
        "200908": "32.82",
        "200909": "37.28",
        "200910": "37.11",
        "200911": "38.72",
        "200912": "38.90",
        "201001": "36.94",
        "201002": "34.67",
        "201003": "35.69",
        "201004": "36.61",
        "201005": "33.34",
        "201006": "34.25",
        "201007": "37.43",
        "201008": "37.47",
        "201009": "38.92",
        "201010": "40.20",
        "201011": "41.32",
        "201012": "42.70",
        "201101": "41.08",
        "201102": "38.79",
        "201103": "38.53",
        "201104": "40.72",
        "201105": "41.28",
        "201106": "40.46",
        "201107": "45.73",
        "201108": "43.25",
        "201109": "40.43",
        "201110": "39.67",
        "201111": "40.13",
        "201112": "43.28",
        "201201": "44.72",
        "201202": "43.77",
        "201203": "42.74",
        "201204": "41.74",
        "201205": "46.05",
        "201206": "46.35",
        "201207": "49.11",
        "201208": "50.55",
        "201209": "49.59",
        "201210": "51.30",
        "201211": "51.46",
        "201212": "53.30",
        "201301": "52.96",
        "201302": "53.22",
        "201303": "58.49",
        "201304": "57.94",
        "201305": "59.76",
        "201306": "58.03",
        "201307": "61.70",
        "201308": "55.81",
        "201309": "56.06",
        "201310": "55.85",
        "201311": "53.10",
        "201312": "52.95",
        "201401": "51.88",
        "201402": "49.06",
        "201403": "51.06",
        "201404": "51.35",
        "201405": "51.78",
        "201406": "52.97",
        "201407": "56.35",
        "201408": "53.51",
        "201409": "53.42",
        "201410": "50.44",
        "201411": "50.25",
        "201412": "48.97",
        "201501": "50.41",
        "201502": "52.78",
        "201503": "52.00",
        "201504": "51.47",
        "201505": "52.90",
        "201506": "53.20",
        "201507": "54.75",
        "201508": "56.19",
        "201509": "56.26",
        "201510": "56.93",
        "201511": "54.58",
        "201512": "54.27",
        "201601": "53.26",
        "201602": "56.30",
        "201603": "57.29",
        "201604": "57.75",
        "201605": "59.23",
        "201606": "63.42",
        "201607": "65.69",
        "201608": "62.50",
        "201609": "58.43",
        "201610": "60.71",
        "201611": "56.48",
        "201612": "53.74",
        "201701": "54.12",
        "201702": "54.33",
        "201703": "56.74",
        "201704": "56.11",
        "201705": "57.30",
        "201706": "59.74",
        "201707": "60.19",
        "201708": "60.06",
        "201709": "64.18",
        "201710": "63.94",
        "201711": "63.69",
        "201712": "65.04",
        "201801": "68.31",
        "201802": "67.57",
        "201803": "68.68",
        "201804": "70.64",
        "201805": "71.31",
        "201806": "75.34",
        "201807": "79.55",
        "201808": "75.54",
        "201809": "77.06",
        "201810": "74.71",
        "201811": "74.30",
        "201812": "69.44",
        "201901": "71.44",
        "201902": "73.72",
        "201903": "73.34",
        "201904": "73.02",
        "201905": "78.16",
        "201906": "81.35",
        "201907": "81.65",
        "201908": "76.83",
        "201909": "76.82",
        "201910": "73.54",
        "201911": "73.67",
        "201912": "73.28",
        "202001": "74.07",
        "202002": "74.04",
        "202003": "67.94",
        "202004": "68.06",
        "202005": "70.76",
        "202006": "72.68",
        "202007": "72.41",
        "202008": "68.32",
        "202009": "64.51",
        "202010": "62.41",
        "202011": "65.81",
        "202012": "66.08",
        "202101": "66.88",
        "202102": "68.50",
        "202103": "69.77",
        "202104": "74.06",
        "202105": "73.70",
        "202106": "73.48",
        "202107": "73.29",
        "202108": "72.07",
        "202109": "69.59",
        "202110": "67.39",
        "202111": "67.46",
        "202112": "68.27",
        "202201": "68.51",
        "202202": "67.95",
        "202203": "65.97",
        "202204": "66.85",
        "202205": "65.85",
        "202206": "65.12",
        "202207": "69.07",
        "202208": "66.27",
        "202209": "66.28",
        "202210": "65.70",
        "202211": "65.23",
        "202212": "65.65",
        "202301": "67.21",
        "202302": "66.76",
        "202303": "69.48",
        "202304": "73.17",
        "202305": "74.72",
        "202306": "76.19",
        "202307": "75.53",
        "202308": "72.25",
        "202309": "70.52",
        "202310": "68.50",
        "202311": "70.88",
        "202312": "73.89"
    },
    "quarters": {
        "20011": {
            "year_quarter": 20011,
            "year": 2001,
            "quarter": 1,
            "eps": 0.1,
            "eps_growth_year": -83.33,
            "eps_4q": 0.6,
            "eps_4q_growth_year": -66.17,
            "roe": 0.81,
            "roe_4q": 0.81,
            "gross_profit": 2132423,
            "gross_margin": 26.76,
            "gross_margin_4q_avg": 26.76,
            "net_income": 328615,
            "net_income_4q": null,
            "revenue": 7969982,
            "revenue_4q": null,
            "common_shares": 31581671,
            "book_valuer_per_share": 13.1,
            "book_valuer_per_share_4q_avg": 13.1,
            "equity": 41378116,
            "current_ratio": 117,
            "debt_ratio": 41.92,
            "inventory_turnover_ratio": 1.6,
            "account_receivable_turnover_ratio": null,
            "reinvestment_rate": null,
            "research_to_sale_ratio": null,
            "price_fair": 0,
            "eps_avg_yearly": 0,
            "eps_latest_yearly": 0,
            "eps_growth_yearly": 0
        },
        "20012": {
            "year_quarter": 20012,
            "year": 2001,
            "quarter": 2,
            "eps": 0.33,
            "eps_growth_year": 120,
            "eps_4q": 0.78,
            "eps_4q_growth_year": -44.12,
            "roe": 2.67,
            "roe_4q": 3.48,
            "gross_profit": 2419406,
            "gross_margin": 28.19,
            "gross_margin_4q_avg": 27.48,
            "net_income": 1092136,
            "net_income_4q": null,
            "revenue": 8581955,
            "revenue_4q": null,
            "common_shares": 31581671,
            "book_valuer_per_share": 12.8,
            "book_valuer_per_share_4q_avg": 12.95,
            "equity": 40432828,
            "current_ratio": 106.31,
            "debt_ratio": 42.42,
            "inventory_turnover_ratio": 2.6,
            "account_receivable_turnover_ratio": null,
            "reinvestment_rate": null,
            "research_to_sale_ratio": null,
            "price_fair": 0,
            "eps_avg_yearly": 0,
            "eps_latest_yearly": 0,
            "eps_growth_yearly": 0
        },
        "20013": {
            "year_quarter": 20013,
            "year": 2001,
            "quarter": 3,
            "eps": 0.02,
            "eps_growth_year": -71.43,
            "eps_4q": 0.95,
            "eps_4q_growth_year": -24.48,
            "roe": 0.13,
            "roe_4q": 3.61,
            "gross_profit": 2470861,
            "gross_margin": 27.21,
            "gross_margin_4q_avg": 27.39,
            "net_income": 50956,
            "net_income_4q": null,
            "revenue": 9081800,
            "revenue_4q": null,
            "common_shares": 33476572,
            "book_valuer_per_share": 12.04,
            "book_valuer_per_share_4q_avg": 12.65,
            "equity": 40319685,
            "current_ratio": 151.81,
            "debt_ratio": 41.29,
            "inventory_turnover_ratio": 2.76,
            "account_receivable_turnover_ratio": null,
            "reinvestment_rate": null,
            "research_to_sale_ratio": null,
            "price_fair": 0,
            "eps_avg_yearly": 0,
            "eps_latest_yearly": 0,
            "eps_growth_yearly": 0
        },
        "20014": {
            "year_quarter": 20014,
            "year": 2001,
            "quarter": 4,
            "eps": 0.46,
            "eps_growth_year": 53.33,
            "eps_4q": 0.9,
            "eps_4q_growth_year": -16.41,
            "roe": 3.78,
            "roe_4q": 7.390000000000001,
            "gross_profit": 1757374,
            "gross_margin": 22.78,
            "gross_margin_4q_avg": 26.24,
            "net_income": 1542053,
            "net_income_4q": null,
            "revenue": 7714819,
            "revenue_4q": null,
            "common_shares": 33476572,
            "book_valuer_per_share": 12.35,
            "book_valuer_per_share_4q_avg": 12.57,
            "equity": 41356230,
            "current_ratio": 86.76,
            "debt_ratio": 61.46,
            "inventory_turnover_ratio": 1.87,
            "account_receivable_turnover_ratio": null,
            "reinvestment_rate": null,
            "research_to_sale_ratio": null,
            "price_fair": 0,
            "eps_avg_yearly": 0,
            "eps_latest_yearly": 0,
            "eps_growth_yearly": 0
        },
        "20021": {
            "year_quarter": 20021,
            "year": 2002,
            "quarter": 1,
            "eps": 0.07,
            "eps_growth_year": -30,
            "eps_4q": 0.96,
            "eps_4q_growth_year": 60.65,
            "roe": 0.51,
            "roe_4q": 7.09,
            "gross_profit": 1772894,
            "gross_margin": 22.9,
            "gross_margin_4q_avg": 25.27,
            "net_income": 210878,
            "net_income_4q": null,
            "revenue": 7740195,
            "revenue_4q": null,
            "common_shares": 33476572,
            "book_valuer_per_share": 12.35,
            "book_valuer_per_share_4q_avg": 12.39,
            "equity": 41327603,
            "current_ratio": 154.06,
            "debt_ratio": 42.6,
            "inventory_turnover_ratio": 1.89,
            "account_receivable_turnover_ratio": null,
            "reinvestment_rate": null,
            "research_to_sale_ratio": null,
            "price_fair": 0.84,
            "eps_avg_yearly": 0.28,
            "eps_latest_yearly": 0.28,
            "eps_growth_yearly": -339.13
        },
        "20022": {
            "year_quarter": 20022,
            "year": 2002,
            "quarter": 2,
            "eps": 0.04,
            "eps_growth_year": -87.88,
            "eps_4q": 0.65,
            "eps_4q_growth_year": -16.11,
            "roe": 0.29,
            "roe_4q": 4.71,
            "gross_profit": 2211752,
            "gross_margin": 25.01,
            "gross_margin_4q_avg": 24.48,
            "net_income": 117557,
            "net_income_4q": null,
            "revenue": 8841828,
            "revenue_4q": null,
            "common_shares": 33419862,
            "book_valuer_per_share": 11.97,
            "book_valuer_per_share_4q_avg": 12.18,
            "equity": 40001440,
            "current_ratio": 103.81,
            "debt_ratio": 44.39,
            "inventory_turnover_ratio": 3.07,
            "account_receivable_turnover_ratio": null,
            "reinvestment_rate": null,
            "research_to_sale_ratio": null,
            "price_fair": 0.66,
            "eps_avg_yearly": 0.22,
            "eps_latest_yearly": 0.16,
            "eps_growth_yearly": -255.28
        },
        "20023": {
            "year_quarter": 20023,
            "year": 2002,
            "quarter": 3,
            "eps": 0.07,
            "eps_growth_year": 250,
            "eps_4q": 0.62,
            "eps_4q_growth_year": -34.3,
            "roe": 0.59,
            "roe_4q": 5.17,
            "gross_profit": 2478705,
            "gross_margin": 25.93,
            "gross_margin_4q_avg": 24.16,
            "net_income": 236791,
            "net_income_4q": null,
            "revenue": 9559291,
            "revenue_4q": null,
            "common_shares": 34422458,
            "book_valuer_per_share": 11.73,
            "book_valuer_per_share_4q_avg": 12.1,
            "equity": 40380397,
            "current_ratio": 142.68,
            "debt_ratio": 43.47,
            "inventory_turnover_ratio": 3.23,
            "account_receivable_turnover_ratio": null,
            "reinvestment_rate": null,
            "research_to_sale_ratio": null,
            "price_fair": 0.72,
            "eps_avg_yearly": 0.24,
            "eps_latest_yearly": 0.28,
            "eps_growth_yearly": -70.19
        },
        "20024": {
            "year_quarter": 20024,
            "year": 2002,
            "quarter": 4,
            "eps": 0.28,
            "eps_growth_year": -39.13,
            "eps_4q": 0.45,
            "eps_4q_growth_year": -50.2,
            "roe": 2.14,
            "roe_4q": 3.5300000000000002,
            "gross_profit": 1958095,
            "gross_margin": 22.36,
            "gross_margin_4q_avg": 24.05,
            "net_income": 943534,
            "net_income_4q": null,
            "revenue": 8757861,
            "revenue_4q": null,
            "common_shares": 34422458,
            "book_valuer_per_share": 11.99,
            "book_valuer_per_share_4q_avg": 12.01,
            "equity": 47625707,
            "current_ratio": 66.98,
            "debt_ratio": 58.28,
            "inventory_turnover_ratio": 1.94,
            "account_receivable_turnover_ratio": null,
            "reinvestment_rate": 142.9,
            "research_to_sale_ratio": null,
            "price_fair": 16.1,
            "eps_avg_yearly": 0.46,
            "eps_latest_yearly": 1.12,
            "eps_growth_yearly": 247.36
        },
        "20031": {
            "year_quarter": 20031,
            "year": 2003,
            "quarter": 1,
            "eps": 0.08,
            "eps_growth_year": 14.29,
            "eps_4q": 0.48,
            "eps_4q_growth_year": -50.23,
            "roe": 0.58,
            "roe_4q": 3.6,
            "gross_profit": 1821464,
            "gross_margin": 21.27,
            "gross_margin_4q_avg": 23.64,
            "net_income": 260614,
            "net_income_4q": null,
            "revenue": 8562942,
            "revenue_4q": null,
            "common_shares": 34243868,
            "book_valuer_per_share": 12.12,
            "book_valuer_per_share_4q_avg": 11.95,
            "equity": 41519673,
            "current_ratio": 118.61,
            "debt_ratio": 40.84,
            "inventory_turnover_ratio": 1.87,
            "account_receivable_turnover_ratio": null,
            "reinvestment_rate": 14.89,
            "research_to_sale_ratio": null,
            "price_fair": 15.12,
            "eps_avg_yearly": 0.43,
            "eps_latest_yearly": 0.32,
            "eps_growth_yearly": 140.75
        },
        "20032": {
            "year_quarter": 20032,
            "year": 2003,
            "quarter": 2,
            "eps": 0.35,
            "eps_growth_year": 775,
            "eps_4q": 0.78,
            "eps_4q_growth_year": 18.66,
            "roe": 2.87,
            "roe_4q": 6.18,
            "gross_profit": 2033773,
            "gross_margin": 21.31,
            "gross_margin_4q_avg": 22.72,
            "net_income": 1184453,
            "net_income_4q": null,
            "revenue": 9542576,
            "revenue_4q": null,
            "common_shares": 34243868,
            "book_valuer_per_share": 11.95,
            "book_valuer_per_share_4q_avg": 11.95,
            "equity": 40924381,
            "current_ratio": 105.9,
            "debt_ratio": 43.4,
            "inventory_turnover_ratio": 2.93,
            "account_receivable_turnover_ratio": null,
            "reinvestment_rate": 14.22,
            "research_to_sale_ratio": null,
            "price_fair": 20.77,
            "eps_avg_yearly": 0.59,
            "eps_latest_yearly": 1.4,
            "eps_growth_yearly": 342.29
        },
        "20033": {
            "year_quarter": 20033,
            "year": 2003,
            "quarter": 3,
            "eps": 0.42,
            "eps_growth_year": 500,
            "eps_4q": 1.12,
            "eps_4q_growth_year": 80.33,
            "roe": 3.43,
            "roe_4q": 9.020000000000001,
            "gross_profit": 2166992,
            "gross_margin": 20.98,
            "gross_margin_4q_avg": 21.48,
            "net_income": 1426246,
            "net_income_4q": null,
            "revenue": 10328243,
            "revenue_4q": null,
            "common_shares": 33950978,
            "book_valuer_per_share": 12.44,
            "book_valuer_per_share_4q_avg": 12.13,
            "equity": 42250549,
            "current_ratio": 185.97,
            "debt_ratio": 42.62,
            "inventory_turnover_ratio": 3.26,
            "account_receivable_turnover_ratio": null,
            "reinvestment_rate": 12.15,
            "research_to_sale_ratio": null,
            "price_fair": 26.2,
            "eps_avg_yearly": 0.75,
            "eps_latest_yearly": 1.68,
            "eps_growth_yearly": 304.82
        },
        "20034": {
            "year_quarter": 20034,
            "year": 2003,
            "quarter": 4,
            "eps": 0.02,
            "eps_growth_year": -92.86,
            "eps_4q": 0.89,
            "eps_4q_growth_year": 97.68,
            "roe": 0.15,
            "roe_4q": 7.03,
            "gross_profit": 1856897,
            "gross_margin": 19.51,
            "gross_margin_4q_avg": 20.77,
            "net_income": 66383,
            "net_income_4q": null,
            "revenue": 9518190,
            "revenue_4q": null,
            "common_shares": 33950978,
            "book_valuer_per_share": 12.39,
            "book_valuer_per_share_4q_avg": 12.23,
            "equity": 47952291,
            "current_ratio": 81.1,
            "debt_ratio": 60.27,
            "inventory_turnover_ratio": 1.91,
            "account_receivable_turnover_ratio": null,
            "reinvestment_rate": 151.83,
            "research_to_sale_ratio": null,
            "price_fair": 23.28,
            "eps_avg_yearly": 0.67,
            "eps_latest_yearly": 0.08,
            "eps_growth_yearly": 219.1
        },
        "20041": {
            "year_quarter": 20041,
            "year": 2004,
            "quarter": 1,
            "eps": 0.22,
            "eps_growth_year": 175,
            "eps_4q": 1.01,
            "eps_4q_growth_year": 110.75,
            "roe": 1.65,
            "roe_4q": 8.100000000000001,
            "gross_profit": 1897473,
            "gross_margin": 18.97,
            "gross_margin_4q_avg": 20.19,
            "net_income": 747191,
            "net_income_4q": null,
            "revenue": 10002962,
            "revenue_4q": null,
            "common_shares": 33753848,
            "book_valuer_per_share": 12.64,
            "book_valuer_per_share_4q_avg": 12.36,
            "equity": 42673952,
            "current_ratio": 123.14,
            "debt_ratio": 43.44,
            "inventory_turnover_ratio": 1.85,
            "account_receivable_turnover_ratio": null,
            "reinvestment_rate": 8.08,
            "research_to_sale_ratio": null,
            "price_fair": 24.11,
            "eps_avg_yearly": 0.69,
            "eps_latest_yearly": 0.88,
            "eps_growth_yearly": 639.2
        },
        "20042": {
            "year_quarter": 20042,
            "year": 2004,
            "quarter": 2,
            "eps": 0.17,
            "eps_growth_year": -51.43,
            "eps_4q": 0.83,
            "eps_4q_growth_year": 6.63,
            "roe": 1.38,
            "roe_4q": 6.609999999999999,
            "gross_profit": 1938625,
            "gross_margin": 19.27,
            "gross_margin_4q_avg": 19.68,
            "net_income": 579390,
            "net_income_4q": null,
            "revenue": 10062123,
            "revenue_4q": null,
            "common_shares": 33753848,
            "book_valuer_per_share": 12.17,
            "book_valuer_per_share_4q_avg": 12.41,
            "equity": 41084043,
            "current_ratio": 95.02,
            "debt_ratio": 47.33,
            "inventory_turnover_ratio": 2.26,
            "account_receivable_turnover_ratio": null,
            "reinvestment_rate": 4.6,
            "research_to_sale_ratio": null,
            "price_fair": 24.08,
            "eps_avg_yearly": 0.69,
            "eps_latest_yearly": 0.68,
            "eps_growth_yearly": 566.19
        },
        "20043": {
            "year_quarter": 20043,
            "year": 2004,
            "quarter": 3,
            "eps": 0.14,
            "eps_growth_year": -66.67,
            "eps_4q": 0.56,
            "eps_4q_growth_year": -50.1,
            "roe": 1.12,
            "roe_4q": 4.300000000000001,
            "gross_profit": 2016112,
            "gross_margin": 17.51,
            "gross_margin_4q_avg": 18.82,
            "net_income": 463748,
            "net_income_4q": null,
            "revenue": 11513414,
            "revenue_4q": null,
            "common_shares": 33753848,
            "book_valuer_per_share": 12.32,
            "book_valuer_per_share_4q_avg": 12.38,
            "equity": 41590053,
            "current_ratio": 103.68,
            "debt_ratio": 45.46,
            "inventory_turnover_ratio": 2.65,
            "account_receivable_turnover_ratio": null,
            "reinvestment_rate": 3.71,
            "research_to_sale_ratio": null,
            "price_fair": 23.67,
            "eps_avg_yearly": 0.68,
            "eps_latest_yearly": 0.56,
            "eps_growth_yearly": 508.3
        },
        "20044": {
            "year_quarter": 20044,
            "year": 2004,
            "quarter": 4,
            "eps": 0.24,
            "eps_growth_year": 1100,
            "eps_4q": 0.76,
            "eps_4q_growth_year": -13.81,
            "roe": 1.83,
            "roe_4q": 5.98,
            "gross_profit": 1596884,
            "gross_margin": 17.18,
            "gross_margin_4q_avg": 18.23,
            "net_income": 821798,
            "net_income_4q": null,
            "revenue": 9296303,
            "revenue_4q": null,
            "common_shares": 33753848,
            "book_valuer_per_share": 12.24,
            "book_valuer_per_share_4q_avg": 12.34,
            "equity": 48145685,
            "current_ratio": 72.01,
            "debt_ratio": 61.09,
            "inventory_turnover_ratio": 1.76,
            "account_receivable_turnover_ratio": null,
            "reinvestment_rate": 170.42,
            "research_to_sale_ratio": null,
            "price_fair": 24.5,
            "eps_avg_yearly": 0.7,
            "eps_latest_yearly": 0.96,
            "eps_growth_yearly": 489.75
        },
        "20051": {
            "year_quarter": 20051,
            "year": 2005,
            "quarter": 1,
            "eps": 0.09,
            "eps_growth_year": -59.09,
            "eps_4q": 0.62,
            "eps_4q_growth_year": -38.78,
            "roe": 0.7,
            "roe_4q": 5.03,
            "gross_profit": 1719379,
            "gross_margin": 19.78,
            "gross_margin_4q_avg": 18.44,
            "net_income": 318351,
            "net_income_4q": null,
            "revenue": 8693214,
            "revenue_4q": null,
            "common_shares": 33753848,
            "book_valuer_per_share": 12.5,
            "book_valuer_per_share_4q_avg": 12.31,
            "equity": 42182343,
            "current_ratio": 89.61,
            "debt_ratio": 43.04,
            "inventory_turnover_ratio": 1.72,
            "account_receivable_turnover_ratio": null,
            "reinvestment_rate": 8.82,
            "research_to_sale_ratio": null,
            "price_fair": 23.58,
            "eps_avg_yearly": 0.67,
            "eps_latest_yearly": 0.36,
            "eps_growth_yearly": 432.85
        },
        "20052": {
            "year_quarter": 20052,
            "year": 2005,
            "quarter": 2,
            "eps": 0.25,
            "eps_growth_year": 47.06,
            "eps_4q": 0.72,
            "eps_4q_growth_year": -13.3,
            "roe": 2.05,
            "roe_4q": 5.7,
            "gross_profit": 2243689,
            "gross_margin": 22.51,
            "gross_margin_4q_avg": 19.25,
            "net_income": 858257,
            "net_income_4q": null,
            "revenue": 9968273,
            "revenue_4q": null,
            "common_shares": 33753848,
            "book_valuer_per_share": 12.33,
            "book_valuer_per_share_4q_avg": 12.35,
            "equity": 41617763,
            "current_ratio": 100.88,
            "debt_ratio": 45.53,
            "inventory_turnover_ratio": 2.9,
            "account_receivable_turnover_ratio": null,
            "reinvestment_rate": 9.95,
            "research_to_sale_ratio": null,
            "price_fair": 24.4,
            "eps_avg_yearly": 0.7,
            "eps_latest_yearly": 1,
            "eps_growth_yearly": 452.72
        },
        "20053": {
            "year_quarter": 20053,
            "year": 2005,
            "quarter": 3,
            "eps": 0.42,
            "eps_growth_year": 200,
            "eps_4q": 1.01,
            "eps_4q_growth_year": 79.49,
            "roe": 3.37,
            "roe_4q": 7.95,
            "gross_profit": 2807527,
            "gross_margin": 24.13,
            "gross_margin_4q_avg": 20.9,
            "net_income": 1432104,
            "net_income_4q": null,
            "revenue": 11635578,
            "revenue_4q": null,
            "common_shares": 33753848,
            "book_valuer_per_share": 12.82,
            "book_valuer_per_share_4q_avg": 12.47,
            "equity": 43281954,
            "current_ratio": 104.52,
            "debt_ratio": 42.53,
            "inventory_turnover_ratio": 3.29,
            "account_receivable_turnover_ratio": null,
            "reinvestment_rate": 4.48,
            "research_to_sale_ratio": null,
            "price_fair": 26.69,
            "eps_avg_yearly": 0.76,
            "eps_latest_yearly": 1.68,
            "eps_growth_yearly": 440.67
        },
        "20054": {
            "year_quarter": 20054,
            "year": 2005,
            "quarter": 4,
            "eps": -0.16,
            "eps_growth_year": -166.67,
            "eps_4q": 0.33,
            "eps_4q_growth_year": -56.17,
            "roe": -0.92,
            "roe_4q": 5.2,
            "gross_profit": 2345543,
            "gross_margin": 23.56,
            "gross_margin_4q_avg": 22.5,
            "net_income": -523835,
            "net_income_4q": null,
            "revenue": 9954886,
            "revenue_4q": null,
            "common_shares": 33541258,
            "book_valuer_per_share": 13,
            "book_valuer_per_share_4q_avg": 12.66,
            "equity": 70298701,
            "current_ratio": 82.65,
            "debt_ratio": 68.4,
            "inventory_turnover_ratio": 0.66,
            "account_receivable_turnover_ratio": null,
            "reinvestment_rate": 794.93,
            "research_to_sale_ratio": null,
            "price_fair": 26.69,
            "eps_avg_yearly": 0.76,
            "eps_latest_yearly": 1.68,
            "eps_growth_yearly": 440.67
        },
        "20061": {
            "year_quarter": 20061,
            "year": 2006,
            "quarter": 1,
            "eps": 0.3,
            "eps_growth_year": 233.33,
            "eps_4q": 0.83,
            "eps_4q_growth_year": 35.16,
            "roe": 1.73,
            "roe_4q": 6.2299999999999995,
            "gross_profit": 2175716,
            "gross_margin": 22.53,
            "gross_margin_4q_avg": 23.18,
            "net_income": 992000,
            "net_income_4q": null,
            "revenue": 9657045,
            "revenue_4q": null,
            "common_shares": 33541258,
            "book_valuer_per_share": 13.24,
            "book_valuer_per_share_4q_avg": 12.85,
            "equity": 44392706,
            "current_ratio": 139.62,
            "debt_ratio": 42.43,
            "inventory_turnover_ratio": 0.63,
            "account_receivable_turnover_ratio": null,
            "reinvestment_rate": -0.98,
            "research_to_sale_ratio": null,
            "price_fair": 27.9,
            "eps_avg_yearly": 0.8,
            "eps_latest_yearly": 1.68,
            "eps_growth_yearly": 496.37
        },
        "20062": {
            "year_quarter": 20062,
            "year": 2006,
            "quarter": 2,
            "eps": 0.32,
            "eps_growth_year": 28,
            "eps_4q": 0.88,
            "eps_4q_growth_year": 22.99,
            "roe": 2.46,
            "roe_4q": 6.64,
            "gross_profit": 2578251,
            "gross_margin": 24.19,
            "gross_margin_4q_avg": 23.6,
            "net_income": 1081896,
            "net_income_4q": null,
            "revenue": 10657617,
            "revenue_4q": null,
            "common_shares": 33541258,
            "book_valuer_per_share": 13.03,
            "book_valuer_per_share_4q_avg": 13.02,
            "equity": 43699674,
            "current_ratio": 101.57,
            "debt_ratio": 44.44,
            "inventory_turnover_ratio": 2.82,
            "account_receivable_turnover_ratio": null,
            "reinvestment_rate": -0.16,
            "research_to_sale_ratio": null,
            "price_fair": 30.7,
            "eps_avg_yearly": 0.88,
            "eps_latest_yearly": 1.28,
            "eps_growth_yearly": 510.52
        },
        "20063": {
            "year_quarter": 20063,
            "year": 2006,
            "quarter": 3,
            "eps": 0.25,
            "eps_growth_year": -40.48,
            "eps_4q": 0.71,
            "eps_4q_growth_year": -29.09,
            "roe": 1.88,
            "roe_4q": 5.15,
            "gross_profit": 2903839,
            "gross_margin": 24.37,
            "gross_margin_4q_avg": 23.66,
            "net_income": 836134,
            "net_income_4q": null,
            "revenue": 11914433,
            "revenue_4q": null,
            "common_shares": 33541258,
            "book_valuer_per_share": 13.46,
            "book_valuer_per_share_4q_avg": 13.18,
            "equity": 45144415,
            "current_ratio": 140.03,
            "debt_ratio": 41.8,
            "inventory_turnover_ratio": 3.25,
            "account_receivable_turnover_ratio": null,
            "reinvestment_rate": 1.6,
            "research_to_sale_ratio": null,
            "price_fair": 32.5,
            "eps_avg_yearly": 0.93,
            "eps_latest_yearly": 1,
            "eps_growth_yearly": 482.84
        },
        "20064": {
            "year_quarter": 20064,
            "year": 2006,
            "quarter": 4,
            "eps": 0.21,
            "eps_growth_year": null,
            "eps_4q": 1.09,
            "eps_4q_growth_year": 225.01,
            "roe": 1.17,
            "roe_4q": 7.24,
            "gross_profit": 2313438,
            "gross_margin": 21.79,
            "gross_margin_4q_avg": 23.22,
            "net_income": 697051,
            "net_income_4q": null,
            "revenue": 10615554,
            "revenue_4q": null,
            "common_shares": 33541258,
            "book_valuer_per_share": 13.9,
            "book_valuer_per_share_4q_avg": 13.41,
            "equity": 73803048,
            "current_ratio": 76.65,
            "debt_ratio": 68.93,
            "inventory_turnover_ratio": 0.67,
            "account_receivable_turnover_ratio": null,
            "reinvestment_rate": 572.78,
            "research_to_sale_ratio": null,
            "price_fair": 31.8,
            "eps_avg_yearly": 0.91,
            "eps_latest_yearly": 0.84,
            "eps_growth_yearly": 392.56
        },
        "20071": {
            "year_quarter": 20071,
            "year": 2007,
            "quarter": 1,
            "eps": 0.79,
            "eps_growth_year": 163.33,
            "eps_4q": 1.57,
            "eps_4q_growth_year": 87.61,
            "roe": 4.33,
            "roe_4q": 9.84,
            "gross_profit": 2363640,
            "gross_margin": 22.27,
            "gross_margin_4q_avg": 23.16,
            "net_income": 2665417,
            "net_income_4q": null,
            "revenue": 10615502,
            "revenue_4q": null,
            "common_shares": 33541258,
            "book_valuer_per_share": 14.7,
            "book_valuer_per_share_4q_avg": 13.77,
            "equity": 49291601,
            "current_ratio": 108.33,
            "debt_ratio": 40.92,
            "inventory_turnover_ratio": 0.65,
            "account_receivable_turnover_ratio": null,
            "reinvestment_rate": -17.8,
            "research_to_sale_ratio": null,
            "price_fair": 38.9,
            "eps_avg_yearly": 1.11,
            "eps_latest_yearly": 3.16,
            "eps_growth_yearly": 491.88
        },
        "20072": {
            "year_quarter": 20072,
            "year": 2007,
            "quarter": 2,
            "eps": 0.65,
            "eps_growth_year": 103.12,
            "eps_4q": 1.83,
            "eps_4q_growth_year": 107.57,
            "roe": 4.47,
            "roe_4q": 11.850000000000001,
            "gross_profit": 2565755,
            "gross_margin": 22.41,
            "gross_margin_4q_avg": 22.71,
            "net_income": 2311019,
            "net_income_4q": null,
            "revenue": 11449303,
            "revenue_4q": null,
            "common_shares": 33541258,
            "book_valuer_per_share": 16.15,
            "book_valuer_per_share_4q_avg": 14.55,
            "equity": 54158372,
            "current_ratio": 103.49,
            "debt_ratio": 39.23,
            "inventory_turnover_ratio": 2.93,
            "account_receivable_turnover_ratio": null,
            "reinvestment_rate": -25.35,
            "research_to_sale_ratio": null,
            "price_fair": 41.9,
            "eps_avg_yearly": 1.2,
            "eps_latest_yearly": 2.6,
            "eps_growth_yearly": 390.39
        },
        "20073": {
            "year_quarter": 20073,
            "year": 2007,
            "quarter": 3,
            "eps": 0.71,
            "eps_growth_year": 184,
            "eps_4q": 2.3,
            "eps_4q_growth_year": 221.92,
            "roe": 4.6,
            "roe_4q": 14.57,
            "gross_profit": 2829652,
            "gross_margin": 21.76,
            "gross_margin_4q_avg": 22.06,
            "net_income": 2538580,
            "net_income_4q": null,
            "revenue": 13005168,
            "revenue_4q": null,
            "common_shares": 35553733,
            "book_valuer_per_share": 15.79,
            "book_valuer_per_share_4q_avg": 15.14,
            "equity": 56128535,
            "current_ratio": 95.17,
            "debt_ratio": 36.58,
            "inventory_turnover_ratio": 3.37,
            "account_receivable_turnover_ratio": null,
            "reinvestment_rate": -26,
            "research_to_sale_ratio": null,
            "price_fair": 44.8,
            "eps_avg_yearly": 1.28,
            "eps_latest_yearly": 2.84,
            "eps_growth_yearly": 387.31
        },
        "20074": {
            "year_quarter": 20074,
            "year": 2007,
            "quarter": 4,
            "eps": 0.98,
            "eps_growth_year": 366.67,
            "eps_4q": 3.08,
            "eps_4q_growth_year": 183.7,
            "roe": 4.51,
            "roe_4q": 17.909999999999997,
            "gross_profit": 2405835,
            "gross_margin": 21.96,
            "gross_margin_4q_avg": 22.1,
            "net_income": 3501971,
            "net_income_4q": null,
            "revenue": 10955967,
            "revenue_4q": null,
            "common_shares": 35553733,
            "book_valuer_per_share": 17.78,
            "book_valuer_per_share_4q_avg": 16.11,
            "equity": 99074434,
            "current_ratio": 103.67,
            "debt_ratio": 62.79,
            "inventory_turnover_ratio": 0.6,
            "account_receivable_turnover_ratio": null,
            "reinvestment_rate": 340.71,
            "research_to_sale_ratio": null,
            "price_fair": 54.4,
            "eps_avg_yearly": 1.55,
            "eps_latest_yearly": 3.92,
            "eps_growth_yearly": 425.39
        },
        "20081": {
            "year_quarter": 20081,
            "year": 2008,
            "quarter": 1,
            "eps": 0.33,
            "eps_growth_year": -58.23,
            "eps_4q": 1.79,
            "eps_4q_growth_year": 14.26,
            "roe": 1.78,
            "roe_4q": 15.36,
            "gross_profit": 20396130,
            "gross_margin": 27.8,
            "gross_margin_4q_avg": 23.48,
            "net_income": 1758541,
            "net_income_4q": null,
            "revenue": 73360093,
            "revenue_4q": null,
            "common_shares": 35553733,
            "book_valuer_per_share": 17.87,
            "book_valuer_per_share_4q_avg": 16.9,
            "equity": 98899544,
            "current_ratio": 112.93,
            "debt_ratio": 63.2,
            "inventory_turnover_ratio": 2.16,
            "account_receivable_turnover_ratio": null,
            "reinvestment_rate": 414.49,
            "research_to_sale_ratio": null,
            "price_fair": 55.5,
            "eps_avg_yearly": 1.59,
            "eps_latest_yearly": 1.32,
            "eps_growth_yearly": 120.72
        },
        "20082": {
            "year_quarter": 20082,
            "year": 2008,
            "quarter": 2,
            "eps": 0.51,
            "eps_growth_year": -21.54,
            "eps_4q": 1.68,
            "eps_4q_growth_year": -8.33,
            "roe": 2.89,
            "roe_4q": 13.78,
            "gross_profit": 21396053,
            "gross_margin": 27.97,
            "gross_margin_4q_avg": 24.87,
            "net_income": 2741793,
            "net_income_4q": null,
            "revenue": 76492073,
            "revenue_4q": null,
            "common_shares": 35553733,
            "book_valuer_per_share": 15.89,
            "book_valuer_per_share_4q_avg": 16.83,
            "equity": 90736385,
            "current_ratio": 100.52,
            "debt_ratio": 66.75,
            "inventory_turnover_ratio": 2.24,
            "account_receivable_turnover_ratio": null,
            "reinvestment_rate": 375.26,
            "research_to_sale_ratio": null,
            "price_fair": 58.9,
            "eps_avg_yearly": 1.68,
            "eps_latest_yearly": 2.04,
            "eps_growth_yearly": 142.8
        },
        "20083": {
            "year_quarter": 20083,
            "year": 2008,
            "quarter": 3,
            "eps": 0.52,
            "eps_growth_year": -26.76,
            "eps_4q": 1.4,
            "eps_4q_growth_year": -39.07,
            "roe": 3.37,
            "roe_4q": 12.549999999999999,
            "gross_profit": 23114422,
            "gross_margin": 27.97,
            "gross_margin_4q_avg": 26.43,
            "net_income": 3135177,
            "net_income_4q": null,
            "revenue": 82626531,
            "revenue_4q": null,
            "common_shares": 37331420,
            "book_valuer_per_share": 15.65,
            "book_valuer_per_share_4q_avg": 16.8,
            "equity": 95172794,
            "current_ratio": 108.12,
            "debt_ratio": 65.61,
            "inventory_turnover_ratio": 2.29,
            "account_receivable_turnover_ratio": null,
            "reinvestment_rate": 342.67,
            "research_to_sale_ratio": null,
            "price_fair": 62.7,
            "eps_avg_yearly": 1.79,
            "eps_latest_yearly": 2.08,
            "eps_growth_yearly": 148.4
        },
        "20084": {
            "year_quarter": 20084,
            "year": 2008,
            "quarter": 4,
            "eps": -0.36,
            "eps_growth_year": -136.73,
            "eps_4q": 0.6,
            "eps_4q_growth_year": -80.55,
            "roe": -1.98,
            "roe_4q": 6.0600000000000005,
            "gross_profit": 17167722,
            "gross_margin": 25.53,
            "gross_margin_4q_avg": 27.32,
            "net_income": -1871848,
            "net_income_4q": null,
            "revenue": 67243211,
            "revenue_4q": null,
            "common_shares": 37331420,
            "book_valuer_per_share": 15.27,
            "book_valuer_per_share_4q_avg": 16.17,
            "equity": 93839884,
            "current_ratio": 106.92,
            "debt_ratio": 64.88,
            "inventory_turnover_ratio": 1.95,
            "account_receivable_turnover_ratio": 10.67,
            "reinvestment_rate": 273.5,
            "research_to_sale_ratio": null,
            "price_fair": 64.94,
            "eps_avg_yearly": 1.86,
            "eps_latest_yearly": 2.08,
            "eps_growth_yearly": 137.84
        },
        "20091": {
            "year_quarter": 20091,
            "year": 2009,
            "quarter": 1,
            "eps": 0.55,
            "eps_growth_year": 66.67,
            "eps_4q": 0.83,
            "eps_4q_growth_year": -53.45,
            "roe": 3.08,
            "roe_4q": 7.360000000000001,
            "gross_profit": 21392723,
            "gross_margin": 30.33,
            "gross_margin_4q_avg": 27.95,
            "net_income": 2968300,
            "net_income_4q": null,
            "revenue": 70526141,
            "revenue_4q": null,
            "common_shares": 37331420,
            "book_valuer_per_share": 16.08,
            "book_valuer_per_share_4q_avg": 15.72,
            "equity": 99014659,
            "current_ratio": 112.55,
            "debt_ratio": 63.87,
            "inventory_turnover_ratio": 2.09,
            "account_receivable_turnover_ratio": 5.36,
            "reinvestment_rate": 343.23,
            "research_to_sale_ratio": null,
            "price_fair": 69.3,
            "eps_avg_yearly": 1.98,
            "eps_latest_yearly": 2.08,
            "eps_growth_yearly": 170.16
        },
        "20092": {
            "year_quarter": 20092,
            "year": 2009,
            "quarter": 2,
            "eps": 0.78,
            "eps_growth_year": 52.94,
            "eps_4q": 1.03,
            "eps_4q_growth_year": -38.85,
            "roe": 4.34,
            "roe_4q": 8.809999999999999,
            "gross_profit": 22237447,
            "gross_margin": 31.01,
            "gross_margin_4q_avg": 28.71,
            "net_income": 4347595,
            "net_income_4q": null,
            "revenue": 71705622,
            "revenue_4q": null,
            "common_shares": 37331420,
            "book_valuer_per_share": 16.68,
            "book_valuer_per_share_4q_avg": 15.92,
            "equity": 101137840,
            "current_ratio": 109.33,
            "debt_ratio": 64.16,
            "inventory_turnover_ratio": 2.33,
            "account_receivable_turnover_ratio": 4.96,
            "reinvestment_rate": 310.45,
            "research_to_sale_ratio": null,
            "price_fair": 75.48,
            "eps_avg_yearly": 2.16,
            "eps_latest_yearly": 3.12,
            "eps_growth_yearly": 124.84
        },
        "20093": {
            "year_quarter": 20093,
            "year": 2009,
            "quarter": 3,
            "eps": 0.54,
            "eps_growth_year": 3.85,
            "eps_4q": 0.82,
            "eps_4q_growth_year": -41.44,
            "roe": 3.78,
            "roe_4q": 9.219999999999999,
            "gross_profit": 25638993,
            "gross_margin": 31.18,
            "gross_margin_4q_avg": 29.51,
            "net_income": 3877605,
            "net_income_4q": null,
            "revenue": 82220171,
            "revenue_4q": null,
            "common_shares": 38974002,
            "book_valuer_per_share": 16.38,
            "book_valuer_per_share_4q_avg": 16.1,
            "equity": 104039650,
            "current_ratio": 115.97,
            "debt_ratio": 62.54,
            "inventory_turnover_ratio": 2.76,
            "account_receivable_turnover_ratio": 5.55,
            "reinvestment_rate": 296.76,
            "research_to_sale_ratio": null,
            "price_fair": 76.88,
            "eps_avg_yearly": 2.2,
            "eps_latest_yearly": 2.16,
            "eps_growth_yearly": 91.92
        },
        "20094": {
            "year_quarter": 20094,
            "year": 2009,
            "quarter": 4,
            "eps": 0.16,
            "eps_growth_year": null,
            "eps_4q": 2.02,
            "eps_4q_growth_year": 236.29,
            "roe": 0.93,
            "roe_4q": 12.13,
            "gross_profit": 20459402,
            "gross_margin": 31.12,
            "gross_margin_4q_avg": 30.91,
            "net_income": 968970,
            "net_income_4q": null,
            "revenue": 65744423,
            "revenue_4q": null,
            "common_shares": 38974002,
            "book_valuer_per_share": 16.53,
            "book_valuer_per_share_4q_avg": 16.42,
            "equity": 104445427,
            "current_ratio": 112.1,
            "debt_ratio": 61.75,
            "inventory_turnover_ratio": 2.1,
            "account_receivable_turnover_ratio": 9.57,
            "reinvestment_rate": 175.74,
            "research_to_sale_ratio": null,
            "price_fair": 72.69,
            "eps_avg_yearly": 2.08,
            "eps_latest_yearly": 0.64,
            "eps_growth_yearly": 63.19
        },
        "20101": {
            "year_quarter": 20101,
            "year": 2010,
            "quarter": 1,
            "eps": 0.79,
            "eps_growth_year": 43.64,
            "eps_4q": 2.28,
            "eps_4q_growth_year": 173.76,
            "roe": 4.67,
            "roe_4q": 13.719999999999999,
            "gross_profit": 25738755,
            "gross_margin": 31.96,
            "gross_margin_4q_avg": 31.32,
            "net_income": 4997041,
            "net_income_4q": null,
            "revenue": 80545364,
            "revenue_4q": null,
            "common_shares": 38974002,
            "book_valuer_per_share": 17.19,
            "book_valuer_per_share_4q_avg": 16.7,
            "equity": 109689846,
            "current_ratio": 114.03,
            "debt_ratio": 61.19,
            "inventory_turnover_ratio": 2.28,
            "account_receivable_turnover_ratio": 5.53,
            "reinvestment_rate": 438.64,
            "research_to_sale_ratio": 0.25,
            "price_fair": 75.4,
            "eps_avg_yearly": 2.15,
            "eps_latest_yearly": 3.16,
            "eps_growth_yearly": 171.18
        },
        "20102": {
            "year_quarter": 20102,
            "year": 2010,
            "quarter": 2,
            "eps": 0.73,
            "eps_growth_year": -6.55,
            "eps_4q": 2.09,
            "eps_4q_growth_year": 103.97,
            "roe": 4.41,
            "roe_4q": 13.79,
            "gross_profit": 23772025,
            "gross_margin": 29.52,
            "gross_margin_4q_avg": 30.95,
            "net_income": 4796331,
            "net_income_4q": null,
            "revenue": 80539934,
            "revenue_4q": null,
            "common_shares": 38974002,
            "book_valuer_per_share": 17.04,
            "book_valuer_per_share_4q_avg": 16.79,
            "equity": 107701995,
            "current_ratio": 113.19,
            "debt_ratio": 63.13,
            "inventory_turnover_ratio": 2.15,
            "account_receivable_turnover_ratio": 5.03,
            "reinvestment_rate": 413.91,
            "research_to_sale_ratio": 0.22,
            "price_fair": 79.5,
            "eps_avg_yearly": 2.27,
            "eps_latest_yearly": 2.92,
            "eps_growth_yearly": 167.1
        },
        "20103": {
            "year_quarter": 20103,
            "year": 2010,
            "quarter": 3,
            "eps": 0.86,
            "eps_growth_year": 59.7,
            "eps_4q": 2.46,
            "eps_4q_growth_year": 200.36,
            "roe": 5.15,
            "roe_4q": 15.16,
            "gross_profit": 30146966,
            "gross_margin": 30.14,
            "gross_margin_4q_avg": 30.69,
            "net_income": 5738987,
            "net_income_4q": null,
            "revenue": 100015293,
            "revenue_4q": null,
            "common_shares": 42871403,
            "book_valuer_per_share": 16.7,
            "book_valuer_per_share_4q_avg": 16.87,
            "equity": 115171632,
            "current_ratio": 116,
            "debt_ratio": 61.02,
            "inventory_turnover_ratio": 2.54,
            "account_receivable_turnover_ratio": 5.44,
            "reinvestment_rate": 387.29,
            "research_to_sale_ratio": 0.27,
            "price_fair": 85.6,
            "eps_avg_yearly": 2.45,
            "eps_latest_yearly": 3.44,
            "eps_growth_yearly": 178.44
        },
        "20104": {
            "year_quarter": 20104,
            "year": 2010,
            "quarter": 4,
            "eps": 0.24,
            "eps_growth_year": 48.13,
            "eps_4q": 2.55,
            "eps_4q_growth_year": 26.39,
            "roe": 1.22,
            "roe_4q": 15.450000000000001,
            "gross_profit": 21536892,
            "gross_margin": 26.16,
            "gross_margin_4q_avg": 29.45,
            "net_income": 1391758,
            "net_income_4q": null,
            "revenue": 82319730,
            "revenue_4q": null,
            "common_shares": 42871402,
            "book_valuer_per_share": 16.32,
            "book_valuer_per_share_4q_avg": 16.81,
            "equity": 112724666,
            "current_ratio": 106.45,
            "debt_ratio": 60.34,
            "inventory_turnover_ratio": 2.06,
            "account_receivable_turnover_ratio": 4.08,
            "reinvestment_rate": 143.87,
            "research_to_sale_ratio": 0.16,
            "price_fair": 85.9,
            "eps_avg_yearly": 2.45,
            "eps_latest_yearly": 0.96,
            "eps_growth_yearly": 162.42
        },
        "20111": {
            "year_quarter": 20111,
            "year": 2011,
            "quarter": 1,
            "eps": 0.53,
            "eps_growth_year": -32.91,
            "eps_4q": 2.36,
            "eps_4q_growth_year": 3.5,
            "roe": 3.21,
            "roe_4q": 13.99,
            "gross_profit": 27426619,
            "gross_margin": 29.87,
            "gross_margin_4q_avg": 28.92,
            "net_income": 3653962,
            "net_income_4q": null,
            "revenue": 91831005,
            "revenue_4q": null,
            "common_shares": 42871402,
            "book_valuer_per_share": 16.54,
            "book_valuer_per_share_4q_avg": 16.65,
            "equity": 114766325,
            "current_ratio": 106.35,
            "debt_ratio": 61.24,
            "inventory_turnover_ratio": 2.09,
            "account_receivable_turnover_ratio": 4.65,
            "reinvestment_rate": 391.91,
            "research_to_sale_ratio": 0.22,
            "price_fair": 83.3,
            "eps_avg_yearly": 2.38,
            "eps_latest_yearly": 2.12,
            "eps_growth_yearly": 118.03
        },
        "20112": {
            "year_quarter": 20112,
            "year": 2011,
            "quarter": 2,
            "eps": 0.53,
            "eps_growth_year": -27.29,
            "eps_4q": 2.07,
            "eps_4q_growth_year": -1.23,
            "roe": 3.58,
            "roe_4q": 13.16,
            "gross_profit": 27905492,
            "gross_margin": 29.53,
            "gross_margin_4q_avg": 28.93,
            "net_income": 4008704,
            "net_income_4q": null,
            "revenue": 94511821,
            "revenue_4q": null,
            "common_shares": 42871402,
            "book_valuer_per_share": 15.86,
            "book_valuer_per_share_4q_avg": 16.36,
            "equity": 109439465,
            "current_ratio": 98.53,
            "debt_ratio": 64.21,
            "inventory_turnover_ratio": 2.16,
            "account_receivable_turnover_ratio": 5.01,
            "reinvestment_rate": 408.22,
            "research_to_sale_ratio": 0.19,
            "price_fair": 82.1,
            "eps_avg_yearly": 2.35,
            "eps_latest_yearly": 2.12,
            "eps_growth_yearly": 123.09
        },
        "20113": {
            "year_quarter": 20113,
            "year": 2011,
            "quarter": 3,
            "eps": 0.67,
            "eps_growth_year": -21.98,
            "eps_4q": 1.93,
            "eps_4q_growth_year": -21.73,
            "roe": 4,
            "roe_4q": 12.01,
            "gross_profit": 29209851,
            "gross_margin": 30.68,
            "gross_margin_4q_avg": 29.06,
            "net_income": 4514425,
            "net_income_4q": null,
            "revenue": 95211929,
            "revenue_4q": null,
            "common_shares": 45443686,
            "book_valuer_per_share": 15.8,
            "book_valuer_per_share_4q_avg": 16.13,
            "equity": 116002291,
            "current_ratio": 99.62,
            "debt_ratio": 62.86,
            "inventory_turnover_ratio": 2.07,
            "account_receivable_turnover_ratio": 4.76,
            "reinvestment_rate": 420.24,
            "research_to_sale_ratio": 0.2,
            "price_fair": 81.7,
            "eps_avg_yearly": 2.33,
            "eps_latest_yearly": 2.68,
            "eps_growth_yearly": 128
        },
        "20114": {
            "year_quarter": 20114,
            "year": 2011,
            "quarter": 4,
            "eps": 0.38,
            "eps_growth_year": 58.52,
            "eps_4q": 2.08,
            "eps_4q_growth_year": -18.45,
            "roe": 2.18,
            "roe_4q": 12.969999999999999,
            "gross_profit": 25757814,
            "gross_margin": 24.19,
            "gross_margin_4q_avg": 28.57,
            "net_income": 2557851,
            "net_income_4q": null,
            "revenue": 106473642,
            "revenue_4q": null,
            "common_shares": 45443686,
            "book_valuer_per_share": 16.14,
            "book_valuer_per_share_4q_avg": 16.09,
            "equity": 118999474,
            "current_ratio": 105.22,
            "debt_ratio": 62.91,
            "inventory_turnover_ratio": 2.4,
            "account_receivable_turnover_ratio": 4.78,
            "reinvestment_rate": 186.26,
            "research_to_sale_ratio": 0.17,
            "price_fair": 75.7,
            "eps_avg_yearly": 2.16,
            "eps_latest_yearly": 1.52,
            "eps_growth_yearly": 104.77
        },
        "20121": {
            "year_quarter": 20121,
            "year": 2012,
            "quarter": 1,
            "eps": 0.67,
            "eps_growth_year": 26.42,
            "eps_4q": 2.25,
            "eps_4q_growth_year": -4.8,
            "roe": 3.7,
            "roe_4q": 13.46,
            "gross_profit": 30411952,
            "gross_margin": 29.69,
            "gross_margin_4q_avg": 28.52,
            "net_income": 4486300,
            "net_income_4q": null,
            "revenue": 102422845,
            "revenue_4q": null,
            "common_shares": 45443686,
            "book_valuer_per_share": 16.85,
            "book_valuer_per_share_4q_avg": 16.16,
            "equity": 123470490,
            "current_ratio": 103.68,
            "debt_ratio": 62.18,
            "inventory_turnover_ratio": 2.14,
            "account_receivable_turnover_ratio": 4.68,
            "reinvestment_rate": 197.2,
            "research_to_sale_ratio": 0.19,
            "price_fair": 79.1,
            "eps_avg_yearly": 2.26,
            "eps_latest_yearly": 2.68,
            "eps_growth_yearly": 145.52
        },
        "20122": {
            "year_quarter": 20122,
            "year": 2012,
            "quarter": 2,
            "eps": 0.66,
            "eps_growth_year": 24.24,
            "eps_4q": 2.26,
            "eps_4q_growth_year": 9.39,
            "roe": 3.78,
            "roe_4q": 13.66,
            "gross_profit": 32224489,
            "gross_margin": 30.4,
            "gross_margin_4q_avg": 28.74,
            "net_income": 4591162,
            "net_income_4q": null,
            "revenue": 105985313,
            "revenue_4q": null,
            "common_shares": 45443686,
            "book_valuer_per_share": 16.53,
            "book_valuer_per_share_4q_avg": 16.33,
            "equity": 119188262,
            "current_ratio": 100.17,
            "debt_ratio": 65.39,
            "inventory_turnover_ratio": 2.25,
            "account_receivable_turnover_ratio": 4.92,
            "reinvestment_rate": 206.7,
            "research_to_sale_ratio": 0.21,
            "price_fair": 80.6,
            "eps_avg_yearly": 2.3,
            "eps_latest_yearly": 2.64,
            "eps_growth_yearly": 129.51
        },
        "20123": {
            "year_quarter": 20123,
            "year": 2012,
            "quarter": 3,
            "eps": 0.74,
            "eps_growth_year": 10.72,
            "eps_4q": 2.38,
            "eps_4q_growth_year": 23.41,
            "roe": 4.7,
            "roe_4q": 14.36,
            "gross_profit": 35380783,
            "gross_margin": 30.5,
            "gross_margin_4q_avg": 28.7,
            "net_income": 5707496,
            "net_income_4q": null,
            "revenue": 116006624,
            "revenue_4q": null,
            "common_shares": 48624744,
            "book_valuer_per_share": 16.09,
            "book_valuer_per_share_4q_avg": 16.4,
            "equity": 123937782,
            "current_ratio": 99.37,
            "debt_ratio": 63.56,
            "inventory_turnover_ratio": 2.45,
            "account_receivable_turnover_ratio": 4.94,
            "reinvestment_rate": 204.03,
            "research_to_sale_ratio": 0.19,
            "price_fair": 82.8,
            "eps_avg_yearly": 2.37,
            "eps_latest_yearly": 2.96,
            "eps_growth_yearly": 132.42
        },
        "20124": {
            "year_quarter": 20124,
            "year": 2012,
            "quarter": 4,
            "eps": 0.52,
            "eps_growth_year": 39.7,
            "eps_4q": 2.55,
            "eps_4q_growth_year": 22.74,
            "roe": 2.9,
            "roe_4q": 15.079999999999998,
            "gross_profit": 29452702,
            "gross_margin": 28.57,
            "gross_margin_4q_avg": 29.79,
            "net_income": 3689756,
            "net_income_4q": null,
            "revenue": 103100564,
            "revenue_4q": null,
            "common_shares": 48624744,
            "book_valuer_per_share": 16.99,
            "book_valuer_per_share_4q_avg": 16.62,
            "equity": 130787521,
            "current_ratio": 104.63,
            "debt_ratio": 61.38,
            "inventory_turnover_ratio": 2.19,
            "account_receivable_turnover_ratio": 4.31,
            "reinvestment_rate": 196.82,
            "research_to_sale_ratio": 0.14,
            "price_fair": 82.13,
            "eps_avg_yearly": 2.35,
            "eps_latest_yearly": 2.08,
            "eps_growth_yearly": 115.66
        },
        "20131": {
            "year_quarter": 20131,
            "year": 2013,
            "quarter": 1,
            "eps": 0.75,
            "eps_growth_year": 11.94,
            "eps_4q": 2.68,
            "eps_4q_growth_year": 19.21,
            "roe": 4.33,
            "roe_4q": 15.709999999999999,
            "gross_profit": 32806645,
            "gross_margin": 31.35,
            "gross_margin_4q_avg": 30.21,
            "net_income": 5739800,
            "net_income_4q": null,
            "revenue": 104634790,
            "revenue_4q": null,
            "common_shares": 48624744,
            "book_valuer_per_share": 17.36,
            "book_valuer_per_share_4q_avg": 16.74,
            "equity": 134088024,
            "current_ratio": 106.41,
            "debt_ratio": 62.03,
            "inventory_turnover_ratio": 2.12,
            "account_receivable_turnover_ratio": 4.88,
            "reinvestment_rate": 170.83,
            "research_to_sale_ratio": 0.21,
            "price_fair": 83.56,
            "eps_avg_yearly": 2.39,
            "eps_latest_yearly": 3,
            "eps_growth_yearly": 119.49
        },
        "20132": {
            "year_quarter": 20132,
            "year": 2013,
            "quarter": 2,
            "eps": 0.59,
            "eps_growth_year": -10.41,
            "eps_4q": 2.46,
            "eps_4q_growth_year": 8.77,
            "roe": 3.89,
            "roe_4q": 15.82,
            "gross_profit": 33539083,
            "gross_margin": 31.48,
            "gross_margin_4q_avg": 30.48,
            "net_income": 5108511,
            "net_income_4q": null,
            "revenue": 106544867,
            "revenue_4q": null,
            "common_shares": 48624744,
            "book_valuer_per_share": 16.48,
            "book_valuer_per_share_4q_avg": 16.73,
            "equity": 128253637,
            "current_ratio": 98.86,
            "debt_ratio": 65.22,
            "inventory_turnover_ratio": 2.12,
            "account_receivable_turnover_ratio": 5.13,
            "reinvestment_rate": 185.24,
            "research_to_sale_ratio": 0.21,
            "price_fair": 81.9,
            "eps_avg_yearly": 2.34,
            "eps_latest_yearly": 2.36,
            "eps_growth_yearly": 103.7
        },
        "20133": {
            "year_quarter": 20133,
            "year": 2013,
            "quarter": 3,
            "eps": 0.87,
            "eps_growth_year": 16.79,
            "eps_4q": 2.62,
            "eps_4q_growth_year": 10.3,
            "roe": 5,
            "roe_4q": 16.12,
            "gross_profit": 35275201,
            "gross_margin": 30.85,
            "gross_margin_4q_avg": 30.56,
            "net_income": 6519034,
            "net_income_4q": null,
            "revenue": 114348014,
            "revenue_4q": null,
            "common_shares": 51542229,
            "book_valuer_per_share": 16.12,
            "book_valuer_per_share_4q_avg": 16.74,
            "equity": 132521851,
            "current_ratio": 99.63,
            "debt_ratio": 63.77,
            "inventory_turnover_ratio": 2.26,
            "account_receivable_turnover_ratio": 5.2,
            "reinvestment_rate": 180.16,
            "research_to_sale_ratio": 0.21,
            "price_fair": 84.79,
            "eps_avg_yearly": 2.42,
            "eps_latest_yearly": 3.48,
            "eps_growth_yearly": 123.26
        },
        "20134": {
            "year_quarter": 20134,
            "year": 2013,
            "quarter": 4,
            "eps": 0.35,
            "eps_growth_year": -33.92,
            "eps_4q": 2.47,
            "eps_4q_growth_year": -3.03,
            "roe": 2.49,
            "roe_4q": 15.71,
            "gross_profit": 29236543,
            "gross_margin": 29.98,
            "gross_margin_4q_avg": 30.92,
            "net_income": 3362223,
            "net_income_4q": null,
            "revenue": 97528540,
            "revenue_4q": null,
            "common_shares": 51542229,
            "book_valuer_per_share": 16.73,
            "book_valuer_per_share_4q_avg": 16.67,
            "equity": 138066611,
            "current_ratio": 99.65,
            "debt_ratio": 62.71,
            "inventory_turnover_ratio": 1.92,
            "account_receivable_turnover_ratio": 4.66,
            "reinvestment_rate": 91.12,
            "research_to_sale_ratio": 0.28,
            "price_fair": 86.45,
            "eps_avg_yearly": 2.47,
            "eps_latest_yearly": 1.4,
            "eps_growth_yearly": 125.91
        },
        "20141": {
            "year_quarter": 20141,
            "year": 2014,
            "quarter": 1,
            "eps": 0.81,
            "eps_growth_year": 8,
            "eps_4q": 2.58,
            "eps_4q_growth_year": -3.78,
            "roe": 4.64,
            "roe_4q": 16.02,
            "gross_profit": 34149841,
            "gross_margin": 31.44,
            "gross_margin_4q_avg": 30.94,
            "net_income": 6536262,
            "net_income_4q": null,
            "revenue": 108631630,
            "revenue_4q": null,
            "common_shares": 51542229,
            "book_valuer_per_share": 17.51,
            "book_valuer_per_share_4q_avg": 16.71,
            "equity": 143862748,
            "current_ratio": 98.48,
            "debt_ratio": 62.28,
            "inventory_turnover_ratio": 2.13,
            "account_receivable_turnover_ratio": 5.44,
            "reinvestment_rate": 94.66,
            "research_to_sale_ratio": 0.22,
            "price_fair": 86.63,
            "eps_avg_yearly": 2.48,
            "eps_latest_yearly": 3.24,
            "eps_growth_yearly": 60.33
        },
        "20142": {
            "year_quarter": 20142,
            "year": 2014,
            "quarter": 2,
            "eps": 0.6,
            "eps_growth_year": 1.69,
            "eps_4q": 2.47,
            "eps_4q_growth_year": 0.49,
            "roe": 3.45,
            "roe_4q": 15.58,
            "gross_profit": 34082310,
            "gross_margin": 32.21,
            "gross_margin_4q_avg": 31.12,
            "net_income": 4868196,
            "net_income_4q": null,
            "revenue": 105823040,
            "revenue_4q": null,
            "common_shares": 51542229,
            "book_valuer_per_share": 16.4,
            "book_valuer_per_share_4q_avg": 16.69,
            "equity": 137970983,
            "current_ratio": 94.64,
            "debt_ratio": 64.77,
            "inventory_turnover_ratio": 2.13,
            "account_receivable_turnover_ratio": 5.13,
            "reinvestment_rate": 99.52,
            "research_to_sale_ratio": 0.27,
            "price_fair": 85.49,
            "eps_avg_yearly": 2.44,
            "eps_latest_yearly": 2.4,
            "eps_growth_yearly": 55.75
        },
        "20143": {
            "year_quarter": 20143,
            "year": 2014,
            "quarter": 3,
            "eps": 0.35,
            "eps_growth_year": -59.77,
            "eps_4q": 2.01,
            "eps_4q_growth_year": -23.34,
            "roe": 2.52,
            "roe_4q": 13.1,
            "gross_profit": 35637287,
            "gross_margin": 31.59,
            "gross_margin_4q_avg": 31.31,
            "net_income": 3541025,
            "net_income_4q": null,
            "revenue": 112818727,
            "revenue_4q": null,
            "common_shares": 54634763,
            "book_valuer_per_share": 16.08,
            "book_valuer_per_share_4q_avg": 16.68,
            "equity": 143356633,
            "current_ratio": 95.29,
            "debt_ratio": 63.71,
            "inventory_turnover_ratio": 2.29,
            "account_receivable_turnover_ratio": 5.19,
            "reinvestment_rate": 108.34,
            "research_to_sale_ratio": 0.24,
            "price_fair": 81.03,
            "eps_avg_yearly": 2.32,
            "eps_latest_yearly": 1.4,
            "eps_growth_yearly": 40.88
        },
        "20144": {
            "year_quarter": 20144,
            "year": 2014,
            "quarter": 4,
            "eps": 0.35,
            "eps_growth_year": 1.6,
            "eps_4q": 2.04,
            "eps_4q_growth_year": -17.72,
            "roe": 1.89,
            "roe_4q": 12.5,
            "gross_profit": 28129560,
            "gross_margin": 28.73,
            "gross_margin_4q_avg": 30.99,
            "net_income": 2767698,
            "net_income_4q": null,
            "revenue": 97913785,
            "revenue_4q": null,
            "common_shares": 54634763,
            "book_valuer_per_share": 16.84,
            "book_valuer_per_share_4q_avg": 16.71,
            "equity": 149601543,
            "current_ratio": 95.77,
            "debt_ratio": 62.58,
            "inventory_turnover_ratio": 2.03,
            "account_receivable_turnover_ratio": 4.75,
            "reinvestment_rate": 126.1,
            "research_to_sale_ratio": 0.24,
            "price_fair": 81.99,
            "eps_avg_yearly": 2.34,
            "eps_latest_yearly": 1.4,
            "eps_growth_yearly": 58.9
        },
        "20151": {
            "year_quarter": 20151,
            "year": 2015,
            "quarter": 1,
            "eps": 0.79,
            "eps_growth_year": -2.47,
            "eps_4q": 2.06,
            "eps_4q_growth_year": -19.98,
            "roe": 4.33,
            "roe_4q": 12.190000000000001,
            "gross_profit": 34537382,
            "gross_margin": 32.91,
            "gross_margin_4q_avg": 31.36,
            "net_income": 6616277,
            "net_income_4q": null,
            "revenue": 104940238,
            "revenue_4q": null,
            "common_shares": 54634763,
            "book_valuer_per_share": 17.52,
            "book_valuer_per_share_4q_avg": 16.71,
            "equity": 156130138,
            "current_ratio": 97.96,
            "debt_ratio": 61.71,
            "inventory_turnover_ratio": 2.08,
            "account_receivable_turnover_ratio": 5.55,
            "reinvestment_rate": 122.48,
            "research_to_sale_ratio": 0.22,
            "price_fair": 84.26,
            "eps_avg_yearly": 2.41,
            "eps_latest_yearly": 3.16,
            "eps_growth_yearly": 60.12
        },
        "20152": {
            "year_quarter": 20152,
            "year": 2015,
            "quarter": 2,
            "eps": 0.81,
            "eps_growth_year": 35,
            "eps_4q": 2.22,
            "eps_4q_growth_year": -10.36,
            "roe": 4.56,
            "roe_4q": 13.3,
            "gross_profit": 35927951,
            "gross_margin": 34.21,
            "gross_margin_4q_avg": 31.86,
            "net_income": 6919546,
            "net_income_4q": null,
            "revenue": 105025069,
            "revenue_4q": null,
            "common_shares": 54634763,
            "book_valuer_per_share": 16.66,
            "book_valuer_per_share_4q_avg": 16.78,
            "equity": 147658166,
            "current_ratio": 91.9,
            "debt_ratio": 64.03,
            "inventory_turnover_ratio": 2.14,
            "account_receivable_turnover_ratio": 5.37,
            "reinvestment_rate": 99.74,
            "research_to_sale_ratio": 0.24,
            "price_fair": 86.71,
            "eps_avg_yearly": 2.48,
            "eps_latest_yearly": 3.24,
            "eps_growth_yearly": 60.75
        },
        "20153": {
            "year_quarter": 20153,
            "year": 2015,
            "quarter": 3,
            "eps": 0.68,
            "eps_growth_year": 94.29,
            "eps_4q": 2.55,
            "eps_4q_growth_year": 26.98,
            "roe": 3.82,
            "roe_4q": 14.6,
            "gross_profit": 37328044,
            "gross_margin": 33.73,
            "gross_margin_4q_avg": 32.4,
            "net_income": 5821839,
            "net_income_4q": null,
            "revenue": 110670088,
            "revenue_4q": null,
            "common_shares": 56820154,
            "book_valuer_per_share": 17.07,
            "book_valuer_per_share_4q_avg": 17.02,
            "equity": 156803828,
            "current_ratio": 90.37,
            "debt_ratio": 61.18,
            "inventory_turnover_ratio": 2.32,
            "account_receivable_turnover_ratio": 5.25,
            "reinvestment_rate": 95.14,
            "research_to_sale_ratio": 0.22,
            "price_fair": 86.8,
            "eps_avg_yearly": 2.48,
            "eps_latest_yearly": 2.72,
            "eps_growth_yearly": 50.14
        },
        "20154": {
            "year_quarter": 20154,
            "year": 2015,
            "quarter": 4,
            "eps": 0.27,
            "eps_growth_year": -23.81,
            "eps_4q": 2.48,
            "eps_4q_growth_year": 21.96,
            "roe": 1.43,
            "roe_4q": 14.139999999999999,
            "gross_profit": 30128919,
            "gross_margin": 31.54,
            "gross_margin_4q_avg": 33.1,
            "net_income": 2235503,
            "net_income_4q": null,
            "revenue": 95515928,
            "revenue_4q": null,
            "common_shares": 56820154,
            "book_valuer_per_share": 16.95,
            "book_valuer_per_share_4q_avg": 17.05,
            "equity": 155689737,
            "current_ratio": 92.06,
            "debt_ratio": 60.98,
            "inventory_turnover_ratio": 1.98,
            "account_receivable_turnover_ratio": 4.81,
            "reinvestment_rate": 81.49,
            "research_to_sale_ratio": 0.27,
            "price_fair": 85.84,
            "eps_avg_yearly": 2.45,
            "eps_latest_yearly": 1.08,
            "eps_growth_yearly": 45.88
        },
        "20161": {
            "year_quarter": 20161,
            "year": 2016,
            "quarter": 1,
            "eps": 0.76,
            "eps_growth_year": -3.8,
            "eps_4q": 2.49,
            "eps_4q_growth_year": 20.84,
            "roe": 4.03,
            "roe_4q": 13.84,
            "gross_profit": 36522564,
            "gross_margin": 34.24,
            "gross_margin_4q_avg": 33.43,
            "net_income": 6398071,
            "net_income_4q": null,
            "revenue": 106667516,
            "revenue_4q": null,
            "common_shares": 56820154,
            "book_valuer_per_share": 17.64,
            "book_valuer_per_share_4q_avg": 17.08,
            "equity": 161462195,
            "current_ratio": 93.87,
            "debt_ratio": 59.27,
            "inventory_turnover_ratio": 2.18,
            "account_receivable_turnover_ratio": 6.05,
            "reinvestment_rate": 72.71,
            "research_to_sale_ratio": 0.22,
            "price_fair": 86.63,
            "eps_avg_yearly": 2.48,
            "eps_latest_yearly": 3.04,
            "eps_growth_yearly": 72.18
        },
        "20162": {
            "year_quarter": 20162,
            "year": 2016,
            "quarter": 2,
            "eps": 0.84,
            "eps_growth_year": 3.7,
            "eps_4q": 2.55,
            "eps_4q_growth_year": 15.01,
            "roe": 4.63,
            "roe_4q": 13.91,
            "gross_profit": 36304557,
            "gross_margin": 34.62,
            "gross_margin_4q_avg": 33.53,
            "net_income": 7178712,
            "net_income_4q": null,
            "revenue": 104854989,
            "revenue_4q": null,
            "common_shares": 56820154,
            "book_valuer_per_share": 16.14,
            "book_valuer_per_share_4q_avg": 16.95,
            "equity": 148388255,
            "current_ratio": 92.46,
            "debt_ratio": 62.51,
            "inventory_turnover_ratio": 2.31,
            "account_receivable_turnover_ratio": 5.8,
            "reinvestment_rate": 44.75,
            "research_to_sale_ratio": 0.25,
            "price_fair": 88.2,
            "eps_avg_yearly": 2.52,
            "eps_latest_yearly": 3.36,
            "eps_growth_yearly": 75.18
        },
        "20163": {
            "year_quarter": 20163,
            "year": 2016,
            "quarter": 3,
            "eps": 0.73,
            "eps_growth_year": 7.35,
            "eps_4q": 2.6,
            "eps_4q_growth_year": 1.78,
            "roe": 4.17,
            "roe_4q": 14.260000000000002,
            "gross_profit": 35471045,
            "gross_margin": 33.02,
            "gross_margin_4q_avg": 33.36,
            "net_income": 6250390,
            "net_income_4q": null,
            "revenue": 107425651,
            "revenue_4q": null,
            "common_shares": 56820154,
            "book_valuer_per_share": 16.53,
            "book_valuer_per_share_4q_avg": 16.82,
            "equity": 151491180,
            "current_ratio": 95.23,
            "debt_ratio": 59.93,
            "inventory_turnover_ratio": 2.42,
            "account_receivable_turnover_ratio": 5.51,
            "reinvestment_rate": 34.75,
            "research_to_sale_ratio": 0.23,
            "price_fair": 88.11,
            "eps_avg_yearly": 2.52,
            "eps_latest_yearly": 2.92,
            "eps_growth_yearly": 68.88
        },
        "20164": {
            "year_quarter": 20164,
            "year": 2016,
            "quarter": 4,
            "eps": 0.23,
            "eps_growth_year": -15.62,
            "eps_4q": 2.56,
            "eps_4q_growth_year": 2.97,
            "roe": 2.53,
            "roe_4q": 15.36,
            "gross_profit": 29351931,
            "gross_margin": 31.09,
            "gross_margin_4q_avg": 33.24,
            "net_income": 3848263,
            "net_income_4q": null,
            "revenue": 94416159,
            "revenue_4q": null,
            "common_shares": 56820154,
            "book_valuer_per_share": 16.61,
            "book_valuer_per_share_4q_avg": 16.73,
            "equity": 152700266,
            "current_ratio": 99.16,
            "debt_ratio": 59.67,
            "inventory_turnover_ratio": 2.15,
            "account_receivable_turnover_ratio": 5.08,
            "reinvestment_rate": 19.09,
            "research_to_sale_ratio": 0.25,
            "price_fair": 85.58,
            "eps_avg_yearly": 2.45,
            "eps_latest_yearly": 0.92,
            "eps_growth_yearly": 59.19
        },
        "20171": {
            "year_quarter": 20171,
            "year": 2017,
            "quarter": 1,
            "eps": 0.79,
            "eps_growth_year": 3.95,
            "eps_4q": 2.58,
            "eps_4q_growth_year": 3.54,
            "roe": 4.42,
            "roe_4q": 15.75,
            "gross_profit": 32068573,
            "gross_margin": 33.36,
            "gross_margin_4q_avg": 33.02,
            "net_income": 6796384,
            "net_income_4q": null,
            "revenue": 96114609,
            "revenue_4q": null,
            "common_shares": 56820154,
            "book_valuer_per_share": 16.84,
            "book_valuer_per_share_4q_avg": 16.53,
            "equity": 154656827,
            "current_ratio": 95.08,
            "debt_ratio": 56.31,
            "inventory_turnover_ratio": 2.09,
            "account_receivable_turnover_ratio": 5.96,
            "reinvestment_rate": 22.44,
            "research_to_sale_ratio": 0.23,
            "price_fair": 85.93,
            "eps_avg_yearly": 2.46,
            "eps_latest_yearly": 3.16,
            "eps_growth_yearly": 109
        },
        "20172": {
            "year_quarter": 20172,
            "year": 2017,
            "quarter": 2,
            "eps": 0.83,
            "eps_growth_year": -1.19,
            "eps_4q": 2.57,
            "eps_4q_growth_year": 0.81,
            "roe": 4.76,
            "roe_4q": 15.879999999999999,
            "gross_profit": 33279696,
            "gross_margin": 33.25,
            "gross_margin_4q_avg": 32.68,
            "net_income": 7143660,
            "net_income_4q": null,
            "revenue": 100103678,
            "revenue_4q": null,
            "common_shares": 56820154,
            "book_valuer_per_share": 15.75,
            "book_valuer_per_share_4q_avg": 16.43,
            "equity": 145284831,
            "current_ratio": 99.05,
            "debt_ratio": 60.67,
            "inventory_turnover_ratio": 2.13,
            "account_receivable_turnover_ratio": 6.16,
            "reinvestment_rate": 11.74,
            "research_to_sale_ratio": 0.24,
            "price_fair": 88.03,
            "eps_avg_yearly": 2.52,
            "eps_latest_yearly": 3.32,
            "eps_growth_yearly": 115.6
        },
        "20173": {
            "year_quarter": 20173,
            "year": 2017,
            "quarter": 3,
            "eps": 1.01,
            "eps_growth_year": 38.36,
            "eps_4q": 2.85,
            "eps_4q_growth_year": 9.55,
            "roe": 5.67,
            "roe_4q": 17.38,
            "gross_profit": 37427116,
            "gross_margin": 34.39,
            "gross_margin_4q_avg": 33.02,
            "net_income": 8507839,
            "net_income_4q": null,
            "revenue": 108818851,
            "revenue_4q": null,
            "common_shares": 56820154,
            "book_valuer_per_share": 16.87,
            "book_valuer_per_share_4q_avg": 16.52,
            "equity": 154845374,
            "current_ratio": 97.77,
            "debt_ratio": 56.96,
            "inventory_turnover_ratio": 2.24,
            "account_receivable_turnover_ratio": 6.22,
            "reinvestment_rate": 3.74,
            "research_to_sale_ratio": 0.23,
            "price_fair": 89.25,
            "eps_avg_yearly": 2.55,
            "eps_latest_yearly": 4.04,
            "eps_growth_yearly": 109.15
        },
        "20174": {
            "year_quarter": 20174,
            "year": 2017,
            "quarter": 4,
            "eps": 4.39,
            "eps_growth_year": 1838.85,
            "eps_4q": 7.01,
            "eps_4q_growth_year": 174.29,
            "roe": 21.68,
            "roe_4q": 36.53,
            "gross_profit": 29965286,
            "gross_margin": 31.6,
            "gross_margin_4q_avg": 33.15,
            "net_income": 37517204,
            "net_income_4q": null,
            "revenue": 94823815,
            "revenue_4q": null,
            "common_shares": 56820154,
            "book_valuer_per_share": 21.13,
            "book_valuer_per_share_4q_avg": 17.65,
            "equity": 191300194,
            "current_ratio": 124.75,
            "debt_ratio": 53.87,
            "inventory_turnover_ratio": 2.04,
            "account_receivable_turnover_ratio": 5.46,
            "reinvestment_rate": -6.27,
            "research_to_sale_ratio": 0.28,
            "price_fair": 124.6,
            "eps_avg_yearly": 3.56,
            "eps_latest_yearly": 17.56,
            "eps_growth_yearly": 207.76
        },
        "20181": {
            "year_quarter": 20181,
            "year": 2018,
            "quarter": 1,
            "eps": 0.75,
            "eps_growth_year": -5.06,
            "eps_4q": 6.98,
            "eps_4q_growth_year": 170.7,
            "roe": 3.35,
            "roe_4q": 35.46,
            "gross_profit": 35429055,
            "gross_margin": 33.97,
            "gross_margin_4q_avg": 33.3,
            "net_income": 6531262,
            "net_income_4q": null,
            "revenue": 104288097,
            "revenue_4q": null,
            "common_shares": 56820154,
            "book_valuer_per_share": 21.93,
            "book_valuer_per_share_4q_avg": 18.92,
            "equity": 198409959,
            "current_ratio": 120.25,
            "debt_ratio": 51.85,
            "inventory_turnover_ratio": 2.18,
            "account_receivable_turnover_ratio": 6.15,
            "reinvestment_rate": -18.83,
            "research_to_sale_ratio": 0.19,
            "price_fair": 124.08,
            "eps_avg_yearly": 3.55,
            "eps_latest_yearly": 3,
            "eps_growth_yearly": 154.17
        },
        "20182": {
            "year_quarter": 20182,
            "year": 2018,
            "quarter": 2,
            "eps": 0.97,
            "eps_growth_year": 16.87,
            "eps_4q": 7.12,
            "eps_4q_growth_year": 177,
            "roe": 4.82,
            "roe_4q": 35.52,
            "gross_profit": 37762265,
            "gross_margin": 34.22,
            "gross_margin_4q_avg": 33.55,
            "net_income": 8649353,
            "net_income_4q": null,
            "revenue": 110357679,
            "revenue_4q": null,
            "common_shares": 56820154,
            "book_valuer_per_share": 17.63,
            "book_valuer_per_share_4q_avg": 19.39,
            "equity": 160846918,
            "current_ratio": 98.04,
            "debt_ratio": 61.5,
            "inventory_turnover_ratio": 2.3,
            "account_receivable_turnover_ratio": 6.22,
            "reinvestment_rate": -24.44,
            "research_to_sale_ratio": 0.23,
            "price_fair": 127.31,
            "eps_avg_yearly": 3.64,
            "eps_latest_yearly": 3.88,
            "eps_growth_yearly": 167.99
        },
        "20183": {
            "year_quarter": 20183,
            "year": 2018,
            "quarter": 3,
            "eps": 0.89,
            "eps_growth_year": -11.88,
            "eps_4q": 7,
            "eps_4q_growth_year": 145.81,
            "roe": 4.56,
            "roe_4q": 34.41,
            "gross_profit": 39428428,
            "gross_margin": 34.1,
            "gross_margin_4q_avg": 33.47,
            "net_income": 7449414,
            "net_income_4q": null,
            "revenue": 115612782,
            "revenue_4q": null,
            "common_shares": 56820154,
            "book_valuer_per_share": 18.22,
            "book_valuer_per_share_4q_avg": 19.73,
            "equity": 165652709,
            "current_ratio": 107.28,
            "debt_ratio": 58.52,
            "inventory_turnover_ratio": 2.37,
            "account_receivable_turnover_ratio": 6.11,
            "reinvestment_rate": -32.24,
            "research_to_sale_ratio": 0.19,
            "price_fair": 132.04,
            "eps_avg_yearly": 3.77,
            "eps_latest_yearly": 3.56,
            "eps_growth_yearly": 176.34
        },
        "20184": {
            "year_quarter": 20184,
            "year": 2018,
            "quarter": 4,
            "eps": 0.46,
            "eps_growth_year": -89.42,
            "eps_4q": 3.07,
            "eps_4q_growth_year": -56.23,
            "roe": 2.57,
            "roe_4q": 15.299999999999999,
            "gross_profit": 32665119,
            "gross_margin": 32.28,
            "gross_margin_4q_avg": 33.64,
            "net_income": 4315144,
            "net_income_4q": null,
            "revenue": 101186962,
            "revenue_4q": null,
            "common_shares": 56820154,
            "book_valuer_per_share": 18.72,
            "book_valuer_per_share_4q_avg": 19.13,
            "equity": 170300834,
            "current_ratio": 117.06,
            "debt_ratio": 58.17,
            "inventory_turnover_ratio": 2.03,
            "account_receivable_turnover_ratio": 5.43,
            "reinvestment_rate": -42.54,
            "research_to_sale_ratio": 0.28,
            "price_fair": 133,
            "eps_avg_yearly": 3.8,
            "eps_latest_yearly": 1.84,
            "eps_growth_yearly": 164.26
        },
        "20191": {
            "year_quarter": 20191,
            "year": 2019,
            "quarter": 1,
            "eps": 0.93,
            "eps_growth_year": 24,
            "eps_4q": 3.24,
            "eps_4q_growth_year": -53.53,
            "roe": 4.43,
            "roe_4q": 16.38,
            "gross_profit": 37102312,
            "gross_margin": 34.42,
            "gross_margin_4q_avg": 33.76,
            "net_income": 7824113,
            "net_income_4q": null,
            "revenue": 107791643,
            "revenue_4q": null,
            "common_shares": 56820154,
            "book_valuer_per_share": 19.97,
            "book_valuer_per_share_4q_avg": 18.64,
            "equity": 182726654,
            "current_ratio": 106.7,
            "debt_ratio": 60.81,
            "inventory_turnover_ratio": 2.03,
            "account_receivable_turnover_ratio": 5.94,
            "reinvestment_rate": -41.18,
            "research_to_sale_ratio": 0.19,
            "price_fair": 134.23,
            "eps_avg_yearly": 3.84,
            "eps_latest_yearly": 3.72,
            "eps_growth_yearly": 158.38
        },
        "20192": {
            "year_quarter": 20192,
            "year": 2019,
            "quarter": 2,
            "eps": 1.02,
            "eps_growth_year": 5.15,
            "eps_4q": 3.29,
            "eps_4q_growth_year": -53.72,
            "roe": 4.88,
            "roe_4q": 16.439999999999998,
            "gross_profit": 40487786,
            "gross_margin": 35.37,
            "gross_margin_4q_avg": 34.04,
            "net_income": 8573714,
            "net_income_4q": null,
            "revenue": 114480012,
            "revenue_4q": null,
            "common_shares": 56820154,
            "book_valuer_per_share": 18.41,
            "book_valuer_per_share_4q_avg": 18.83,
            "equity": 168631962,
            "current_ratio": 103.38,
            "debt_ratio": 64.16,
            "inventory_turnover_ratio": 2.17,
            "account_receivable_turnover_ratio": 6.06,
            "reinvestment_rate": -38.58,
            "research_to_sale_ratio": 0.18,
            "price_fair": 136.06,
            "eps_avg_yearly": 3.89,
            "eps_latest_yearly": 4.08,
            "eps_growth_yearly": 160.17
        },
        "20193": {
            "year_quarter": 20193,
            "year": 2019,
            "quarter": 3,
            "eps": 0.91,
            "eps_growth_year": 2.25,
            "eps_4q": 3.31,
            "eps_4q_growth_year": -52.63,
            "roe": 4.49,
            "roe_4q": 16.37,
            "gross_profit": 42687702,
            "gross_margin": 35.26,
            "gross_margin_4q_avg": 34.33,
            "net_income": 7646656,
            "net_income_4q": null,
            "revenue": 121082100,
            "revenue_4q": null,
            "common_shares": 56820154,
            "book_valuer_per_share": 18.83,
            "book_valuer_per_share_4q_avg": 18.98,
            "equity": 171644628,
            "current_ratio": 106.91,
            "debt_ratio": 63.58,
            "inventory_turnover_ratio": 2.32,
            "account_receivable_turnover_ratio": 6.09,
            "reinvestment_rate": -45.81,
            "research_to_sale_ratio": 0.21,
            "price_fair": 138.08,
            "eps_avg_yearly": 3.95,
            "eps_latest_yearly": 3.64,
            "eps_growth_yearly": 161.48
        },
        "20194": {
            "year_quarter": 20194,
            "year": 2019,
            "quarter": 4,
            "eps": 0.5,
            "eps_growth_year": 6.59,
            "eps_4q": 3.35,
            "eps_4q_growth_year": 8.97,
            "roe": 2.57,
            "roe_4q": 16.37,
            "gross_profit": 33685305,
            "gross_margin": 32.2,
            "gross_margin_4q_avg": 34.31,
            "net_income": 4439071,
            "net_income_4q": null,
            "revenue": 104623948,
            "revenue_4q": null,
            "common_shares": 56820154,
            "book_valuer_per_share": 19.08,
            "book_valuer_per_share_4q_avg": 19.07,
            "equity": 174005305,
            "current_ratio": 106.86,
            "debt_ratio": 63.56,
            "inventory_turnover_ratio": 1.99,
            "account_receivable_turnover_ratio": 5.43,
            "reinvestment_rate": -44.78,
            "research_to_sale_ratio": 0.24,
            "price_fair": 140.09,
            "eps_avg_yearly": 4,
            "eps_latest_yearly": 2,
            "eps_growth_yearly": 165.29
        },
        "20201": {
            "year_quarter": 20201,
            "year": 2020,
            "quarter": 1,
            "eps": 0.79,
            "eps_growth_year": -15.05,
            "eps_4q": 3.2,
            "eps_4q_growth_year": -1.26,
            "roe": 3.76,
            "roe_4q": 15.7,
            "gross_profit": 37121234,
            "gross_margin": 34.28,
            "gross_margin_4q_avg": 34.28,
            "net_income": 6633906,
            "net_income_4q": null,
            "revenue": 108290637,
            "revenue_4q": null,
            "common_shares": 56820154,
            "book_valuer_per_share": 19.67,
            "book_valuer_per_share_4q_avg": 19,
            "equity": 179097942,
            "current_ratio": 109.13,
            "debt_ratio": 62.15,
            "inventory_turnover_ratio": 1.97,
            "account_receivable_turnover_ratio": 6.21,
            "reinvestment_rate": -46.58,
            "research_to_sale_ratio": 0.19,
            "price_fair": 140.35,
            "eps_avg_yearly": 4.01,
            "eps_latest_yearly": 3.16,
            "eps_growth_yearly": 134.42
        },
        "20202": {
            "year_quarter": 20202,
            "year": 2020,
            "quarter": 2,
            "eps": 1.12,
            "eps_growth_year": 9.8,
            "eps_4q": 3.31,
            "eps_4q_growth_year": 0.42,
            "roe": 5.19,
            "roe_4q": 16.009999999999998,
            "gross_profit": 38794550,
            "gross_margin": 35.13,
            "gross_margin_4q_avg": 34.22,
            "net_income": 8918421,
            "net_income_4q": null,
            "revenue": 110446905,
            "revenue_4q": null,
            "common_shares": 56820154,
            "book_valuer_per_share": 18.12,
            "book_valuer_per_share_4q_avg": 18.93,
            "equity": 164739714,
            "current_ratio": 94.03,
            "debt_ratio": 66.21,
            "inventory_turnover_ratio": 2.11,
            "account_receivable_turnover_ratio": 6.44,
            "reinvestment_rate": -39.65,
            "research_to_sale_ratio": 0.18,
            "price_fair": 142.8,
            "eps_avg_yearly": 4.08,
            "eps_latest_yearly": 4.48,
            "eps_growth_yearly": 142.23
        },
        "20203": {
            "year_quarter": 20203,
            "year": 2020,
            "quarter": 3,
            "eps": 1.26,
            "eps_growth_year": 38.46,
            "eps_4q": 3.66,
            "eps_4q_growth_year": 10.51,
            "roe": 5.98,
            "roe_4q": 17.5,
            "gross_profit": 43117596,
            "gross_margin": 35.32,
            "gross_margin_4q_avg": 34.23,
            "net_income": 10179361,
            "net_income_4q": null,
            "revenue": 122074422,
            "revenue_4q": null,
            "common_shares": 56820154,
            "book_valuer_per_share": 19.45,
            "book_valuer_per_share_4q_avg": 19.08,
            "equity": 175528117,
            "current_ratio": 98.98,
            "debt_ratio": 64.28,
            "inventory_turnover_ratio": 2.35,
            "account_receivable_turnover_ratio": 6.47,
            "reinvestment_rate": -33.5,
            "research_to_sale_ratio": 0.21,
            "price_fair": 147.44,
            "eps_avg_yearly": 4.21,
            "eps_latest_yearly": 5.04,
            "eps_growth_yearly": 148.63
        },
        "20204": {
            "year_quarter": 20204,
            "year": 2020,
            "quarter": 4,
            "eps": 0.62,
            "eps_growth_year": 25.91,
            "eps_4q": 3.79,
            "eps_4q_growth_year": 13.34,
            "roe": 2.85,
            "roe_4q": 17.78,
            "gross_profit": 34996876,
            "gross_margin": 32.86,
            "gross_margin_4q_avg": 34.4,
            "net_income": 5068977,
            "net_income_4q": null,
            "revenue": 106508015,
            "revenue_4q": null,
            "common_shares": 56820154,
            "book_valuer_per_share": 20.14,
            "book_valuer_per_share_4q_avg": 19.35,
            "equity": 180598593,
            "current_ratio": 103.52,
            "debt_ratio": 63.54,
            "inventory_turnover_ratio": 1.96,
            "account_receivable_turnover_ratio": 5.63,
            "reinvestment_rate": -27.24,
            "research_to_sale_ratio": 0.22,
            "price_fair": 150.85,
            "eps_avg_yearly": 4.31,
            "eps_latest_yearly": 2.48,
            "eps_growth_yearly": 153.06
        },
        "20211": {
            "year_quarter": 20211,
            "year": 2021,
            "quarter": 1,
            "eps": 0.95,
            "eps_growth_year": 20.25,
            "eps_4q": 3.96,
            "eps_4q_growth_year": 23.51,
            "roe": 4.24,
            "roe_4q": 18.26,
            "gross_profit": 39139935,
            "gross_margin": 33.9,
            "gross_margin_4q_avg": 34.3,
            "net_income": 7798508,
            "net_income_4q": null,
            "revenue": 115462004,
            "revenue_4q": null,
            "common_shares": 56820154,
            "book_valuer_per_share": 21.03,
            "book_valuer_per_share_4q_avg": 19.69,
            "equity": 187529025,
            "current_ratio": 103.17,
            "debt_ratio": 62.42,
            "inventory_turnover_ratio": 1.96,
            "account_receivable_turnover_ratio": 6.45,
            "reinvestment_rate": -21.5,
            "research_to_sale_ratio": 0.21,
            "price_fair": 152.25,
            "eps_avg_yearly": 4.35,
            "eps_latest_yearly": 3.8,
            "eps_growth_yearly": 105.49
        },
        "20212": {
            "year_quarter": 20212,
            "year": 2021,
            "quarter": 2,
            "eps": 0.95,
            "eps_growth_year": -15.18,
            "eps_4q": 3.78,
            "eps_4q_growth_year": 14.34,
            "roe": 4.24,
            "roe_4q": 17.310000000000002,
            "gross_profit": 39755805,
            "gross_margin": 33.88,
            "gross_margin_4q_avg": 33.99,
            "net_income": 7542483,
            "net_income_4q": null,
            "revenue": 117335856,
            "revenue_4q": null,
            "common_shares": 56820154,
            "book_valuer_per_share": 18.97,
            "book_valuer_per_share_4q_avg": 19.9,
            "equity": 168384281,
            "current_ratio": 94.36,
            "debt_ratio": 66.92,
            "inventory_turnover_ratio": 2,
            "account_receivable_turnover_ratio": 6.18,
            "reinvestment_rate": -24.63,
            "research_to_sale_ratio": 0.18,
            "price_fair": 153.3,
            "eps_avg_yearly": 4.38,
            "eps_latest_yearly": 3.8,
            "eps_growth_yearly": 104.23
        },
        "20213": {
            "year_quarter": 20213,
            "year": 2021,
            "quarter": 3,
            "eps": 1.01,
            "eps_growth_year": -19.84,
            "eps_4q": 3.53,
            "eps_4q_growth_year": -3.7,
            "roe": 4.77,
            "roe_4q": 16.1,
            "gross_profit": 40866345,
            "gross_margin": 32.71,
            "gross_margin_4q_avg": 33.34,
            "net_income": 8195299,
            "net_income_4q": null,
            "revenue": 124920576,
            "revenue_4q": null,
            "common_shares": 56820154,
            "book_valuer_per_share": 19.83,
            "book_valuer_per_share_4q_avg": 19.99,
            "equity": 175329627,
            "current_ratio": 102.86,
            "debt_ratio": 65.27,
            "inventory_turnover_ratio": 2.14,
            "account_receivable_turnover_ratio": 5.95,
            "reinvestment_rate": -21.6,
            "research_to_sale_ratio": 0.18,
            "price_fair": 153.3,
            "eps_avg_yearly": 4.38,
            "eps_latest_yearly": 4.04,
            "eps_growth_yearly": 100.39
        },
        "20214": {
            "year_quarter": 20214,
            "year": 2021,
            "quarter": 4,
            "eps": 0.59,
            "eps_growth_year": -4.65,
            "eps_4q": 3.5,
            "eps_4q_growth_year": -7.72,
            "roe": 2.95,
            "roe_4q": 16.200000000000003,
            "gross_profit": 36343789,
            "gross_margin": 31.39,
            "gross_margin_4q_avg": 32.97,
            "net_income": 5260105,
            "net_income_4q": null,
            "revenue": 115783233,
            "revenue_4q": null,
            "common_shares": 56820154,
            "book_valuer_per_share": 20.52,
            "book_valuer_per_share_4q_avg": 20.09,
            "equity": 180993745,
            "current_ratio": 106.48,
            "debt_ratio": 64.79,
            "inventory_turnover_ratio": 1.84,
            "account_receivable_turnover_ratio": 5.4,
            "reinvestment_rate": -25.7,
            "research_to_sale_ratio": 0.22,
            "price_fair": 56,
            "eps_avg_yearly": 3.43,
            "eps_latest_yearly": 2.36,
            "eps_growth_yearly": 6.33
        },
        "20221": {
            "year_quarter": 20221,
            "year": 2022,
            "quarter": 1,
            "eps": 0.75,
            "eps_growth_year": -21.05,
            "eps_4q": 3.29,
            "eps_4q_growth_year": -16.77,
            "roe": 3.45,
            "roe_4q": 15.41,
            "gross_profit": 40531790,
            "gross_margin": 32.63,
            "gross_margin_4q_avg": 32.65,
            "net_income": 6442727,
            "net_income_4q": null,
            "revenue": 124204308,
            "revenue_4q": null,
            "common_shares": 56820154,
            "book_valuer_per_share": 21.87,
            "book_valuer_per_share_4q_avg": 20.3,
            "equity": 192460905,
            "current_ratio": 111.71,
            "debt_ratio": 63.04,
            "inventory_turnover_ratio": 1.86,
            "account_receivable_turnover_ratio": 6.04,
            "reinvestment_rate": -13.09,
            "research_to_sale_ratio": 0.16,
            "price_fair": 120.05,
            "eps_avg_yearly": 3.43,
            "eps_latest_yearly": 3,
            "eps_growth_yearly": 33.83
        },
        "20222": {
            "year_quarter": 20222,
            "year": 2022,
            "quarter": 2,
            "eps": 0.85,
            "eps_growth_year": -10.53,
            "eps_4q": 3.2,
            "eps_4q_growth_year": -15.41,
            "roe": 4.06,
            "roe_4q": 15.23,
            "gross_profit": 41824454,
            "gross_margin": 32.04,
            "gross_margin_4q_avg": 32.19,
            "net_income": 7461948,
            "net_income_4q": null,
            "revenue": 130531027,
            "revenue_4q": null,
            "common_shares": 56820154,
            "book_valuer_per_share": 19.97,
            "book_valuer_per_share_4q_avg": 20.55,
            "equity": 174715802,
            "current_ratio": 103.49,
            "debt_ratio": 67.5,
            "inventory_turnover_ratio": 2.03,
            "account_receivable_turnover_ratio": 6.16,
            "reinvestment_rate": -14.44,
            "research_to_sale_ratio": 0.17,
            "price_fair": 119,
            "eps_avg_yearly": 3.4,
            "eps_latest_yearly": 3.4,
            "eps_growth_yearly": 29.83
        },
        "20223": {
            "year_quarter": 20223,
            "year": 2022,
            "quarter": 3,
            "eps": 0.97,
            "eps_growth_year": -3.96,
            "eps_4q": 3.17,
            "eps_4q_growth_year": -10.24,
            "roe": 4.68,
            "roe_4q": 15.139999999999997,
            "gross_profit": 45322126,
            "gross_margin": 31.97,
            "gross_margin_4q_avg": 32.01,
            "net_income": 8464651,
            "net_income_4q": null,
            "revenue": 141761910,
            "revenue_4q": null,
            "common_shares": 56820154,
            "book_valuer_per_share": 21.57,
            "book_valuer_per_share_4q_avg": 20.98,
            "equity": 187238833,
            "current_ratio": 107.16,
            "debt_ratio": 65.59,
            "inventory_turnover_ratio": 2.16,
            "account_receivable_turnover_ratio": 6.34,
            "reinvestment_rate": -9.23,
            "research_to_sale_ratio": 0.16,
            "price_fair": 119.7,
            "eps_avg_yearly": 3.42,
            "eps_latest_yearly": 3.88,
            "eps_growth_yearly": 35.43
        },
        "20224": {
            "year_quarter": 20224,
            "year": 2022,
            "quarter": 4,
            "eps": 0.45,
            "eps_growth_year": -24.36,
            "eps_4q": 3.02,
            "eps_4q_growth_year": -13.64,
            "roe": 2.19,
            "roe_4q": 14.379999999999999,
            "gross_profit": 39971594,
            "gross_margin": 31.15,
            "gross_margin_4q_avg": 31.95,
            "net_income": 4156591,
            "net_income_4q": null,
            "revenue": 128334419,
            "revenue_4q": null,
            "common_shares": 56820154,
            "book_valuer_per_share": 22.12,
            "book_valuer_per_share_4q_avg": 21.38,
            "equity": 192194954,
            "current_ratio": 111.67,
            "debt_ratio": 65.14,
            "inventory_turnover_ratio": 1.8,
            "account_receivable_turnover_ratio": 5.75,
            "reinvestment_rate": -8.32,
            "research_to_sale_ratio": 0.21,
            "price_fair": 119.61,
            "eps_avg_yearly": 3.42,
            "eps_latest_yearly": 1.8,
            "eps_growth_yearly": 34.1
        },
        "20231": {
            "year_quarter": 20231,
            "year": 2023,
            "quarter": 1,
            "eps": 0.88,
            "eps_growth_year": 17.33,
            "eps_4q": 3.16,
            "eps_4q_growth_year": -4.13,
            "roe": 3.94,
            "roe_4q": 14.869999999999997,
            "gross_profit": 42684248,
            "gross_margin": 32.48,
            "gross_margin_4q_avg": 31.91,
            "net_income": 7707539,
            "net_income_4q": null,
            "revenue": 131403552,
            "revenue_4q": null,
            "common_shares": 56820154,
            "book_valuer_per_share": 22.93,
            "book_valuer_per_share_4q_avg": 21.65,
            "equity": 198951262,
            "current_ratio": 111.81,
            "debt_ratio": 63.66,
            "inventory_turnover_ratio": 1.77,
            "account_receivable_turnover_ratio": 6.28,
            "reinvestment_rate": -7.4,
            "research_to_sale_ratio": 0.18,
            "price_fair": 119.18,
            "eps_avg_yearly": 3.41,
            "eps_latest_yearly": 3.52,
            "eps_growth_yearly": 32.45
        },
        "20232": {
            "year_quarter": 20232,
            "year": 2023,
            "quarter": 2,
            "eps": 1.09,
            "eps_growth_year": 28.24,
            "eps_4q": 3.39,
            "eps_4q_growth_year": 6.09,
            "roe": 5.52,
            "roe_4q": 16.33,
            "gross_profit": 45624225,
            "gross_margin": 33.21,
            "gross_margin_4q_avg": 32.2,
            "net_income": 10560295,
            "net_income_4q": null,
            "revenue": 137398498,
            "revenue_4q": null,
            "common_shares": 56820154,
            "book_valuer_per_share": 20.78,
            "book_valuer_per_share_4q_avg": 21.85,
            "equity": 184012304,
            "current_ratio": 87.83,
            "debt_ratio": 71.5,
            "inventory_turnover_ratio": 1.84,
            "account_receivable_turnover_ratio": 6.76,
            "reinvestment_rate": 19.56,
            "research_to_sale_ratio": 0.19,
            "price_fair": 119.79,
            "eps_avg_yearly": 3.42,
            "eps_latest_yearly": 4.36,
            "eps_growth_yearly": 35.99
        },
        "20233": {
            "year_quarter": 20233,
            "year": 2023,
            "quarter": 3,
            "eps": 0.98,
            "eps_growth_year": 1.03,
            "eps_4q": 3.4,
            "eps_4q_growth_year": 7.44,
            "roe": 4.44,
            "roe_4q": 16.09,
            "gross_profit": 53383358,
            "gross_margin": 32.34,
            "gross_margin_4q_avg": 32.3,
            "net_income": 8442042,
            "net_income_4q": null,
            "revenue": 165046296,
            "revenue_4q": null,
            "common_shares": 56820154,
            "book_valuer_per_share": 22.31,
            "book_valuer_per_share_4q_avg": 22.04,
            "equity": 196651802,
            "current_ratio": 91.81,
            "debt_ratio": 70.43,
            "inventory_turnover_ratio": 2.12,
            "account_receivable_turnover_ratio": 7.4,
            "reinvestment_rate": 26.04,
            "research_to_sale_ratio": 0.15,
            "price_fair": 120.4,
            "eps_avg_yearly": 3.44,
            "eps_latest_yearly": 3.92,
            "eps_growth_yearly": 36.17
        },
        "20234": {
            "year_quarter": 20234,
            "year": 2023,
            "quarter": 4,
            "eps": 0.27,
            "eps_growth_year": -38.86,
            "eps_4q": 3.23,
            "eps_4q_growth_year": 6.8,
            "roe": 1.83,
            "roe_4q": 15.729999999999999,
            "gross_profit": 46121867,
            "gross_margin": 31.32,
            "gross_margin_4q_avg": 32.34,
            "net_income": 3576273,
            "net_income_4q": null,
            "revenue": 147254589,
            "revenue_4q": null,
            "common_shares": 56820154,
            "book_valuer_per_share": 21.98,
            "book_valuer_per_share_4q_avg": 22,
            "equity": 195214328,
            "current_ratio": 97.09,
            "debt_ratio": 70.68,
            "inventory_turnover_ratio": 1.83,
            "account_receivable_turnover_ratio": 6.62,
            "reinvestment_rate": 29.83,
            "research_to_sale_ratio": 0.19,
            "price_fair": 118.39,
            "eps_avg_yearly": 3.38,
            "eps_latest_yearly": 1.08,
            "eps_growth_yearly": 29.32
        }
    },
    "months": {
        "2001-06": {
            "month": "2001-06",
            "price": "15.15",
            "revenue": 2947509
        },
        "2001-07": {
            "month": "2001-07",
            "price": "13.65",
            "revenue": 3014131
        },
        "2001-08": {
            "month": "2001-08",
            "price": "13.16",
            "revenue": 3451589
        },
        "2001-09": {
            "month": "2001-09",
            "price": "12.65",
            "revenue": 2618670
        },
        "2001-10": {
            "month": "2001-10",
            "price": "10.15",
            "revenue": 2751418
        },
        "2001-11": {
            "month": "2001-11",
            "price": "10.91",
            "revenue": 2637210
        },
        "2001-12": {
            "month": "2001-12",
            "price": "12.24",
            "revenue": 2328777
        },
        "2002-01": {
            "month": "2002-01",
            "price": "12.58",
            "revenue": 2755998
        },
        "2002-02": {
            "month": "2002-02",
            "price": "12.52",
            "revenue": 2230599
        },
        "2002-03": {
            "month": "2002-03",
            "price": "12.95",
            "revenue": 2753598
        },
        "2002-04": {
            "month": "2002-04",
            "price": "13.51",
            "revenue": 2851078
        },
        "2002-05": {
            "month": "2002-05",
            "price": "13.41",
            "revenue": 3041900
        },
        "2002-06": {
            "month": "2002-06",
            "price": "13.15",
            "revenue": 2954347
        },
        "2002-07": {
            "month": "2002-07",
            "price": "12.22",
            "revenue": 3216960
        },
        "2002-08": {
            "month": "2002-08",
            "price": "11.47",
            "revenue": 3454915
        },
        "2002-09": {
            "month": "2002-09",
            "price": "10.15",
            "revenue": 2881920
        },
        "2002-10": {
            "month": "2002-10",
            "price": "10.41",
            "revenue": 3010330
        },
        "2002-11": {
            "month": "2002-11",
            "price": "11.35",
            "revenue": 2925461
        },
        "2002-12": {
            "month": "2002-12",
            "price": "11.40",
            "revenue": 2831448
        },
        "2003-01": {
            "month": "2003-01",
            "price": "12.37",
            "revenue": 3232147
        },
        "2003-02": {
            "month": "2003-02",
            "price": "11.29",
            "revenue": 2383747
        },
        "2003-03": {
            "month": "2003-03",
            "price": "11.30",
            "revenue": 2947048
        },
        "2003-04": {
            "month": "2003-04",
            "price": "10.72",
            "revenue": 3237704
        },
        "2003-05": {
            "month": "2003-05",
            "price": "10.15",
            "revenue": 3195116
        },
        "2003-06": {
            "month": "2003-06",
            "price": "10.80",
            "revenue": 3109756
        },
        "2003-07": {
            "month": "2003-07",
            "price": "11.14",
            "revenue": 3522761
        },
        "2003-08": {
            "month": "2003-08",
            "price": "11.50",
            "revenue": 3523519
        },
        "2003-09": {
            "month": "2003-09",
            "price": "11.72",
            "revenue": 3281964
        },
        "2003-10": {
            "month": "2003-10",
            "price": "12.90",
            "revenue": 3395330
        },
        "2003-11": {
            "month": "2003-11",
            "price": "14.33",
            "revenue": 3026295
        },
        "2003-12": {
            "month": "2003-12",
            "price": "13.88",
            "revenue": 3110494
        },
        "2004-01": {
            "month": "2004-01",
            "price": "15.20",
            "revenue": 3326421
        },
        "2004-02": {
            "month": "2004-02",
            "price": "18.10",
            "revenue": 3058033
        },
        "2004-03": {
            "month": "2004-03",
            "price": "19.51",
            "revenue": 3618508
        },
        "2004-04": {
            "month": "2004-04",
            "price": "17.88",
            "revenue": 3451900
        },
        "2004-05": {
            "month": "2004-05",
            "price": "14.36",
            "revenue": 3304928
        },
        "2004-06": {
            "month": "2004-06",
            "price": "14.35",
            "revenue": 3305295
        },
        "2004-07": {
            "month": "2004-07",
            "price": "14.73",
            "revenue": 4047663
        },
        "2004-08": {
            "month": "2004-08",
            "price": "14.91",
            "revenue": 4093219
        },
        "2004-09": {
            "month": "2004-09",
            "price": "15.56",
            "revenue": 3372532
        },
        "2004-10": {
            "month": "2004-10",
            "price": "15.90",
            "revenue": 3325693
        },
        "2004-11": {
            "month": "2004-11",
            "price": "15.99",
            "revenue": 2978221
        },
        "2004-12": {
            "month": "2004-12",
            "price": "16.23",
            "revenue": 3006381
        },
        "2005-01": {
            "month": "2005-01",
            "price": "15.65",
            "revenue": 3194044
        },
        "2005-02": {
            "month": "2005-02",
            "price": "15.32",
            "revenue": 2454186
        },
        "2005-03": {
            "month": "2005-03",
            "price": "15.23",
            "revenue": 3044984
        },
        "2005-04": {
            "month": "2005-04",
            "price": "14.05",
            "revenue": 3052151
        },
        "2005-05": {
            "month": "2005-05",
            "price": "14.40",
            "revenue": 3400487
        },
        "2005-06": {
            "month": "2005-06",
            "price": "14.75",
            "revenue": 3515635
        },
        "2005-07": {
            "month": "2005-07",
            "price": "14.69",
            "revenue": 4004207
        },
        "2005-08": {
            "month": "2005-08",
            "price": "13.26",
            "revenue": 3905839
        },
        "2005-09": {
            "month": "2005-09",
            "price": "13.07",
            "revenue": 3725531
        },
        "2005-10": {
            "month": "2005-10",
            "price": "13.35",
            "revenue": 3473003
        },
        "2005-11": {
            "month": "2005-11",
            "price": "13.68",
            "revenue": 3291727
        },
        "2005-12": {
            "month": "2005-12",
            "price": "15.07",
            "revenue": 3190157
        },
        "2006-01": {
            "month": "2006-01",
            "price": "16.77",
            "revenue": 3510722
        },
        "2006-02": {
            "month": "2006-02",
            "price": "18.44",
            "revenue": 2723322
        },
        "2006-03": {
            "month": "2006-03",
            "price": "19.73",
            "revenue": 3423001
        },
        "2006-04": {
            "month": "2006-04",
            "price": "21.57",
            "revenue": 3400413
        },
        "2006-05": {
            "month": "2006-05",
            "price": "25.02",
            "revenue": 3542715
        },
        "2006-06": {
            "month": "2006-06",
            "price": "26.09",
            "revenue": 3714489
        },
        "2006-07": {
            "month": "2006-07",
            "price": "25.85",
            "revenue": 4298708
        },
        "2006-08": {
            "month": "2006-08",
            "price": "25.23",
            "revenue": 4001242
        },
        "2006-09": {
            "month": "2006-09",
            "price": "27.50",
            "revenue": 3614483
        },
        "2006-10": {
            "month": "2006-10",
            "price": "30.13",
            "revenue": 3702677
        },
        "2006-11": {
            "month": "2006-11",
            "price": "30.13",
            "revenue": 3731118
        },
        "2006-12": {
            "month": "2006-12",
            "price": "31.51",
            "revenue": 3181758
        },
        "2007-01": {
            "month": "2007-01",
            "price": "30.92",
            "revenue": 3842899
        },
        "2007-02": {
            "month": "2007-02",
            "price": "31.09",
            "revenue": 3265046
        },
        "2007-03": {
            "month": "2007-03",
            "price": "30.45",
            "revenue": 3507557
        },
        "2007-04": {
            "month": "2007-04",
            "price": "32.38",
            "revenue": 3574163
        },
        "2007-05": {
            "month": "2007-05",
            "price": "31.81",
            "revenue": 4078617
        },
        "2007-06": {
            "month": "2007-06",
            "price": "32.14",
            "revenue": 3796523
        },
        "2007-07": {
            "month": "2007-07",
            "price": "35.93",
            "revenue": 4219922
        },
        "2007-08": {
            "month": "2007-08",
            "price": "33.49",
            "revenue": 4736418
        },
        "2007-09": {
            "month": "2007-09",
            "price": "41.75",
            "revenue": 4048828
        },
        "2007-10": {
            "month": "2007-10",
            "price": "49.74",
            "revenue": 3893773
        },
        "2007-11": {
            "month": "2007-11",
            "price": "43.47",
            "revenue": 3621940
        },
        "2007-12": {
            "month": "2007-12",
            "price": "38.82",
            "revenue": 3440254
        },
        "2008-01": {
            "month": "2008-01",
            "price": "42.50",
            "revenue": 4603643
        },
        "2008-02": {
            "month": "2008-02",
            "price": "43.59",
            "revenue": 3525378
        },
        "2008-03": {
            "month": "2008-03",
            "price": "45.08",
            "revenue": 4118381
        },
        "2008-04": {
            "month": "2008-04",
            "price": "44.67",
            "revenue": 4202304
        },
        "2008-05": {
            "month": "2008-05",
            "price": "42.64",
            "revenue": 4465692
        },
        "2008-06": {
            "month": "2008-06",
            "price": "40.45",
            "revenue": 4486304
        },
        "2008-07": {
            "month": "2008-07",
            "price": "39.05",
            "revenue": 4966959
        },
        "2008-08": {
            "month": "2008-08",
            "price": "36.41",
            "revenue": 4547958
        },
        "2008-09": {
            "month": "2008-09",
            "price": "29.32",
            "revenue": 4032133
        },
        "2008-10": {
            "month": "2008-10",
            "price": "28.38",
            "revenue": 3744557
        },
        "2008-11": {
            "month": "2008-11",
            "price": "30.84",
            "revenue": 3500004
        },
        "2008-12": {
            "month": "2008-12",
            "price": "29.48",
            "revenue": 3251462
        },
        "2009-01": {
            "month": "2009-01",
            "price": "27.43",
            "revenue": 3730231
        },
        "2009-02": {
            "month": "2009-02",
            "price": "26.54",
            "revenue": 3049063
        },
        "2009-03": {
            "month": "2009-03",
            "price": "26.48",
            "revenue": 3453020
        },
        "2009-04": {
            "month": "2009-04",
            "price": "31.51",
            "revenue": 3540178
        },
        "2009-05": {
            "month": "2009-05",
            "price": "35.73",
            "revenue": 3615057
        },
        "2009-06": {
            "month": "2009-06",
            "price": "34.22",
            "revenue": 4111732
        },
        "2009-07": {
            "month": "2009-07",
            "price": "34.89",
            "revenue": 4215047
        },
        "2009-08": {
            "month": "2009-08",
            "price": "32.82",
            "revenue": 4468417
        },
        "2009-09": {
            "month": "2009-09",
            "price": "37.28",
            "revenue": 3787176
        },
        "2009-10": {
            "month": "2009-10",
            "price": "37.11",
            "revenue": 3883188
        },
        "2009-11": {
            "month": "2009-11",
            "price": "38.72",
            "revenue": 3497997
        },
        "2009-12": {
            "month": "2009-12",
            "price": "38.90",
            "revenue": 3432965
        },
        "2010-01": {
            "month": "2010-01",
            "price": "36.94",
            "revenue": 3832381
        },
        "2010-02": {
            "month": "2010-02",
            "price": "34.67",
            "revenue": 3226826
        },
        "2010-03": {
            "month": "2010-03",
            "price": "35.69",
            "revenue": 3732515
        },
        "2010-04": {
            "month": "2010-04",
            "price": "36.61",
            "revenue": 3903286
        },
        "2010-05": {
            "month": "2010-05",
            "price": "33.34",
            "revenue": 4066771
        },
        "2010-06": {
            "month": "2010-06",
            "price": "34.25",
            "revenue": 4127597
        },
        "2010-07": {
            "month": "2010-07",
            "price": "37.43",
            "revenue": 4832865
        },
        "2010-08": {
            "month": "2010-08",
            "price": "37.47",
            "revenue": 4859664
        },
        "2010-09": {
            "month": "2010-09",
            "price": "38.92",
            "revenue": 4228428
        },
        "2010-10": {
            "month": "2010-10",
            "price": "40.20",
            "revenue": 4186848
        },
        "2010-11": {
            "month": "2010-11",
            "price": "41.32",
            "revenue": 3922178
        },
        "2010-12": {
            "month": "2010-12",
            "price": "42.70",
            "revenue": 4043026
        },
        "2011-01": {
            "month": "2011-01",
            "price": "41.08",
            "revenue": 4784154
        },
        "2011-02": {
            "month": "2011-02",
            "price": "38.79",
            "revenue": 3440539
        },
        "2011-03": {
            "month": "2011-03",
            "price": "38.53",
            "revenue": 4086523
        },
        "2011-04": {
            "month": "2011-04",
            "price": "40.72",
            "revenue": 4192389
        },
        "2011-05": {
            "month": "2011-05",
            "price": "41.28",
            "revenue": 4365390
        },
        "2011-06": {
            "month": "2011-06",
            "price": "40.46",
            "revenue": 4493538
        },
        "2011-07": {
            "month": "2011-07",
            "price": "45.73",
            "revenue": 5175560
        },
        "2011-08": {
            "month": "2011-08",
            "price": "43.25",
            "revenue": 4875928
        },
        "2011-09": {
            "month": "2011-09",
            "price": "40.43",
            "revenue": 4484161
        },
        "2011-10": {
            "month": "2011-10",
            "price": "39.67",
            "revenue": 4307619
        },
        "2011-11": {
            "month": "2011-11",
            "price": "40.13",
            "revenue": 4032392
        },
        "2011-12": {
            "month": "2011-12",
            "price": "43.28",
            "revenue": 3687244
        },
        "2012-01": {
            "month": "2012-01",
            "price": "44.72",
            "revenue": 4079804
        },
        "2012-02": {
            "month": "2012-02",
            "price": "43.77",
            "revenue": 3267982
        },
        "2012-03": {
            "month": "2012-03",
            "price": "42.74",
            "revenue": 3864868
        },
        "2012-04": {
            "month": "2012-04",
            "price": "41.74",
            "revenue": 3717544
        },
        "2012-05": {
            "month": "2012-05",
            "price": "46.05",
            "revenue": 3988941
        },
        "2012-06": {
            "month": "2012-06",
            "price": "46.35",
            "revenue": 4012985
        },
        "2012-07": {
            "month": "2012-07",
            "price": "49.11",
            "revenue": 4654775
        },
        "2012-08": {
            "month": "2012-08",
            "price": "50.55",
            "revenue": 4769641
        },
        "2012-09": {
            "month": "2012-09",
            "price": "49.59",
            "revenue": 3753660
        },
        "2012-10": {
            "month": "2012-10",
            "price": "51.30",
            "revenue": 3836711
        },
        "2012-11": {
            "month": "2012-11",
            "price": "51.46",
            "revenue": 3535395
        },
        "2012-12": {
            "month": "2012-12",
            "price": "53.30",
            "revenue": 3369274
        },
        "2013-01": {
            "month": "2013-01",
            "price": "52.96",
            "revenue": 39905963
        },
        "2013-02": {
            "month": "2013-02",
            "price": "53.22",
            "revenue": 29510151
        },
        "2013-03": {
            "month": "2013-03",
            "price": "58.49",
            "revenue": 35244530
        },
        "2013-04": {
            "month": "2013-04",
            "price": "57.94",
            "revenue": 34649804
        },
        "2013-05": {
            "month": "2013-05",
            "price": "59.76",
            "revenue": 35982680
        },
        "2013-06": {
            "month": "2013-06",
            "price": "58.03",
            "revenue": 35659394
        },
        "2013-07": {
            "month": "2013-07",
            "price": "61.70",
            "revenue": 39146498
        },
        "2013-08": {
            "month": "2013-08",
            "price": "55.81",
            "revenue": 39507402
        },
        "2013-09": {
            "month": "2013-09",
            "price": "56.06",
            "revenue": 35846642
        },
        "2013-10": {
            "month": "2013-10",
            "price": "55.85",
            "revenue": 34184673
        },
        "2013-11": {
            "month": "2013-11",
            "price": "53.10",
            "revenue": 30990399
        },
        "2013-12": {
            "month": "2013-12",
            "price": "52.95",
            "revenue": 29721240
        },
        "2014-01": {
            "month": "2014-01",
            "price": "51.88",
            "revenue": 41540778
        },
        "2014-02": {
            "month": "2014-02",
            "price": "49.06",
            "revenue": 31775091
        },
        "2014-03": {
            "month": "2014-03",
            "price": "51.06",
            "revenue": 35307493
        },
        "2014-04": {
            "month": "2014-04",
            "price": "51.35",
            "revenue": 34615169
        },
        "2014-05": {
            "month": "2014-05",
            "price": "51.78",
            "revenue": 34996778
        },
        "2014-06": {
            "month": "2014-06",
            "price": "52.97",
            "revenue": 36462432
        },
        "2014-07": {
            "month": "2014-07",
            "price": "56.35",
            "revenue": 37878264
        },
        "2014-08": {
            "month": "2014-08",
            "price": "53.51",
            "revenue": 38157609
        },
        "2014-09": {
            "month": "2014-09",
            "price": "53.42",
            "revenue": 36661811
        },
        "2014-10": {
            "month": "2014-10",
            "price": "50.44",
            "revenue": 35053086
        },
        "2014-11": {
            "month": "2014-11",
            "price": "50.25",
            "revenue": 31662812
        },
        "2014-12": {
            "month": "2014-12",
            "price": "48.97",
            "revenue": 30680662
        },
        "2015-01": {
            "month": "2015-01",
            "price": "50.41",
            "revenue": 38864361
        },
        "2015-02": {
            "month": "2015-02",
            "price": "52.78",
            "revenue": 31025127
        },
        "2015-03": {
            "month": "2015-03",
            "price": "52.00",
            "revenue": 35048885
        },
        "2015-04": {
            "month": "2015-04",
            "price": "51.47",
            "revenue": 33626211
        },
        "2015-05": {
            "month": "2015-05",
            "price": "52.90",
            "revenue": 34803223
        },
        "2015-06": {
            "month": "2015-06",
            "price": "53.20",
            "revenue": 36605427
        },
        "2015-07": {
            "month": "2015-07",
            "price": "54.75",
            "revenue": 36452231
        },
        "2015-08": {
            "month": "2015-08",
            "price": "56.19",
            "revenue": 38024881
        },
        "2015-09": {
            "month": "2015-09",
            "price": "56.26",
            "revenue": 36509184
        },
        "2015-10": {
            "month": "2015-10",
            "price": "56.93",
            "revenue": 34146847
        },
        "2015-11": {
            "month": "2015-11",
            "price": "54.58",
            "revenue": 31056448
        },
        "2015-12": {
            "month": "2015-12",
            "price": "54.27",
            "revenue": 30286188
        },
        "2016-01": {
            "month": "2016-01",
            "price": "53.26",
            "revenue": 40396873
        },
        "2016-02": {
            "month": "2016-02",
            "price": "56.30",
            "revenue": 30528301
        },
        "2016-03": {
            "month": "2016-03",
            "price": "57.29",
            "revenue": 35787584
        },
        "2016-04": {
            "month": "2016-04",
            "price": "57.75",
            "revenue": 33807543
        },
        "2016-05": {
            "month": "2016-05",
            "price": "59.23",
            "revenue": 35180192
        },
        "2016-06": {
            "month": "2016-06",
            "price": "63.42",
            "revenue": 35837446
        },
        "2016-07": {
            "month": "2016-07",
            "price": "65.69",
            "revenue": 34586149
        },
        "2016-08": {
            "month": "2016-08",
            "price": "62.50",
            "revenue": 37381315
        },
        "2016-09": {
            "month": "2016-09",
            "price": "58.43",
            "revenue": 35517051
        },
        "2016-10": {
            "month": "2016-10",
            "price": "60.71",
            "revenue": 33945525
        },
        "2016-11": {
            "month": "2016-11",
            "price": "56.48",
            "revenue": 30631842
        },
        "2016-12": {
            "month": "2016-12",
            "price": "53.74",
            "revenue": 30085441
        },
        "2017-01": {
            "month": "2017-01",
            "price": "54.12",
            "revenue": 34772056
        },
        "2017-02": {
            "month": "2017-02",
            "price": "54.33",
            "revenue": 28430863
        },
        "2017-03": {
            "month": "2017-03",
            "price": "56.74",
            "revenue": 32926233
        },
        "2017-04": {
            "month": "2017-04",
            "price": "56.11",
            "revenue": 32149960
        },
        "2017-05": {
            "month": "2017-05",
            "price": "57.30",
            "revenue": 33849168
        },
        "2017-06": {
            "month": "2017-06",
            "price": "59.74",
            "revenue": 34105063
        },
        "2017-07": {
            "month": "2017-07",
            "price": "60.19",
            "revenue": 35072216
        },
        "2017-08": {
            "month": "2017-08",
            "price": "60.06",
            "revenue": 37940819
        },
        "2017-09": {
            "month": "2017-09",
            "price": "64.18",
            "revenue": 35792013
        },
        "2017-10": {
            "month": "2017-10",
            "price": "63.94",
            "revenue": 33118533
        },
        "2017-11": {
            "month": "2017-11",
            "price": "63.69",
            "revenue": 31140541
        },
        "2017-12": {
            "month": "2017-12",
            "price": "65.04",
            "revenue": 30552612
        },
        "2018-01": {
            "month": "2018-01",
            "price": "68.31",
            "revenue": 38161968
        },
        "2018-02": {
            "month": "2018-02",
            "price": "67.57",
            "revenue": 30250749
        },
        "2018-03": {
            "month": "2018-03",
            "price": "68.68",
            "revenue": 35875546
        },
        "2018-04": {
            "month": "2018-04",
            "price": "70.64",
            "revenue": 35313668
        },
        "2018-05": {
            "month": "2018-05",
            "price": "71.31",
            "revenue": 37995651
        },
        "2018-06": {
            "month": "2018-06",
            "price": "75.34",
            "revenue": 37048407
        },
        "2018-07": {
            "month": "2018-07",
            "price": "79.55",
            "revenue": 38128163
        },
        "2018-08": {
            "month": "2018-08",
            "price": "75.54",
            "revenue": 39945627
        },
        "2018-09": {
            "month": "2018-09",
            "price": "77.06",
            "revenue": 37539418
        },
        "2018-10": {
            "month": "2018-10",
            "price": "74.71",
            "revenue": 35398601
        },
        "2018-11": {
            "month": "2018-11",
            "price": "74.30",
            "revenue": 33229601
        },
        "2018-12": {
            "month": "2018-12",
            "price": "69.44",
            "revenue": 32590936
        },
        "2019-01": {
            "month": "2019-01",
            "price": "71.44",
            "revenue": 41144409
        },
        "2019-02": {
            "month": "2019-02",
            "price": "73.72",
            "revenue": 29826477
        },
        "2019-03": {
            "month": "2019-03",
            "price": "73.34",
            "revenue": 36804987
        },
        "2019-04": {
            "month": "2019-04",
            "price": "73.02",
            "revenue": 36918812
        },
        "2019-05": {
            "month": "2019-05",
            "price": "78.16",
            "revenue": 38716214
        },
        "2019-06": {
            "month": "2019-06",
            "price": "81.35",
            "revenue": 38858021
        },
        "2019-07": {
            "month": "2019-07",
            "price": "81.65",
            "revenue": 40267551
        },
        "2019-08": {
            "month": "2019-08",
            "price": "76.83",
            "revenue": 41324567
        },
        "2019-09": {
            "month": "2019-09",
            "price": "76.82",
            "revenue": 39494107
        },
        "2019-10": {
            "month": "2019-10",
            "price": "73.54",
            "revenue": 36972407
        },
        "2019-11": {
            "month": "2019-11",
            "price": "73.67",
            "revenue": 34315274
        },
        "2019-12": {
            "month": "2019-12",
            "price": "73.28",
            "revenue": 33014880
        },
        "2020-01": {
            "month": "2020-01",
            "price": "74.07",
            "revenue": 41529085
        },
        "2020-02": {
            "month": "2020-02",
            "price": "74.04",
            "revenue": 30787526
        },
        "2020-03": {
            "month": "2020-03",
            "price": "67.94",
            "revenue": 35948254
        },
        "2020-04": {
            "month": "2020-04",
            "price": "68.06",
            "revenue": 34946280
        },
        "2020-05": {
            "month": "2020-05",
            "price": "70.76",
            "revenue": 36909155
        },
        "2020-06": {
            "month": "2020-06",
            "price": "72.68",
            "revenue": 38616245
        },
        "2020-07": {
            "month": "2020-07",
            "price": "72.41",
            "revenue": 40509558
        },
        "2020-08": {
            "month": "2020-08",
            "price": "68.32",
            "revenue": 41212854
        },
        "2020-09": {
            "month": "2020-09",
            "price": "64.51",
            "revenue": 40353475
        },
        "2020-10": {
            "month": "2020-10",
            "price": "62.41",
            "revenue": 36463221
        },
        "2020-11": {
            "month": "2020-11",
            "price": "65.81",
            "revenue": 35858206
        },
        "2020-12": {
            "month": "2020-12",
            "price": "66.08",
            "revenue": 34159430
        },
        "2021-01": {
            "month": "2021-01",
            "price": "66.88",
            "revenue": 45194815
        },
        "2021-02": {
            "month": "2021-02",
            "price": "68.50",
            "revenue": 31769464
        },
        "2021-03": {
            "month": "2021-03",
            "price": "69.77",
            "revenue": 38463882
        },
        "2021-04": {
            "month": "2021-04",
            "price": "74.06",
            "revenue": 38356552
        },
        "2021-05": {
            "month": "2021-05",
            "price": "73.70",
            "revenue": 39759158
        },
        "2021-06": {
            "month": "2021-06",
            "price": "73.48",
            "revenue": 39253261
        },
        "2021-07": {
            "month": "2021-07",
            "price": "73.29",
            "revenue": 41852623
        },
        "2021-08": {
            "month": "2021-08",
            "price": "72.07",
            "revenue": 41942340
        },
        "2021-09": {
            "month": "2021-09",
            "price": "69.59",
            "revenue": 41123727
        },
        "2021-10": {
            "month": "2021-10",
            "price": "67.39",
            "revenue": 39134900
        },
        "2021-11": {
            "month": "2021-11",
            "price": "67.46",
            "revenue": 39352262
        },
        "2021-12": {
            "month": "2021-12",
            "price": "68.27",
            "revenue": 37291418
        },
        "2022-01": {
            "month": "2022-01",
            "price": "68.51",
            "revenue": 48049485
        },
        "2022-02": {
            "month": "2022-02",
            "price": "67.95",
            "revenue": 34113196
        },
        "2022-03": {
            "month": "2022-03",
            "price": "65.97",
            "revenue": 42112136
        },
        "2022-04": {
            "month": "2022-04",
            "price": "66.85",
            "revenue": 42977511
        },
        "2022-05": {
            "month": "2022-05",
            "price": "65.85",
            "revenue": 43215655
        },
        "2022-06": {
            "month": "2022-06",
            "price": "65.12",
            "revenue": 44266245
        },
        "2022-07": {
            "month": "2022-07",
            "price": "69.07",
            "revenue": 47295432
        },
        "2022-08": {
            "month": "2022-08",
            "price": "66.27",
            "revenue": 48654713
        },
        "2022-09": {
            "month": "2022-09",
            "price": "66.28",
            "revenue": 45815778
        },
        "2022-10": {
            "month": "2022-10",
            "price": "65.70",
            "revenue": 42927337
        },
        "2022-11": {
            "month": "2022-11",
            "price": "65.23",
            "revenue": 40656907
        },
        "2022-12": {
            "month": "2022-12",
            "price": "65.65",
            "revenue": 44564715
        },
        "2023-01": {
            "month": "2023-01",
            "price": "67.21",
            "revenue": 45915517
        },
        "2023-02": {
            "month": "2023-02",
            "price": "66.76",
            "revenue": 40664831
        },
        "2023-03": {
            "month": "2023-03",
            "price": "69.48",
            "revenue": 44823352
        },
        "2023-04": {
            "month": "2023-04",
            "price": "73.17",
            "revenue": 44069723
        },
        "2023-05": {
            "month": "2023-05",
            "price": "74.72",
            "revenue": 46350796
        },
        "2023-06": {
            "month": "2023-06",
            "price": "76.19",
            "revenue": 46976325
        },
        "2023-07": {
            "month": "2023-07",
            "price": "75.53",
            "revenue": 54142903
        },
        "2023-08": {
            "month": "2023-08",
            "price": "72.25",
            "revenue": 57541764
        },
        "2023-09": {
            "month": "2023-09",
            "price": "70.52",
            "revenue": 53366181
        },
        "2023-10": {
            "month": "2023-10",
            "price": "68.50",
            "revenue": 49801476
        },
        "2023-11": {
            "month": "2023-11",
            "price": "70.88",
            "revenue": 48163404
        },
        "2023-12": {
            "month": "2023-12",
            "price": "73.89",
            "revenue": 49174331
        }
    }
}
