{
    "summary": {
        "stock_name": "愛之味",
        "stock_id": "1217",
        "category": "食品",
        "main_business": "食品",
        "website_url": "http://www.agv.com.tw",
        "ceo": "陳志展",
        "pe_ratio": 19,
        "report_year_from": 2001,
        "report_year_to": 2023,
        "age": 22,
        "eps_negative_percentage": 22,
        "eps_growth_avg": {
            "last_all": 4.87,
            "last_2y": 40.87,
            "last_4y": 11.66,
            "last_8y": 28.33,
            "last_12y": 10.69,
            "last_16y": 2.95,
            "last_20y": 4.87,
            "at_2006_last_3y": -15.1,
            "at_2007_last_3y": -22.46,
            "at_2008_last_3y": 0,
            "at_2009_last_3y": -39.66,
            "at_2010_last_3y": 17.49,
            "at_2011_last_3y": -20.01,
            "at_2012_last_3y": 9.99,
            "at_2013_last_3y": -20.18,
            "at_2014_last_3y": -31.67,
            "at_2015_last_3y": 0,
            "at_2016_last_3y": 0,
            "at_2017_last_3y": 70,
            "at_2018_last_3y": 25.24,
            "at_2019_last_3y": 18.93,
            "at_2020_last_3y": 18.93,
            "at_2021_last_3y": 5.21,
            "at_2022_last_3y": 30.65,
            "at_2023_last_3y": 30.65,
            "at_2006_last_all": -15.1,
            "at_2007_last_all": -15.1,
            "at_2008_last_all": -15.1,
            "at_2009_last_all": -7.94,
            "at_2010_last_all": -4.24,
            "at_2011_last_all": -17.21,
            "at_2012_last_all": -2.55,
            "at_2013_last_all": -13.38,
            "at_2014_last_all": -13.38,
            "at_2015_last_all": -13.38,
            "at_2016_last_all": -2.04,
            "at_2017_last_all": 1.78,
            "at_2018_last_all": -3.73,
            "at_2019_last_all": -3.44,
            "at_2020_last_all": 3.95,
            "at_2021_last_all": 2.69,
            "at_2022_last_all": 4.87,
            "at_2023_last_all": 4.87
        },
        "latest_eps": 0.59,
        "latest_price": 11.3,
        "latest_roe": 4.01,
        "latest_gross_margin": 27.12,
        "latest_equity": 7576939,
        "latest_revenue": 1171271,
        "latest_gross_profit": 317610,
        "latest_net_income": 70278,
        "latest_debt_ratio": 46.08,
        "latest_current_ratio": 81.07,
        "latest_account_receivable_turnover_ratio": 1.52,
        "latest_inventory_turnover_ratio": 0.91,
        "latest_reinvestment_rate": -8.82,
        "latest_research_to_sale_ratio": 0.88
    },
    "eps_dividends": {
        "1991": {
            "cash": 1,
            "stock": 2,
            "eps": 0
        },
        "1992": {
            "cash": 1,
            "stock": 1,
            "eps": 0
        },
        "1993": {
            "cash": 1,
            "stock": 0,
            "eps": 0
        },
        "1994": {
            "cash": 1,
            "stock": 0,
            "eps": 0
        },
        "1995": {
            "cash": 0,
            "stock": 2,
            "eps": 0
        },
        "1996": {
            "cash": 0,
            "stock": 0,
            "eps": 0
        },
        "1997": {
            "cash": 0,
            "stock": 2,
            "eps": 0
        },
        "1998": {
            "cash": 0,
            "stock": 1,
            "eps": 0
        },
        "1999": {
            "cash": 0,
            "stock": 1,
            "eps": 0
        },
        "2000": {
            "cash": 0,
            "stock": 1,
            "eps": 0
        },
        "2001": {
            "cash": 0,
            "stock": 0,
            "eps": -0.57
        },
        "2002": {
            "cash": 0,
            "stock": 0,
            "eps": 0.43
        },
        "2003": {
            "cash": 0,
            "stock": 0,
            "eps": 0.46
        },
        "2004": {
            "cash": 0,
            "stock": 0,
            "eps": 0.15
        },
        "2005": {
            "cash": 0,
            "stock": 0,
            "eps": 0.44
        },
        "2006": {
            "cash": 0,
            "stock": 0,
            "eps": -0.69
        },
        "2007": {
            "cash": 0,
            "stock": 0,
            "eps": -0.64
        },
        "2008": {
            "cash": 0,
            "stock": 0,
            "eps": 0.29
        },
        "2009": {
            "cash": 0,
            "stock": 0,
            "eps": 0.35
        },
        "2010": {
            "cash": 0,
            "stock": 0,
            "eps": 0.4
        },
        "2011": {
            "cash": 0,
            "stock": 0,
            "eps": 0.02
        },
        "2012": {
            "cash": 0,
            "stock": 0,
            "eps": 0.1
        },
        "2013": {
            "cash": 0,
            "stock": 0,
            "eps": -0.27
        },
        "2014": {
            "cash": 0,
            "stock": 0,
            "eps": -0.74
        },
        "2015": {
            "cash": 0,
            "stock": 0,
            "eps": 0.1
        },
        "2016": {
            "cash": 0,
            "stock": 0,
            "eps": 0.2
        },
        "2017": {
            "cash": 0,
            "stock": 0,
            "eps": 0.28
        },
        "2018": {
            "cash": 0,
            "stock": 0,
            "eps": 0.1
        },
        "2019": {
            "cash": 0,
            "stock": 0,
            "eps": 0.1
        },
        "2020": {
            "cash": 0,
            "stock": 0,
            "eps": 0.47
        },
        "2021": {
            "cash": 0,
            "stock": 0,
            "eps": 0.4
        },
        "2022": {
            "cash": 0,
            "stock": 0,
            "eps": 0.55
        },
        "2023": {
            "cash": 0,
            "stock": 0,
            "eps": 0.13
        }
    },
    "dividends": {
        "1991-05-21": {
            "cash": 0.5,
            "stock": 1.98
        },
        "1992-06-16": {
            "cash": 1,
            "stock": 0.6
        },
        "1993-06-05": {
            "cash": 0.6,
            "stock": 0.1
        },
        "1994-05-26": {
            "cash": 1,
            "stock": 0.11
        },
        "1995-05-25": {
            "cash": 0,
            "stock": 2
        },
        "1996-06-17": {
            "cash": 0,
            "stock": 0.07
        },
        "1997-05-22": {
            "cash": 0,
            "stock": 1.5
        },
        "1998-05-27": {
            "cash": 0,
            "stock": 1.45
        },
        "1999-05-27": {
            "cash": 0,
            "stock": 0.5
        },
        "2000-05-31": {
            "cash": 0,
            "stock": 0.5
        },
        "2016-03-25": {
            "cash": 0,
            "stock": 0.15
        },
        "2022-08-12": {
            "cash": 0.3,
            "stock": 0
        },
        "2023-05-31": {
            "cash": 0.4,
            "stock": 0
        }
    },
    "prices": {
        "200101": "7.48",
        "200102": "7.59",
        "200103": "7.24",
        "200104": "7.11",
        "200105": "6.02",
        "200106": "5.27",
        "200107": "4.60",
        "200108": "4.88",
        "200109": "5.22",
        "200110": "5.12",
        "200111": "4.97",
        "200112": "5.58",
        "200201": "5.38",
        "200202": "5.11",
        "200203": "5.50",
        "200204": "6.26",
        "200205": "5.83",
        "200206": "5.89",
        "200207": "5.57",
        "200208": "5.22",
        "200209": "5.00",
        "200210": "5.07",
        "200211": "6.29",
        "200212": "11.21",
        "200301": "11.27",
        "200302": "9.68",
        "200303": "8.96",
        "200304": "8.88",
        "200305": "8.00",
        "200306": "8.44",
        "200307": "8.53",
        "200308": "8.31",
        "200309": "7.78",
        "200310": "7.88",
        "200311": "8.17",
        "200312": "8.00",
        "200401": "8.50",
        "200402": "9.66",
        "200403": "9.50",
        "200404": "8.90",
        "200405": "7.67",
        "200406": "7.51",
        "200407": "7.25",
        "200408": "6.88",
        "200409": "7.46",
        "200410": "7.19",
        "200411": "6.94",
        "200412": "7.20",
        "200501": "7.58",
        "200502": "7.23",
        "200503": "7.18",
        "200504": "6.60",
        "200505": "7.44",
        "200506": "8.52",
        "200507": "7.90",
        "200508": "7.51",
        "200509": "6.76",
        "200510": "6.40",
        "200511": "6.37",
        "200512": "6.74",
        "200601": "6.76",
        "200602": "6.70",
        "200603": "6.33",
        "200604": "6.67",
        "200605": "7.43",
        "200606": "6.62",
        "200607": "6.63",
        "200608": "6.61",
        "200609": "6.44",
        "200610": "7.02",
        "200611": "7.28",
        "200612": "8.52",
        "200701": "8.62",
        "200702": "8.20",
        "200703": "7.60",
        "200704": "8.55",
        "200705": "8.55",
        "200706": "8.74",
        "200707": "15.63",
        "200708": "15.40",
        "200709": "15.63",
        "200710": "14.97",
        "200711": "12.08",
        "200712": "10.72",
        "200801": "11.41",
        "200802": "11.83",
        "200803": "13.41",
        "200804": "14.20",
        "200805": "13.48",
        "200806": "10.50",
        "200807": "8.24",
        "200808": "7.58",
        "200809": "6.27",
        "200810": "5.29",
        "200811": "5.43",
        "200812": "6.66",
        "200901": "6.94",
        "200902": "5.98",
        "200903": "6.32",
        "200904": "9.27",
        "200905": "11.49",
        "200906": "11.83",
        "200907": "13.29",
        "200908": "12.96",
        "200909": "13.03",
        "200910": "12.99",
        "200911": "12.44",
        "200912": "12.67",
        "201001": "12.61",
        "201002": "10.94",
        "201003": "12.13",
        "201004": "12.79",
        "201005": "11.17",
        "201006": "11.95",
        "201007": "12.90",
        "201008": "13.65",
        "201009": "13.71",
        "201010": "14.02",
        "201011": "13.43",
        "201012": "14.44",
        "201101": "14.11",
        "201102": "13.46",
        "201103": "12.68",
        "201104": "13.37",
        "201105": "13.69",
        "201106": "12.77",
        "201107": "13.44",
        "201108": "12.13",
        "201109": "10.17",
        "201110": "9.39",
        "201111": "9.76",
        "201112": "9.42",
        "201201": "9.96",
        "201202": "10.79",
        "201203": "10.56",
        "201204": "9.52",
        "201205": "9.65",
        "201206": "9.73",
        "201207": "10.38",
        "201208": "10.49",
        "201209": "10.19",
        "201210": "9.68",
        "201211": "8.98",
        "201212": "9.92",
        "201301": "10.35",
        "201302": "10.50",
        "201303": "10.53",
        "201304": "10.36",
        "201305": "10.48",
        "201306": "9.92",
        "201307": "10.06",
        "201308": "10.11",
        "201309": "9.82",
        "201310": "9.70",
        "201311": "9.04",
        "201312": "9.12",
        "201401": "9.15",
        "201402": "9.04",
        "201403": "9.70",
        "201404": "9.79",
        "201405": "9.49",
        "201406": "9.22",
        "201407": "9.72",
        "201408": "9.14",
        "201409": "8.75",
        "201410": "8.06",
        "201411": "8.09",
        "201412": "8.04",
        "201501": "8.00",
        "201502": "7.99",
        "201503": "8.07",
        "201504": "8.10",
        "201505": "7.93",
        "201506": "7.38",
        "201507": "7.58",
        "201508": "7.19",
        "201509": "6.47",
        "201510": "6.73",
        "201511": "6.94",
        "201512": "7.81",
        "201601": "8.10",
        "201602": "8.25",
        "201603": "8.25",
        "201604": "8.16",
        "201605": "7.83",
        "201606": "8.13",
        "201607": "8.17",
        "201608": "8.10",
        "201609": "7.87",
        "201610": "7.65",
        "201611": "7.25",
        "201612": "7.38",
        "201701": "7.39",
        "201702": "7.58",
        "201703": "7.56",
        "201704": "7.56",
        "201705": "7.52",
        "201706": "7.60",
        "201707": "7.95",
        "201708": "7.84",
        "201709": "7.79",
        "201710": "7.64",
        "201711": "7.52",
        "201712": "7.49",
        "201801": "7.63",
        "201802": "7.27",
        "201803": "7.41",
        "201804": "7.51",
        "201805": "7.69",
        "201806": "8.01",
        "201807": "7.75",
        "201808": "7.88",
        "201809": "7.58",
        "201810": "7.05",
        "201811": "6.86",
        "201812": "6.96",
        "201901": "6.91",
        "201902": "7.07",
        "201903": "7.21",
        "201904": "7.08",
        "201905": "7.01",
        "201906": "7.10",
        "201907": "7.23",
        "201908": "7.07",
        "201909": "7.01",
        "201910": "6.93",
        "201911": "6.97",
        "201912": "7.09",
        "202001": "7.03",
        "202002": "7.17",
        "202003": "6.94",
        "202004": "7.02",
        "202005": "7.11",
        "202006": "7.51",
        "202007": "7.43",
        "202008": "7.53",
        "202009": "7.71",
        "202010": "7.46",
        "202011": "7.84",
        "202012": "8.82",
        "202101": "8.96",
        "202102": "8.53",
        "202103": "9.00",
        "202104": "10.44",
        "202105": "12.12",
        "202106": "11.96",
        "202107": "11.26",
        "202108": "10.65",
        "202109": "10.56",
        "202110": "10.22",
        "202111": "10.41",
        "202112": "10.45",
        "202201": "10.95",
        "202202": "10.84",
        "202203": "11.06",
        "202204": "11.84",
        "202205": "10.97",
        "202206": "10.77",
        "202207": "10.63",
        "202208": "10.00",
        "202209": "9.58",
        "202210": "9.15",
        "202211": "9.91",
        "202212": "10.62",
        "202301": "10.79",
        "202302": "11.13",
        "202303": "11.52",
        "202304": "11.24",
        "202305": "11.26"
    },
    "quarters": {
        "20011": {
            "year_quarter": 20011,
            "year": 2001,
            "quarter": 1,
            "eps": 0.03,
            "eps_growth_year": -88.89,
            "eps_4q": -0.82,
            "eps_4q_growth_year": -213.82,
            "roe": 0.33,
            "roe_4q": 0.33,
            "gross_profit": 255195,
            "gross_margin": 39.52,
            "gross_margin_4q_avg": 39.52,
            "net_income": 11787,
            "revenue": 645748,
            "common_shares": 3639628,
            "book_valuer_per_share": 9.73,
            "book_valuer_per_share_4q_avg": 9.73,
            "equity": 3543039,
            "current_ratio": 94.67,
            "debt_ratio": 47.73,
            "inventory_turnover_ratio": 0.61,
            "account_receivable_turnover_ratio": null,
            "reinvestment_rate": null,
            "research_to_sale_ratio": null,
            "price_fair": 0,
            "eps_avg_yearly": 0,
            "eps_latest_yearly": 0,
            "eps_growth_yearly": 0
        },
        "20012": {
            "year_quarter": 20012,
            "year": 2001,
            "quarter": 2,
            "eps": -0.25,
            "eps_growth_year": null,
            "eps_4q": -1.02,
            "eps_4q_growth_year": -445.77,
            "roe": -2.58,
            "roe_4q": -2.25,
            "gross_profit": 215112,
            "gross_margin": 37.78,
            "gross_margin_4q_avg": 38.65,
            "net_income": -90476,
            "revenue": 569341,
            "common_shares": 3639628,
            "book_valuer_per_share": 9.5,
            "book_valuer_per_share_4q_avg": 9.62,
            "equity": 3458569,
            "current_ratio": 73.31,
            "debt_ratio": 49.32,
            "inventory_turnover_ratio": 0.62,
            "account_receivable_turnover_ratio": null,
            "reinvestment_rate": null,
            "research_to_sale_ratio": null,
            "price_fair": 0,
            "eps_avg_yearly": 0,
            "eps_latest_yearly": 0,
            "eps_growth_yearly": 0
        },
        "20013": {
            "year_quarter": 20013,
            "year": 2001,
            "quarter": 3,
            "eps": 0.14,
            "eps_growth_year": null,
            "eps_4q": -0.74,
            "eps_4q_growth_year": -702.45,
            "roe": 1.48,
            "roe_4q": -0.77,
            "gross_profit": 397085,
            "gross_margin": 37.32,
            "gross_margin_4q_avg": 38.21,
            "net_income": 51283,
            "revenue": 1063950,
            "common_shares": 3639628,
            "book_valuer_per_share": 9.59,
            "book_valuer_per_share_4q_avg": 9.61,
            "equity": 3490354,
            "current_ratio": 90.54,
            "debt_ratio": 50.75,
            "inventory_turnover_ratio": 1.45,
            "account_receivable_turnover_ratio": null,
            "reinvestment_rate": null,
            "research_to_sale_ratio": null,
            "price_fair": 0,
            "eps_avg_yearly": 0,
            "eps_latest_yearly": 0,
            "eps_growth_yearly": 0
        },
        "20014": {
            "year_quarter": 20014,
            "year": 2001,
            "quarter": 4,
            "eps": -0.49,
            "eps_growth_year": null,
            "eps_4q": -0.61,
            "eps_4q_growth_year": null,
            "roe": -5.21,
            "roe_4q": -5.98,
            "gross_profit": 224931,
            "gross_margin": 31.84,
            "gross_margin_4q_avg": 36.62,
            "net_income": -179276,
            "revenue": 706484,
            "common_shares": 3639628,
            "book_valuer_per_share": 9.21,
            "book_valuer_per_share_4q_avg": 9.51,
            "equity": 3385465,
            "current_ratio": 97.93,
            "debt_ratio": 51.47,
            "inventory_turnover_ratio": 1,
            "account_receivable_turnover_ratio": null,
            "reinvestment_rate": null,
            "research_to_sale_ratio": null,
            "price_fair": 0,
            "eps_avg_yearly": 0,
            "eps_latest_yearly": 0,
            "eps_growth_yearly": 0
        },
        "20021": {
            "year_quarter": 20021,
            "year": 2002,
            "quarter": 1,
            "eps": -0.17,
            "eps_growth_year": -666.67,
            "eps_4q": -0.76,
            "eps_4q_growth_year": null,
            "roe": -1.89,
            "roe_4q": -8.2,
            "gross_profit": 231774,
            "gross_margin": 32.5,
            "gross_margin_4q_avg": 34.86,
            "net_income": -62987,
            "revenue": 713234,
            "common_shares": 3639628,
            "book_valuer_per_share": 9.03,
            "book_valuer_per_share_4q_avg": 9.33,
            "equity": 3285415,
            "current_ratio": 77.2,
            "debt_ratio": 51.69,
            "inventory_turnover_ratio": 0.98,
            "account_receivable_turnover_ratio": null,
            "reinvestment_rate": null,
            "research_to_sale_ratio": null,
            "price_fair": 0,
            "eps_avg_yearly": 0,
            "eps_latest_yearly": 0,
            "eps_growth_yearly": 0
        },
        "20022": {
            "year_quarter": 20022,
            "year": 2002,
            "quarter": 2,
            "eps": -0.02,
            "eps_growth_year": null,
            "eps_4q": -0.54,
            "eps_4q_growth_year": null,
            "roe": -0.18,
            "roe_4q": -5.799999999999999,
            "gross_profit": 286383,
            "gross_margin": 32.87,
            "gross_margin_4q_avg": 33.63,
            "net_income": -5847,
            "revenue": 871205,
            "common_shares": 3639628,
            "book_valuer_per_share": 8.96,
            "book_valuer_per_share_4q_avg": 9.2,
            "equity": 3261173,
            "current_ratio": 90.09,
            "debt_ratio": 52.8,
            "inventory_turnover_ratio": 1.34,
            "account_receivable_turnover_ratio": null,
            "reinvestment_rate": null,
            "research_to_sale_ratio": null,
            "price_fair": 0,
            "eps_avg_yearly": 0,
            "eps_latest_yearly": 0,
            "eps_growth_yearly": 0
        },
        "20023": {
            "year_quarter": 20023,
            "year": 2002,
            "quarter": 3,
            "eps": 0.14,
            "eps_growth_year": 0,
            "eps_4q": -0.56,
            "eps_4q_growth_year": null,
            "roe": 1.5,
            "roe_4q": -5.779999999999999,
            "gross_profit": 471761,
            "gross_margin": 36.94,
            "gross_margin_4q_avg": 33.54,
            "net_income": 49360,
            "revenue": 1277122,
            "common_shares": 3639628,
            "book_valuer_per_share": 9.09,
            "book_valuer_per_share_4q_avg": 9.07,
            "equity": 3308577,
            "current_ratio": 91.86,
            "debt_ratio": 52.87,
            "inventory_turnover_ratio": 1.95,
            "account_receivable_turnover_ratio": null,
            "reinvestment_rate": null,
            "research_to_sale_ratio": null,
            "price_fair": 0,
            "eps_avg_yearly": 0,
            "eps_latest_yearly": 0,
            "eps_growth_yearly": 0
        },
        "20024": {
            "year_quarter": 20024,
            "year": 2002,
            "quarter": 4,
            "eps": 0.48,
            "eps_growth_year": null,
            "eps_4q": 0.43,
            "eps_4q_growth_year": null,
            "roe": 5.13,
            "roe_4q": 4.5600000000000005,
            "gross_profit": 434555,
            "gross_margin": 39.78,
            "gross_margin_4q_avg": 35.52,
            "net_income": 173229,
            "revenue": 1092461,
            "common_shares": 3639628,
            "book_valuer_per_share": 9.47,
            "book_valuer_per_share_4q_avg": 9.14,
            "equity": 3445017,
            "current_ratio": 108.48,
            "debt_ratio": 51.77,
            "inventory_turnover_ratio": 1.6,
            "account_receivable_turnover_ratio": null,
            "reinvestment_rate": null,
            "research_to_sale_ratio": null,
            "price_fair": 67.2,
            "eps_avg_yearly": 1.92,
            "eps_latest_yearly": 1.92,
            "eps_growth_yearly": 971.43
        },
        "20031": {
            "year_quarter": 20031,
            "year": 2003,
            "quarter": 1,
            "eps": 0.12,
            "eps_growth_year": null,
            "eps_4q": 0.71,
            "eps_4q_growth_year": null,
            "roe": 1.26,
            "roe_4q": 7.71,
            "gross_profit": 398577,
            "gross_margin": 39.77,
            "gross_margin_4q_avg": 37.34,
            "net_income": 43874,
            "revenue": 1002287,
            "common_shares": 3639628,
            "book_valuer_per_share": 9.67,
            "book_valuer_per_share_4q_avg": 9.3,
            "equity": 3518171,
            "current_ratio": 98.86,
            "debt_ratio": 49.43,
            "inventory_turnover_ratio": 1.2,
            "account_receivable_turnover_ratio": null,
            "reinvestment_rate": null,
            "research_to_sale_ratio": null,
            "price_fair": 42,
            "eps_avg_yearly": 1.2,
            "eps_latest_yearly": 0.48,
            "eps_growth_yearly": 335.71
        },
        "20032": {
            "year_quarter": 20032,
            "year": 2003,
            "quarter": 2,
            "eps": 0.16,
            "eps_growth_year": null,
            "eps_4q": 0.88,
            "eps_4q_growth_year": null,
            "roe": 1.66,
            "roe_4q": 9.55,
            "gross_profit": 414030,
            "gross_margin": 40.35,
            "gross_margin_4q_avg": 39.21,
            "net_income": 58819,
            "revenue": 1026115,
            "common_shares": 3639628,
            "book_valuer_per_share": 9.8,
            "book_valuer_per_share_4q_avg": 9.51,
            "equity": 3567550,
            "current_ratio": 101.59,
            "debt_ratio": 50.55,
            "inventory_turnover_ratio": 1.11,
            "account_receivable_turnover_ratio": null,
            "reinvestment_rate": null,
            "research_to_sale_ratio": null,
            "price_fair": 35.47,
            "eps_avg_yearly": 1.01,
            "eps_latest_yearly": 0.64,
            "eps_growth_yearly": 268.25
        },
        "20033": {
            "year_quarter": 20033,
            "year": 2003,
            "quarter": 3,
            "eps": 0.27,
            "eps_growth_year": 92.86,
            "eps_4q": 1.04,
            "eps_4q_growth_year": null,
            "roe": 2.68,
            "roe_4q": 10.73,
            "gross_profit": 542042,
            "gross_margin": 39.67,
            "gross_margin_4q_avg": 39.89,
            "net_income": 96860,
            "revenue": 1366295,
            "common_shares": 3639628,
            "book_valuer_per_share": 10.09,
            "book_valuer_per_share_4q_avg": 9.76,
            "equity": 3670989,
            "current_ratio": 107.64,
            "debt_ratio": 49.75,
            "inventory_turnover_ratio": 1.56,
            "account_receivable_turnover_ratio": null,
            "reinvestment_rate": null,
            "research_to_sale_ratio": null,
            "price_fair": 36.05,
            "eps_avg_yearly": 1.03,
            "eps_latest_yearly": 1.08,
            "eps_growth_yearly": 269.94
        },
        "20034": {
            "year_quarter": 20034,
            "year": 2003,
            "quarter": 4,
            "eps": -0.09,
            "eps_growth_year": -118.75,
            "eps_4q": 0.5,
            "eps_4q_growth_year": 18.23,
            "roe": -0.88,
            "roe_4q": 4.72,
            "gross_profit": 299365,
            "gross_margin": 36.71,
            "gross_margin_4q_avg": 39.13,
            "net_income": -32391,
            "revenue": 815429,
            "common_shares": 3639628,
            "book_valuer_per_share": 10.05,
            "book_valuer_per_share_4q_avg": 9.9,
            "equity": 3721566,
            "current_ratio": 92.37,
            "debt_ratio": 51.84,
            "inventory_turnover_ratio": 0.76,
            "account_receivable_turnover_ratio": null,
            "reinvestment_rate": null,
            "research_to_sale_ratio": null,
            "price_fair": 36.05,
            "eps_avg_yearly": 1.03,
            "eps_latest_yearly": 1.08,
            "eps_growth_yearly": 269.94
        },
        "20041": {
            "year_quarter": 20041,
            "year": 2004,
            "quarter": 1,
            "eps": 0.09,
            "eps_growth_year": -25,
            "eps_4q": 0.44,
            "eps_4q_growth_year": -38.01,
            "roe": 0.85,
            "roe_4q": 4.3100000000000005,
            "gross_profit": 353881,
            "gross_margin": 34.58,
            "gross_margin_4q_avg": 37.83,
            "net_income": 31536,
            "revenue": 1023415,
            "common_shares": 3639628,
            "book_valuer_per_share": 10.25,
            "book_valuer_per_share_4q_avg": 10.05,
            "equity": 3732165,
            "current_ratio": 84.58,
            "debt_ratio": 51.53,
            "inventory_turnover_ratio": 0.9,
            "account_receivable_turnover_ratio": null,
            "reinvestment_rate": null,
            "research_to_sale_ratio": null,
            "price_fair": 36.05,
            "eps_avg_yearly": 1.03,
            "eps_latest_yearly": 1.08,
            "eps_growth_yearly": 269.94
        },
        "20042": {
            "year_quarter": 20042,
            "year": 2004,
            "quarter": 2,
            "eps": 0.02,
            "eps_growth_year": -87.5,
            "eps_4q": 0.29,
            "eps_4q_growth_year": -67.59,
            "roe": 0.19,
            "roe_4q": 2.8400000000000003,
            "gross_profit": 387424,
            "gross_margin": 38.3,
            "gross_margin_4q_avg": 37.32,
            "net_income": 7198,
            "revenue": 1011626,
            "common_shares": 3639628,
            "book_valuer_per_share": 10.31,
            "book_valuer_per_share_4q_avg": 10.18,
            "equity": 3752867,
            "current_ratio": 84.15,
            "debt_ratio": 53.13,
            "inventory_turnover_ratio": 0.87,
            "account_receivable_turnover_ratio": null,
            "reinvestment_rate": null,
            "research_to_sale_ratio": null,
            "price_fair": 29.4,
            "eps_avg_yearly": 0.84,
            "eps_latest_yearly": 0.08,
            "eps_growth_yearly": 153.73
        },
        "20043": {
            "year_quarter": 20043,
            "year": 2004,
            "quarter": 3,
            "eps": 0.14,
            "eps_growth_year": -48.15,
            "eps_4q": 0.16,
            "eps_4q_growth_year": -84.8,
            "roe": 1.33,
            "roe_4q": 1.4900000000000002,
            "gross_profit": 533767,
            "gross_margin": 38.35,
            "gross_margin_4q_avg": 36.99,
            "net_income": 49471,
            "revenue": 1391768,
            "common_shares": 3639628,
            "book_valuer_per_share": 10.15,
            "book_valuer_per_share_4q_avg": 10.19,
            "equity": 3695935,
            "current_ratio": 90.21,
            "debt_ratio": 55.69,
            "inventory_turnover_ratio": 1.12,
            "account_receivable_turnover_ratio": null,
            "reinvestment_rate": null,
            "research_to_sale_ratio": null,
            "price_fair": 27.77,
            "eps_avg_yearly": 0.79,
            "eps_latest_yearly": 0.56,
            "eps_growth_yearly": 528.11
        },
        "20044": {
            "year_quarter": 20044,
            "year": 2004,
            "quarter": 4,
            "eps": -0.1,
            "eps_growth_year": null,
            "eps_4q": 0.15,
            "eps_4q_growth_year": -70.22,
            "roe": -0.95,
            "roe_4q": 1.42,
            "gross_profit": 297807,
            "gross_margin": 36.95,
            "gross_margin_4q_avg": 37.05,
            "net_income": -35019,
            "revenue": 806059,
            "common_shares": 3639628,
            "book_valuer_per_share": 10.03,
            "book_valuer_per_share_4q_avg": 10.19,
            "equity": 3650301,
            "current_ratio": 74.3,
            "debt_ratio": 54.28,
            "inventory_turnover_ratio": 0.64,
            "account_receivable_turnover_ratio": null,
            "reinvestment_rate": -161.04,
            "research_to_sale_ratio": null,
            "price_fair": 27.77,
            "eps_avg_yearly": 0.79,
            "eps_latest_yearly": 0.56,
            "eps_growth_yearly": 528.11
        },
        "20051": {
            "year_quarter": 20051,
            "year": 2005,
            "quarter": 1,
            "eps": 0.08,
            "eps_growth_year": -11.11,
            "eps_4q": 0.14,
            "eps_4q_growth_year": -67.94,
            "roe": 0.76,
            "roe_4q": 1.33,
            "gross_profit": 356791,
            "gross_margin": 36.24,
            "gross_margin_4q_avg": 37.46,
            "net_income": 28090,
            "revenue": 984552,
            "common_shares": 3639628,
            "book_valuer_per_share": 10.32,
            "book_valuer_per_share_4q_avg": 10.2,
            "equity": 3754642,
            "current_ratio": 70.48,
            "debt_ratio": 54.04,
            "inventory_turnover_ratio": 0.76,
            "account_receivable_turnover_ratio": null,
            "reinvestment_rate": -41.57,
            "research_to_sale_ratio": null,
            "price_fair": 27.77,
            "eps_avg_yearly": 0.79,
            "eps_latest_yearly": 0.56,
            "eps_growth_yearly": 528.11
        },
        "20052": {
            "year_quarter": 20052,
            "year": 2005,
            "quarter": 2,
            "eps": 0.12,
            "eps_growth_year": 500,
            "eps_4q": 0.24,
            "eps_4q_growth_year": -17.67,
            "roe": 1.17,
            "roe_4q": 2.31,
            "gross_profit": 374774,
            "gross_margin": 37.64,
            "gross_margin_4q_avg": 37.3,
            "net_income": 43979,
            "revenue": 995585,
            "common_shares": 3639628,
            "book_valuer_per_share": 10.39,
            "book_valuer_per_share_4q_avg": 10.22,
            "equity": 3781069,
            "current_ratio": 72.65,
            "debt_ratio": 54.65,
            "inventory_turnover_ratio": 0.74,
            "account_receivable_turnover_ratio": null,
            "reinvestment_rate": 5.13,
            "research_to_sale_ratio": null,
            "price_fair": 26.2,
            "eps_avg_yearly": 0.75,
            "eps_latest_yearly": 0.48,
            "eps_growth_yearly": 481.24
        },
        "20053": {
            "year_quarter": 20053,
            "year": 2005,
            "quarter": 3,
            "eps": 0.15,
            "eps_growth_year": 7.14,
            "eps_4q": 0.25,
            "eps_4q_growth_year": 60.39,
            "roe": 1.4,
            "roe_4q": 2.38,
            "gross_profit": 513407,
            "gross_margin": 34.34,
            "gross_margin_4q_avg": 36.29,
            "net_income": 53783,
            "revenue": 1494999,
            "common_shares": 3639628,
            "book_valuer_per_share": 10.73,
            "book_valuer_per_share_4q_avg": 10.37,
            "equity": 3903870,
            "current_ratio": 110.45,
            "debt_ratio": 54.34,
            "inventory_turnover_ratio": 1.22,
            "account_receivable_turnover_ratio": null,
            "reinvestment_rate": 21.57,
            "research_to_sale_ratio": null,
            "price_fair": 25.55,
            "eps_avg_yearly": 0.73,
            "eps_latest_yearly": 0.6,
            "eps_growth_yearly": 433.58
        },
        "20054": {
            "year_quarter": 20054,
            "year": 2005,
            "quarter": 4,
            "eps": 0.09,
            "eps_growth_year": null,
            "eps_4q": 0.44,
            "eps_4q_growth_year": 192.16,
            "roe": 0.81,
            "roe_4q": 4.14,
            "gross_profit": 319905,
            "gross_margin": 31.49,
            "gross_margin_4q_avg": 34.93,
            "net_income": 32526,
            "revenue": 1015803,
            "common_shares": 3708261,
            "book_valuer_per_share": 10.66,
            "book_valuer_per_share_4q_avg": 10.53,
            "equity": 4157924,
            "current_ratio": 112.46,
            "debt_ratio": 56.43,
            "inventory_turnover_ratio": 0.87,
            "account_receivable_turnover_ratio": null,
            "reinvestment_rate": 128.2,
            "research_to_sale_ratio": null,
            "price_fair": 24.11,
            "eps_avg_yearly": 0.69,
            "eps_latest_yearly": 0.36,
            "eps_growth_yearly": 367.63
        },
        "20061": {
            "year_quarter": 20061,
            "year": 2006,
            "quarter": 1,
            "eps": 0.01,
            "eps_growth_year": -87.5,
            "eps_4q": 0.41,
            "eps_4q_growth_year": 190.23,
            "roe": 0.08,
            "roe_4q": 3.46,
            "gross_profit": 344518,
            "gross_margin": 34.64,
            "gross_margin_4q_avg": 34.53,
            "net_income": 3248,
            "revenue": 994484,
            "common_shares": 3708261,
            "book_valuer_per_share": 10.89,
            "book_valuer_per_share_4q_avg": 10.67,
            "equity": 4039453,
            "current_ratio": 92.04,
            "debt_ratio": 54.34,
            "inventory_turnover_ratio": 0.84,
            "account_receivable_turnover_ratio": null,
            "reinvestment_rate": 21.62,
            "research_to_sale_ratio": null,
            "price_fair": 21.84,
            "eps_avg_yearly": 0.62,
            "eps_latest_yearly": 0.04,
            "eps_growth_yearly": 295.31
        },
        "20062": {
            "year_quarter": 20062,
            "year": 2006,
            "quarter": 2,
            "eps": 0.04,
            "eps_growth_year": -66.67,
            "eps_4q": 0.28,
            "eps_4q_growth_year": 19.51,
            "roe": 0.37,
            "roe_4q": 2.66,
            "gross_profit": 392390,
            "gross_margin": 36,
            "gross_margin_4q_avg": 34.12,
            "net_income": 14794,
            "revenue": 1089847,
            "common_shares": 3708261,
            "book_valuer_per_share": 10.95,
            "book_valuer_per_share_4q_avg": 10.81,
            "equity": 4059169,
            "current_ratio": 98.85,
            "debt_ratio": 54.71,
            "inventory_turnover_ratio": 0.96,
            "account_receivable_turnover_ratio": null,
            "reinvestment_rate": 19.38,
            "research_to_sale_ratio": null,
            "price_fair": 20.36,
            "eps_avg_yearly": 0.58,
            "eps_latest_yearly": 0.16,
            "eps_growth_yearly": 377.55
        },
        "20063": {
            "year_quarter": 20063,
            "year": 2006,
            "quarter": 3,
            "eps": 0.22,
            "eps_growth_year": 46.67,
            "eps_4q": 0.35,
            "eps_4q_growth_year": 39.57,
            "roe": 2.03,
            "roe_4q": 3.29,
            "gross_profit": 541424,
            "gross_margin": 33.9,
            "gross_margin_4q_avg": 34.01,
            "net_income": 83279,
            "revenue": 1596891,
            "common_shares": 3776893,
            "book_valuer_per_share": 11.03,
            "book_valuer_per_share_4q_avg": 10.88,
            "equity": 4164395,
            "current_ratio": 94.69,
            "debt_ratio": 54.23,
            "inventory_turnover_ratio": 1.59,
            "account_receivable_turnover_ratio": null,
            "reinvestment_rate": 20.21,
            "research_to_sale_ratio": null,
            "price_fair": 21.23,
            "eps_avg_yearly": 0.61,
            "eps_latest_yearly": 0.88,
            "eps_growth_yearly": 496.09
        },
        "20064": {
            "year_quarter": 20064,
            "year": 2006,
            "quarter": 4,
            "eps": -0.96,
            "eps_growth_year": -1166.67,
            "eps_4q": -0.71,
            "eps_4q_growth_year": -260.88,
            "roe": -8.71,
            "roe_4q": -6.230000000000001,
            "gross_profit": 275747,
            "gross_margin": 32.99,
            "gross_margin_4q_avg": 34.38,
            "net_income": -358401,
            "revenue": 835856,
            "common_shares": 3776893,
            "book_valuer_per_share": 10.17,
            "book_valuer_per_share_4q_avg": 10.76,
            "equity": 4066983,
            "current_ratio": 96.85,
            "debt_ratio": 56.22,
            "inventory_turnover_ratio": 0.83,
            "account_receivable_turnover_ratio": null,
            "reinvestment_rate": 851.43,
            "research_to_sale_ratio": null,
            "price_fair": 17.05,
            "eps_avg_yearly": 0.49,
            "eps_latest_yearly": 0.88,
            "eps_growth_yearly": 452.88
        },
        "20071": {
            "year_quarter": 20071,
            "year": 2007,
            "quarter": 1,
            "eps": 0.37,
            "eps_growth_year": 3600,
            "eps_4q": -0.32,
            "eps_4q_growth_year": -177.21,
            "roe": 3.48,
            "roe_4q": -2.8300000000000005,
            "gross_profit": 291467,
            "gross_margin": 33.44,
            "gross_margin_4q_avg": 34.08,
            "net_income": 140114,
            "revenue": 871619,
            "common_shares": 3776893,
            "book_valuer_per_share": 10.54,
            "book_valuer_per_share_4q_avg": 10.67,
            "equity": 3980200,
            "current_ratio": 106.06,
            "debt_ratio": 53.13,
            "inventory_turnover_ratio": 0.79,
            "account_receivable_turnover_ratio": null,
            "reinvestment_rate": 77.12,
            "research_to_sale_ratio": null,
            "price_fair": 17.08,
            "eps_avg_yearly": 0.49,
            "eps_latest_yearly": 0.88,
            "eps_growth_yearly": 528.17
        },
        "20072": {
            "year_quarter": 20072,
            "year": 2007,
            "quarter": 2,
            "eps": -0.26,
            "eps_growth_year": -750,
            "eps_4q": -0.61,
            "eps_4q_growth_year": -317.38,
            "roe": -2.45,
            "roe_4q": -5.650000000000002,
            "gross_profit": 336513,
            "gross_margin": 33.02,
            "gross_margin_4q_avg": 33.34,
            "net_income": -96635,
            "revenue": 1019260,
            "common_shares": 3776893,
            "book_valuer_per_share": 10.33,
            "book_valuer_per_share_4q_avg": 10.52,
            "equity": 3901875,
            "current_ratio": 102.06,
            "debt_ratio": 52.43,
            "inventory_turnover_ratio": 0.93,
            "account_receivable_turnover_ratio": null,
            "reinvestment_rate": 255.63,
            "research_to_sale_ratio": null,
            "price_fair": 16.49,
            "eps_avg_yearly": 0.47,
            "eps_latest_yearly": 0.88,
            "eps_growth_yearly": 572.04
        },
        "20073": {
            "year_quarter": 20073,
            "year": 2007,
            "quarter": 3,
            "eps": 0.15,
            "eps_growth_year": -31.82,
            "eps_4q": -0.69,
            "eps_4q_growth_year": -293.82,
            "roe": 1.43,
            "roe_4q": -6.250000000000001,
            "gross_profit": 556402,
            "gross_margin": 36.37,
            "gross_margin_4q_avg": 33.96,
            "net_income": 56551,
            "revenue": 1529878,
            "common_shares": 3776893,
            "book_valuer_per_share": 10.58,
            "book_valuer_per_share_4q_avg": 10.41,
            "equity": 3997307,
            "current_ratio": 84.76,
            "debt_ratio": 52.29,
            "inventory_turnover_ratio": 1.34,
            "account_receivable_turnover_ratio": null,
            "reinvestment_rate": 800.36,
            "research_to_sale_ratio": null,
            "price_fair": 13.83,
            "eps_avg_yearly": 0.4,
            "eps_latest_yearly": 0.88,
            "eps_growth_yearly": 609.17
        },
        "20074": {
            "year_quarter": 20074,
            "year": 2007,
            "quarter": 4,
            "eps": -0.9,
            "eps_growth_year": null,
            "eps_4q": -0.59,
            "eps_4q_growth_year": null,
            "roe": -8.68,
            "roe_4q": -6.219999999999999,
            "gross_profit": 251008,
            "gross_margin": 31.79,
            "gross_margin_4q_avg": 33.66,
            "net_income": -339457,
            "revenue": 789642,
            "common_shares": 3776893,
            "book_valuer_per_share": 9.42,
            "book_valuer_per_share_4q_avg": 10.22,
            "equity": 3825031,
            "current_ratio": 73.26,
            "debt_ratio": 55.34,
            "inventory_turnover_ratio": 0.73,
            "account_receivable_turnover_ratio": null,
            "reinvestment_rate": null,
            "research_to_sale_ratio": null,
            "price_fair": 13.83,
            "eps_avg_yearly": 0.4,
            "eps_latest_yearly": 0.88,
            "eps_growth_yearly": 609.17
        },
        "20081": {
            "year_quarter": 20081,
            "year": 2008,
            "quarter": 1,
            "eps": 0.09,
            "eps_growth_year": -75.68,
            "eps_4q": -0.77,
            "eps_4q_growth_year": null,
            "roe": 1.04,
            "roe_4q": -8.66,
            "gross_profit": 445668,
            "gross_margin": 34.83,
            "gross_margin_4q_avg": 34,
            "net_income": 40257,
            "revenue": 1279682,
            "common_shares": 3776893,
            "book_valuer_per_share": 9.69,
            "book_valuer_per_share_4q_avg": 10.01,
            "equity": 3931871,
            "current_ratio": 77.84,
            "debt_ratio": 54.95,
            "inventory_turnover_ratio": 1.06,
            "account_receivable_turnover_ratio": null,
            "reinvestment_rate": null,
            "research_to_sale_ratio": null,
            "price_fair": 13.83,
            "eps_avg_yearly": 0.4,
            "eps_latest_yearly": 0.88,
            "eps_growth_yearly": 609.17
        },
        "20082": {
            "year_quarter": 20082,
            "year": 2008,
            "quarter": 2,
            "eps": 0.36,
            "eps_growth_year": null,
            "eps_4q": -0.28,
            "eps_4q_growth_year": null,
            "roe": 3.04,
            "roe_4q": -3.17,
            "gross_profit": 410371,
            "gross_margin": 32.08,
            "gross_margin_4q_avg": 33.77,
            "net_income": 131657,
            "revenue": 1279272,
            "common_shares": 4476893,
            "book_valuer_per_share": 10,
            "book_valuer_per_share_4q_avg": 9.92,
            "equity": 4736030,
            "current_ratio": 103.4,
            "debt_ratio": 47.29,
            "inventory_turnover_ratio": 1.01,
            "account_receivable_turnover_ratio": null,
            "reinvestment_rate": null,
            "research_to_sale_ratio": null,
            "price_fair": 19.78,
            "eps_avg_yearly": 0.57,
            "eps_latest_yearly": 1.44,
            "eps_growth_yearly": 798.06
        },
        "20083": {
            "year_quarter": 20083,
            "year": 2008,
            "quarter": 3,
            "eps": -0.03,
            "eps_growth_year": -120,
            "eps_4q": -0.39,
            "eps_4q_growth_year": null,
            "roe": -0.84,
            "roe_4q": -5.4399999999999995,
            "gross_profit": 650942,
            "gross_margin": 35.75,
            "gross_margin_4q_avg": 33.61,
            "net_income": -40196,
            "revenue": 1820597,
            "common_shares": 4476893,
            "book_valuer_per_share": 9.88,
            "book_valuer_per_share_4q_avg": 9.75,
            "equity": 4879125,
            "current_ratio": 96.72,
            "debt_ratio": 51.6,
            "inventory_turnover_ratio": 1.22,
            "account_receivable_turnover_ratio": null,
            "reinvestment_rate": null,
            "research_to_sale_ratio": null,
            "price_fair": 19.8,
            "eps_avg_yearly": 0.57,
            "eps_latest_yearly": 1.44,
            "eps_growth_yearly": 569.21
        },
        "20084": {
            "year_quarter": 20084,
            "year": 2008,
            "quarter": 4,
            "eps": -0.13,
            "eps_growth_year": null,
            "eps_4q": 0.31,
            "eps_4q_growth_year": null,
            "roe": -0.89,
            "roe_4q": 2.35,
            "gross_profit": 389861,
            "gross_margin": 30.96,
            "gross_margin_4q_avg": 33.41,
            "net_income": -43346,
            "revenue": 1259350,
            "common_shares": 4476893,
            "book_valuer_per_share": 9.8,
            "book_valuer_per_share_4q_avg": 9.84,
            "equity": 4858064,
            "current_ratio": 85.64,
            "debt_ratio": 49.18,
            "inventory_turnover_ratio": 0.95,
            "account_receivable_turnover_ratio": 3.18,
            "reinvestment_rate": null,
            "research_to_sale_ratio": null,
            "price_fair": 19.8,
            "eps_avg_yearly": 0.57,
            "eps_latest_yearly": 1.44,
            "eps_growth_yearly": 569.21
        },
        "20091": {
            "year_quarter": 20091,
            "year": 2009,
            "quarter": 1,
            "eps": 0.19,
            "eps_growth_year": 111.11,
            "eps_4q": 0.33,
            "eps_4q_growth_year": null,
            "roe": 1.9,
            "roe_4q": 3.21,
            "gross_profit": 479620,
            "gross_margin": 36.39,
            "gross_margin_4q_avg": 33.8,
            "net_income": 92872,
            "revenue": 1318104,
            "common_shares": 4476893,
            "book_valuer_per_share": 10.07,
            "book_valuer_per_share_4q_avg": 9.94,
            "equity": 4943198,
            "current_ratio": 92.93,
            "debt_ratio": 47.55,
            "inventory_turnover_ratio": 1.01,
            "account_receivable_turnover_ratio": 1.7,
            "reinvestment_rate": null,
            "research_to_sale_ratio": null,
            "price_fair": 19.8,
            "eps_avg_yearly": 0.57,
            "eps_latest_yearly": 1.44,
            "eps_growth_yearly": 569.21
        },
        "20092": {
            "year_quarter": 20092,
            "year": 2009,
            "quarter": 2,
            "eps": 0.24,
            "eps_growth_year": -33.33,
            "eps_4q": 0.26,
            "eps_4q_growth_year": null,
            "roe": 2.26,
            "roe_4q": 2.43,
            "gross_profit": 487791,
            "gross_margin": 40.01,
            "gross_margin_4q_avg": 35.78,
            "net_income": 112897,
            "revenue": 1219112,
            "common_shares": 4476893,
            "book_valuer_per_share": 10.37,
            "book_valuer_per_share_4q_avg": 10.03,
            "equity": 5042939,
            "current_ratio": 100.17,
            "debt_ratio": 46.26,
            "inventory_turnover_ratio": 0.92,
            "account_receivable_turnover_ratio": 1.46,
            "reinvestment_rate": null,
            "research_to_sale_ratio": null,
            "price_fair": 22.2,
            "eps_avg_yearly": 0.63,
            "eps_latest_yearly": 0.96,
            "eps_growth_yearly": 555.67
        },
        "20093": {
            "year_quarter": 20093,
            "year": 2009,
            "quarter": 3,
            "eps": 0.1,
            "eps_growth_year": null,
            "eps_4q": 0.33,
            "eps_4q_growth_year": null,
            "roe": 1.09,
            "roe_4q": 4.36,
            "gross_profit": 740124,
            "gross_margin": 40.93,
            "gross_margin_4q_avg": 37.07,
            "net_income": 55637,
            "revenue": 1808337,
            "common_shares": 4476893,
            "book_valuer_per_share": 10.6,
            "book_valuer_per_share_4q_avg": 10.21,
            "equity": 5156476,
            "current_ratio": 100.79,
            "debt_ratio": 47.12,
            "inventory_turnover_ratio": 1.35,
            "account_receivable_turnover_ratio": 1.65,
            "reinvestment_rate": null,
            "research_to_sale_ratio": null,
            "price_fair": 21.2,
            "eps_avg_yearly": 0.61,
            "eps_latest_yearly": 0.4,
            "eps_growth_yearly": 508.05
        },
        "20094": {
            "year_quarter": 20094,
            "year": 2009,
            "quarter": 4,
            "eps": -0.18,
            "eps_growth_year": null,
            "eps_4q": 0.36,
            "eps_4q_growth_year": 16.34,
            "roe": -1.91,
            "roe_4q": 3.34,
            "gross_profit": 351214,
            "gross_margin": 35.46,
            "gross_margin_4q_avg": 38.2,
            "net_income": -96491,
            "revenue": 990474,
            "common_shares": 4476893,
            "book_valuer_per_share": 10.31,
            "book_valuer_per_share_4q_avg": 10.34,
            "equity": 4973046,
            "current_ratio": 152.01,
            "debt_ratio": 45.99,
            "inventory_turnover_ratio": 0.8,
            "account_receivable_turnover_ratio": 3.04,
            "reinvestment_rate": null,
            "research_to_sale_ratio": null,
            "price_fair": 22.63,
            "eps_avg_yearly": 0.65,
            "eps_latest_yearly": 0.4,
            "eps_growth_yearly": 619.4
        },
        "20101": {
            "year_quarter": 20101,
            "year": 2010,
            "quarter": 1,
            "eps": 0.05,
            "eps_growth_year": -73.68,
            "eps_4q": 0.22,
            "eps_4q_growth_year": -34.42,
            "roe": 0.51,
            "roe_4q": 1.95,
            "gross_profit": 440629,
            "gross_margin": 36.77,
            "gross_margin_4q_avg": 38.29,
            "net_income": 25283,
            "revenue": 1198450,
            "common_shares": 4476893,
            "book_valuer_per_share": 10.35,
            "book_valuer_per_share_4q_avg": 10.41,
            "equity": 5002787,
            "current_ratio": 150.34,
            "debt_ratio": 46.48,
            "inventory_turnover_ratio": 0.95,
            "account_receivable_turnover_ratio": 1.66,
            "reinvestment_rate": null,
            "research_to_sale_ratio": 0.75,
            "price_fair": 26.88,
            "eps_avg_yearly": 0.77,
            "eps_latest_yearly": 0.4,
            "eps_growth_yearly": 814.39
        },
        "20102": {
            "year_quarter": 20102,
            "year": 2010,
            "quarter": 2,
            "eps": 0.05,
            "eps_growth_year": -79.65,
            "eps_4q": 0.02,
            "eps_4q_growth_year": -91.47,
            "roe": 0.73,
            "roe_4q": 0.42000000000000015,
            "gross_profit": 438969,
            "gross_margin": 38.73,
            "gross_margin_4q_avg": 37.97,
            "net_income": 36564,
            "revenue": 1133399,
            "common_shares": 4476893,
            "book_valuer_per_share": 10.38,
            "book_valuer_per_share_4q_avg": 10.41,
            "equity": 5035199,
            "current_ratio": 151.41,
            "debt_ratio": 47.64,
            "inventory_turnover_ratio": 0.84,
            "account_receivable_turnover_ratio": 1.38,
            "reinvestment_rate": null,
            "research_to_sale_ratio": 0.69,
            "price_fair": 27.16,
            "eps_avg_yearly": 0.78,
            "eps_latest_yearly": 0.2,
            "eps_growth_yearly": 574.39
        },
        "20103": {
            "year_quarter": 20103,
            "year": 2010,
            "quarter": 3,
            "eps": 0.24,
            "eps_growth_year": 138.94,
            "eps_4q": 0.16,
            "eps_4q_growth_year": -50.22,
            "roe": 2.67,
            "roe_4q": 2,
            "gross_profit": 662666,
            "gross_margin": 40.79,
            "gross_margin_4q_avg": 37.94,
            "net_income": 136259,
            "revenue": 1624555,
            "common_shares": 4476893,
            "book_valuer_per_share": 10.62,
            "book_valuer_per_share_4q_avg": 10.42,
            "equity": 5172850,
            "current_ratio": 146.76,
            "debt_ratio": 48.08,
            "inventory_turnover_ratio": 1.15,
            "account_receivable_turnover_ratio": 1.62,
            "reinvestment_rate": null,
            "research_to_sale_ratio": 0.64,
            "price_fair": 27.72,
            "eps_avg_yearly": 0.79,
            "eps_latest_yearly": 0.96,
            "eps_growth_yearly": 518.39
        },
        "20104": {
            "year_quarter": 20104,
            "year": 2010,
            "quarter": 4,
            "eps": 0.06,
            "eps_growth_year": null,
            "eps_4q": 0.4,
            "eps_4q_growth_year": 11.45,
            "roe": 0.45,
            "roe_4q": 4.36,
            "gross_profit": 386075,
            "gross_margin": 37.09,
            "gross_margin_4q_avg": 38.35,
            "net_income": 23297,
            "revenue": 1040830,
            "common_shares": 4476893,
            "book_valuer_per_share": 10.79,
            "book_valuer_per_share_4q_avg": 10.54,
            "equity": 5296524,
            "current_ratio": 142.83,
            "debt_ratio": 45.84,
            "inventory_turnover_ratio": 0.78,
            "account_receivable_turnover_ratio": 1.18,
            "reinvestment_rate": 1831.21,
            "research_to_sale_ratio": 1.23,
            "price_fair": 24.5,
            "eps_avg_yearly": 0.7,
            "eps_latest_yearly": 0.24,
            "eps_growth_yearly": 381.99
        },
        "20111": {
            "year_quarter": 20111,
            "year": 2011,
            "quarter": 1,
            "eps": 0.07,
            "eps_growth_year": 40,
            "eps_4q": 0.42,
            "eps_4q_growth_year": 92.55,
            "roe": 0.53,
            "roe_4q": 4.38,
            "gross_profit": 343402,
            "gross_margin": 33.13,
            "gross_margin_4q_avg": 37.44,
            "net_income": 28239,
            "revenue": 1036604,
            "common_shares": 4476893,
            "book_valuer_per_share": 10.82,
            "book_valuer_per_share_4q_avg": 10.65,
            "equity": 5294622,
            "current_ratio": 119.24,
            "debt_ratio": 46.58,
            "inventory_turnover_ratio": 0.84,
            "account_receivable_turnover_ratio": 1.65,
            "reinvestment_rate": 5790.07,
            "research_to_sale_ratio": 0.96,
            "price_fair": 22.4,
            "eps_avg_yearly": 0.64,
            "eps_latest_yearly": 0.28,
            "eps_growth_yearly": 336.94
        },
        "20112": {
            "year_quarter": 20112,
            "year": 2011,
            "quarter": 2,
            "eps": -0.06,
            "eps_growth_year": -220.66,
            "eps_4q": 0.31,
            "eps_4q_growth_year": 1261.96,
            "roe": -0.4,
            "roe_4q": 3.25,
            "gross_profit": 378527,
            "gross_margin": 36.05,
            "gross_margin_4q_avg": 36.77,
            "net_income": -21614,
            "revenue": 1049988,
            "common_shares": 4476893,
            "book_valuer_per_share": 10.85,
            "book_valuer_per_share_4q_avg": 10.77,
            "equity": 5477229,
            "current_ratio": 125.57,
            "debt_ratio": 54.5,
            "inventory_turnover_ratio": 0.78,
            "account_receivable_turnover_ratio": 1.58,
            "reinvestment_rate": 3376.19,
            "research_to_sale_ratio": 1.13,
            "price_fair": 22.4,
            "eps_avg_yearly": 0.64,
            "eps_latest_yearly": 0.28,
            "eps_growth_yearly": 336.94
        },
        "20113": {
            "year_quarter": 20113,
            "year": 2011,
            "quarter": 3,
            "eps": 0.04,
            "eps_growth_year": -82.63,
            "eps_4q": 0.1,
            "eps_4q_growth_year": -36.23,
            "roe": 0.43,
            "roe_4q": 1.01,
            "gross_profit": 544432,
            "gross_margin": 43.26,
            "gross_margin_4q_avg": 37.38,
            "net_income": 24529,
            "revenue": 1258394,
            "common_shares": 4976893,
            "book_valuer_per_share": 10.97,
            "book_valuer_per_share_4q_avg": 10.86,
            "equity": 5953157,
            "current_ratio": 149.01,
            "debt_ratio": 48.91,
            "inventory_turnover_ratio": 0.82,
            "account_receivable_turnover_ratio": 1.51,
            "reinvestment_rate": 4523.37,
            "research_to_sale_ratio": 0.73,
            "price_fair": 22.4,
            "eps_avg_yearly": 0.64,
            "eps_latest_yearly": 0.28,
            "eps_growth_yearly": 336.94
        },
        "20114": {
            "year_quarter": 20114,
            "year": 2011,
            "quarter": 4,
            "eps": -0.03,
            "eps_growth_year": -156.3,
            "eps_4q": 0.02,
            "eps_4q_growth_year": -94.16,
            "roe": -0.21,
            "roe_4q": 0.35,
            "gross_profit": 360044,
            "gross_margin": 27.72,
            "gross_margin_4q_avg": 35.04,
            "net_income": -12476,
            "revenue": 1298629,
            "common_shares": 4976893,
            "book_valuer_per_share": 10.85,
            "book_valuer_per_share_4q_avg": 10.87,
            "equity": 5785357,
            "current_ratio": 167.34,
            "debt_ratio": 47.59,
            "inventory_turnover_ratio": 1.28,
            "account_receivable_turnover_ratio": 1.53,
            "reinvestment_rate": 1005.02,
            "research_to_sale_ratio": 0.87,
            "price_fair": 22.4,
            "eps_avg_yearly": 0.64,
            "eps_latest_yearly": 0.28,
            "eps_growth_yearly": 336.94
        },
        "20121": {
            "year_quarter": 20121,
            "year": 2012,
            "quarter": 1,
            "eps": 0,
            "eps_growth_year": -100,
            "eps_4q": -0.04,
            "eps_4q_growth_year": -109.51,
            "roe": 0.02,
            "roe_4q": -0.16000000000000003,
            "gross_profit": 307636,
            "gross_margin": 32.62,
            "gross_margin_4q_avg": 34.91,
            "net_income": 1102,
            "revenue": 943077,
            "common_shares": 4976893,
            "book_valuer_per_share": 10.81,
            "book_valuer_per_share_4q_avg": 10.87,
            "equity": 5737536,
            "current_ratio": 154.91,
            "debt_ratio": 47.22,
            "inventory_turnover_ratio": 0.98,
            "account_receivable_turnover_ratio": 1.39,
            "reinvestment_rate": 1142.7,
            "research_to_sale_ratio": 1.15,
            "price_fair": 22.4,
            "eps_avg_yearly": 0.64,
            "eps_latest_yearly": 0.28,
            "eps_growth_yearly": 336.94
        },
        "20122": {
            "year_quarter": 20122,
            "year": 2012,
            "quarter": 2,
            "eps": 0.02,
            "eps_growth_year": null,
            "eps_4q": 0.04,
            "eps_4q_growth_year": -88.45,
            "roe": 0.25,
            "roe_4q": 0.49,
            "gross_profit": 416585,
            "gross_margin": 38.71,
            "gross_margin_4q_avg": 35.58,
            "net_income": 14271,
            "revenue": 1076242,
            "common_shares": 4976893,
            "book_valuer_per_share": 10.78,
            "book_valuer_per_share_4q_avg": 10.85,
            "equity": 5705813,
            "current_ratio": 157.35,
            "debt_ratio": 50.28,
            "inventory_turnover_ratio": 1.02,
            "account_receivable_turnover_ratio": 1.46,
            "reinvestment_rate": 1713.06,
            "research_to_sale_ratio": 1.06,
            "price_fair": 17.73,
            "eps_avg_yearly": 0.51,
            "eps_latest_yearly": 0.28,
            "eps_growth_yearly": 193.1
        },
        "20123": {
            "year_quarter": 20123,
            "year": 2012,
            "quarter": 3,
            "eps": 0.11,
            "eps_growth_year": 164.43,
            "eps_4q": 0.1,
            "eps_4q_growth_year": -1.07,
            "roe": 1.09,
            "roe_4q": 1.1500000000000001,
            "gross_profit": 645262,
            "gross_margin": 37.39,
            "gross_margin_4q_avg": 34.11,
            "net_income": 62103,
            "revenue": 1725784,
            "common_shares": 4976893,
            "book_valuer_per_share": 10.84,
            "book_valuer_per_share_4q_avg": 10.82,
            "equity": 5735132,
            "current_ratio": 140.51,
            "debt_ratio": 52.5,
            "inventory_turnover_ratio": 1.7,
            "account_receivable_turnover_ratio": 1.66,
            "reinvestment_rate": 1055.58,
            "research_to_sale_ratio": 0.61,
            "price_fair": 17.4,
            "eps_avg_yearly": 0.5,
            "eps_latest_yearly": 0.44,
            "eps_growth_yearly": 422.66
        },
        "20124": {
            "year_quarter": 20124,
            "year": 2012,
            "quarter": 4,
            "eps": -0.03,
            "eps_growth_year": null,
            "eps_4q": 0.1,
            "eps_4q_growth_year": 352.94,
            "roe": -0.35,
            "roe_4q": 1.01,
            "gross_profit": 355027,
            "gross_margin": 34.21,
            "gross_margin_4q_avg": 35.73,
            "net_income": -20110,
            "revenue": 1037785,
            "common_shares": 4976893,
            "book_valuer_per_share": 10.75,
            "book_valuer_per_share_4q_avg": 10.8,
            "equity": 5870446,
            "current_ratio": 163.11,
            "debt_ratio": 53.12,
            "inventory_turnover_ratio": 1.12,
            "account_receivable_turnover_ratio": 1.02,
            "reinvestment_rate": 1019.2,
            "research_to_sale_ratio": 0.49,
            "price_fair": 17.4,
            "eps_avg_yearly": 0.5,
            "eps_latest_yearly": 0.44,
            "eps_growth_yearly": 422.66
        },
        "20131": {
            "year_quarter": 20131,
            "year": 2013,
            "quarter": 1,
            "eps": 0.04,
            "eps_growth_year": null,
            "eps_4q": 0.14,
            "eps_4q_growth_year": null,
            "roe": 0.22,
            "roe_4q": 1.21,
            "gross_profit": 279257,
            "gross_margin": 31.5,
            "gross_margin_4q_avg": 35.45,
            "net_income": 12780,
            "revenue": 886485,
            "common_shares": 4976893,
            "book_valuer_per_share": 10.64,
            "book_valuer_per_share_4q_avg": 10.75,
            "equity": 5861173,
            "current_ratio": 158.19,
            "debt_ratio": 54.24,
            "inventory_turnover_ratio": 0.92,
            "account_receivable_turnover_ratio": 1.19,
            "reinvestment_rate": 1188.06,
            "research_to_sale_ratio": 1.16,
            "price_fair": 17.4,
            "eps_avg_yearly": 0.5,
            "eps_latest_yearly": 0.44,
            "eps_growth_yearly": 422.66
        },
        "20132": {
            "year_quarter": 20132,
            "year": 2013,
            "quarter": 2,
            "eps": -0.04,
            "eps_growth_year": -296.95,
            "eps_4q": 0.08,
            "eps_4q_growth_year": 128.33,
            "roe": -0.13,
            "roe_4q": 0.8300000000000001,
            "gross_profit": 366718,
            "gross_margin": 32.43,
            "gross_margin_4q_avg": 33.88,
            "net_income": -7539,
            "revenue": 1130640,
            "common_shares": 4976893,
            "book_valuer_per_share": 10.61,
            "book_valuer_per_share_4q_avg": 10.71,
            "equity": 5792369,
            "current_ratio": 148.32,
            "debt_ratio": 55.05,
            "inventory_turnover_ratio": 1,
            "account_receivable_turnover_ratio": 1.43,
            "reinvestment_rate": 1927.91,
            "research_to_sale_ratio": 1,
            "price_fair": 14.7,
            "eps_avg_yearly": 0.42,
            "eps_latest_yearly": 0.44,
            "eps_growth_yearly": 475.56
        },
        "20133": {
            "year_quarter": 20133,
            "year": 2013,
            "quarter": 3,
            "eps": -0.17,
            "eps_growth_year": -254.85,
            "eps_4q": -0.2,
            "eps_4q_growth_year": -297.73,
            "roe": -1.45,
            "roe_4q": -1.71,
            "gross_profit": 481961,
            "gross_margin": 31.14,
            "gross_margin_4q_avg": 32.32,
            "net_income": -84557,
            "revenue": 1547667,
            "common_shares": 4976893,
            "book_valuer_per_share": 10.49,
            "book_valuer_per_share_4q_avg": 10.62,
            "equity": 5888483,
            "current_ratio": 142.06,
            "debt_ratio": 56.63,
            "inventory_turnover_ratio": 1.38,
            "account_receivable_turnover_ratio": 1.53,
            "reinvestment_rate": 5479.5,
            "research_to_sale_ratio": 0.64,
            "price_fair": 14.84,
            "eps_avg_yearly": 0.42,
            "eps_latest_yearly": 0.44,
            "eps_growth_yearly": 617.33
        },
        "20134": {
            "year_quarter": 20134,
            "year": 2013,
            "quarter": 4,
            "eps": -0.1,
            "eps_growth_year": null,
            "eps_4q": -0.28,
            "eps_4q_growth_year": -363.52,
            "roe": -1.06,
            "roe_4q": -2.4199999999999995,
            "gross_profit": 250300,
            "gross_margin": 27.35,
            "gross_margin_4q_avg": 30.61,
            "net_income": -62027,
            "revenue": 915010,
            "common_shares": 4976893,
            "book_valuer_per_share": 10.37,
            "book_valuer_per_share_4q_avg": 10.53,
            "equity": 5824015,
            "current_ratio": 142.7,
            "debt_ratio": 55.97,
            "inventory_turnover_ratio": 0.95,
            "account_receivable_turnover_ratio": 1.08,
            "reinvestment_rate": 1838.15,
            "research_to_sale_ratio": 1.55,
            "price_fair": 14.84,
            "eps_avg_yearly": 0.42,
            "eps_latest_yearly": 0.44,
            "eps_growth_yearly": 617.33
        },
        "20141": {
            "year_quarter": 20141,
            "year": 2014,
            "quarter": 1,
            "eps": -0.28,
            "eps_growth_year": -800,
            "eps_4q": -0.59,
            "eps_4q_growth_year": -533.94,
            "roe": -2.75,
            "roe_4q": -5.39,
            "gross_profit": 218303,
            "gross_margin": 25.58,
            "gross_margin_4q_avg": 29.13,
            "net_income": -157910,
            "revenue": 853255,
            "common_shares": 4976893,
            "book_valuer_per_share": 10.09,
            "book_valuer_per_share_4q_avg": 10.39,
            "equity": 5664141,
            "current_ratio": 117.92,
            "debt_ratio": 56.85,
            "inventory_turnover_ratio": 0.93,
            "account_receivable_turnover_ratio": 1.49,
            "reinvestment_rate": null,
            "research_to_sale_ratio": 1.36,
            "price_fair": 14.84,
            "eps_avg_yearly": 0.42,
            "eps_latest_yearly": 0.44,
            "eps_growth_yearly": 617.33
        },
        "20142": {
            "year_quarter": 20142,
            "year": 2014,
            "quarter": 2,
            "eps": -0.29,
            "eps_growth_year": null,
            "eps_4q": -0.85,
            "eps_4q_growth_year": -1149.43,
            "roe": -2.6,
            "roe_4q": -7.86,
            "gross_profit": 333035,
            "gross_margin": 30.18,
            "gross_margin_4q_avg": 28.56,
            "net_income": -155173,
            "revenue": 1103520,
            "common_shares": 4976893,
            "book_valuer_per_share": 11.11,
            "book_valuer_per_share_4q_avg": 10.52,
            "equity": 6285477,
            "current_ratio": 121.84,
            "debt_ratio": 55.76,
            "inventory_turnover_ratio": 1.12,
            "account_receivable_turnover_ratio": 1.56,
            "reinvestment_rate": null,
            "research_to_sale_ratio": 0.86,
            "price_fair": 16.8,
            "eps_avg_yearly": 0.48,
            "eps_latest_yearly": 0.44,
            "eps_growth_yearly": 771.67
        },
        "20143": {
            "year_quarter": 20143,
            "year": 2014,
            "quarter": 3,
            "eps": -0.08,
            "eps_growth_year": null,
            "eps_4q": -0.75,
            "eps_4q_growth_year": null,
            "roe": -0.61,
            "roe_4q": -7.02,
            "gross_profit": 482327,
            "gross_margin": 31.06,
            "gross_margin_4q_avg": 28.54,
            "net_income": -38022,
            "revenue": 1553132,
            "common_shares": 4976893,
            "book_valuer_per_share": 10.97,
            "book_valuer_per_share_4q_avg": 10.64,
            "equity": 6226815,
            "current_ratio": 85.31,
            "debt_ratio": 56.01,
            "inventory_turnover_ratio": 1.58,
            "account_receivable_turnover_ratio": 1.63,
            "reinvestment_rate": null,
            "research_to_sale_ratio": 0.63,
            "price_fair": 11.2,
            "eps_avg_yearly": 0.32,
            "eps_latest_yearly": 0.44,
            "eps_growth_yearly": 522.22
        },
        "20144": {
            "year_quarter": 20144,
            "year": 2014,
            "quarter": 4,
            "eps": -0.09,
            "eps_growth_year": null,
            "eps_4q": -0.74,
            "eps_4q_growth_year": null,
            "roe": -0.95,
            "roe_4q": -6.91,
            "gross_profit": 173378,
            "gross_margin": 22.4,
            "gross_margin_4q_avg": 27.31,
            "net_income": -59368,
            "revenue": 773844,
            "common_shares": 4976893,
            "book_valuer_per_share": 10.96,
            "book_valuer_per_share_4q_avg": 10.78,
            "equity": 6219281,
            "current_ratio": 84.88,
            "debt_ratio": 54.52,
            "inventory_turnover_ratio": 0.89,
            "account_receivable_turnover_ratio": 0.95,
            "reinvestment_rate": null,
            "research_to_sale_ratio": 1.42,
            "price_fair": 12.6,
            "eps_avg_yearly": 0.36,
            "eps_latest_yearly": 0.44,
            "eps_growth_yearly": 933.33
        },
        "20151": {
            "year_quarter": 20151,
            "year": 2015,
            "quarter": 1,
            "eps": -0.13,
            "eps_growth_year": null,
            "eps_4q": -0.59,
            "eps_4q_growth_year": null,
            "roe": -1.24,
            "roe_4q": -5.4,
            "gross_profit": 298259,
            "gross_margin": 29.35,
            "gross_margin_4q_avg": 28.25,
            "net_income": -76615,
            "revenue": 1016187,
            "common_shares": 4872053,
            "book_valuer_per_share": 10.78,
            "book_valuer_per_share_4q_avg": 10.96,
            "equity": 6185992,
            "current_ratio": 88.32,
            "debt_ratio": 54.65,
            "inventory_turnover_ratio": 1.02,
            "account_receivable_turnover_ratio": 1.61,
            "reinvestment_rate": null,
            "research_to_sale_ratio": 1.08,
            "price_fair": 15.4,
            "eps_avg_yearly": 0.44,
            "eps_latest_yearly": 0.44,
            "eps_growth_yearly": 1800
        },
        "20152": {
            "year_quarter": 20152,
            "year": 2015,
            "quarter": 2,
            "eps": -0.13,
            "eps_growth_year": null,
            "eps_4q": -0.43,
            "eps_4q_growth_year": null,
            "roe": -0.85,
            "roe_4q": -3.65,
            "gross_profit": 387617,
            "gross_margin": 33.9,
            "gross_margin_4q_avg": 29.18,
            "net_income": -52643,
            "revenue": 1143423,
            "common_shares": 4872053,
            "book_valuer_per_share": 10.61,
            "book_valuer_per_share_4q_avg": 10.83,
            "equity": 6257395,
            "current_ratio": 86.38,
            "debt_ratio": 54.61,
            "inventory_turnover_ratio": 0.97,
            "account_receivable_turnover_ratio": 1.43,
            "reinvestment_rate": null,
            "research_to_sale_ratio": 0.95,
            "price_fair": 15.4,
            "eps_avg_yearly": 0.44,
            "eps_latest_yearly": 0.44,
            "eps_growth_yearly": 1800
        },
        "20153": {
            "year_quarter": 20153,
            "year": 2015,
            "quarter": 3,
            "eps": 0.44,
            "eps_growth_year": null,
            "eps_4q": 0.09,
            "eps_4q_growth_year": null,
            "roe": 3.64,
            "roe_4q": 0.6000000000000001,
            "gross_profit": 472844,
            "gross_margin": 31.91,
            "gross_margin_4q_avg": 29.39,
            "net_income": 226448,
            "revenue": 1481732,
            "common_shares": 4872053,
            "book_valuer_per_share": 11.22,
            "book_valuer_per_share_4q_avg": 10.89,
            "equity": 6183377,
            "current_ratio": 83.34,
            "debt_ratio": 46.79,
            "inventory_turnover_ratio": 1.45,
            "account_receivable_turnover_ratio": 1.4,
            "reinvestment_rate": null,
            "research_to_sale_ratio": 0.68,
            "price_fair": 15.4,
            "eps_avg_yearly": 0.44,
            "eps_latest_yearly": 0.44,
            "eps_growth_yearly": 1800
        },
        "20154": {
            "year_quarter": 20154,
            "year": 2015,
            "quarter": 4,
            "eps": -0.08,
            "eps_growth_year": null,
            "eps_4q": 0.1,
            "eps_4q_growth_year": null,
            "roe": -0.61,
            "roe_4q": 0.9400000000000002,
            "gross_profit": 216910,
            "gross_margin": 29.82,
            "gross_margin_4q_avg": 31.25,
            "net_income": -37462,
            "revenue": 727455,
            "common_shares": 4872053,
            "book_valuer_per_share": 11.08,
            "book_valuer_per_share_4q_avg": 10.92,
            "equity": 6094148,
            "current_ratio": 77.78,
            "debt_ratio": 46.52,
            "inventory_turnover_ratio": 0.9,
            "account_receivable_turnover_ratio": 0.8,
            "reinvestment_rate": null,
            "research_to_sale_ratio": 1.66,
            "price_fair": 15.4,
            "eps_avg_yearly": 0.44,
            "eps_latest_yearly": 0.44,
            "eps_growth_yearly": 1800
        },
        "20161": {
            "year_quarter": 20161,
            "year": 2016,
            "quarter": 1,
            "eps": -0.07,
            "eps_growth_year": null,
            "eps_4q": 0.16,
            "eps_4q_growth_year": null,
            "roe": -0.54,
            "roe_4q": 1.6400000000000001,
            "gross_profit": 276809,
            "gross_margin": 30.52,
            "gross_margin_4q_avg": 31.54,
            "net_income": -32326,
            "revenue": 906830,
            "common_shares": 4872053,
            "book_valuer_per_share": 10.87,
            "book_valuer_per_share_4q_avg": 10.95,
            "equity": 5990262,
            "current_ratio": 104.95,
            "debt_ratio": 46.63,
            "inventory_turnover_ratio": 1.02,
            "account_receivable_turnover_ratio": 1.49,
            "reinvestment_rate": null,
            "research_to_sale_ratio": 1.17,
            "price_fair": 15.4,
            "eps_avg_yearly": 0.44,
            "eps_latest_yearly": 0.44,
            "eps_growth_yearly": 1800
        },
        "20162": {
            "year_quarter": 20162,
            "year": 2016,
            "quarter": 2,
            "eps": -0.12,
            "eps_growth_year": null,
            "eps_4q": 0.17,
            "eps_4q_growth_year": null,
            "roe": -0.87,
            "roe_4q": 1.62,
            "gross_profit": 360024,
            "gross_margin": 35.45,
            "gross_margin_4q_avg": 31.93,
            "net_income": -51696,
            "revenue": 1015603,
            "common_shares": 4872053,
            "book_valuer_per_share": 10.7,
            "book_valuer_per_share_4q_avg": 10.97,
            "equity": 5933582,
            "current_ratio": 102.24,
            "debt_ratio": 48.42,
            "inventory_turnover_ratio": 0.97,
            "account_receivable_turnover_ratio": 1.36,
            "reinvestment_rate": null,
            "research_to_sale_ratio": 1.04,
            "price_fair": 15.4,
            "eps_avg_yearly": 0.44,
            "eps_latest_yearly": 0.44,
            "eps_growth_yearly": 1800
        },
        "20163": {
            "year_quarter": 20163,
            "year": 2016,
            "quarter": 3,
            "eps": 0.06,
            "eps_growth_year": -86.36,
            "eps_4q": -0.2,
            "eps_4q_growth_year": -331.87,
            "roe": 0.54,
            "roe_4q": -1.48,
            "gross_profit": 443571,
            "gross_margin": 31.89,
            "gross_margin_4q_avg": 31.92,
            "net_income": 31771,
            "revenue": 1390846,
            "common_shares": 4945134,
            "book_valuer_per_share": 10.48,
            "book_valuer_per_share_4q_avg": 10.78,
            "equity": 5871401,
            "current_ratio": 92.08,
            "debt_ratio": 49.79,
            "inventory_turnover_ratio": 1.49,
            "account_receivable_turnover_ratio": 1.4,
            "reinvestment_rate": null,
            "research_to_sale_ratio": 0.74,
            "price_fair": 0,
            "eps_avg_yearly": 0,
            "eps_latest_yearly": 0,
            "eps_growth_yearly": 0
        },
        "20164": {
            "year_quarter": 20164,
            "year": 2016,
            "quarter": 4,
            "eps": 0.33,
            "eps_growth_year": null,
            "eps_4q": 0.21,
            "eps_4q_growth_year": 110.22,
            "roe": 2.81,
            "roe_4q": 1.94,
            "gross_profit": 220549,
            "gross_margin": 27.53,
            "gross_margin_4q_avg": 31.35,
            "net_income": 167628,
            "revenue": 801266,
            "common_shares": 4945134,
            "book_valuer_per_share": 10.82,
            "book_valuer_per_share_4q_avg": 10.72,
            "equity": 6041375,
            "current_ratio": 74.27,
            "debt_ratio": 47.67,
            "inventory_turnover_ratio": 1.05,
            "account_receivable_turnover_ratio": 0.91,
            "reinvestment_rate": null,
            "research_to_sale_ratio": 1.88,
            "price_fair": 46.2,
            "eps_avg_yearly": 1.32,
            "eps_latest_yearly": 1.32,
            "eps_growth_yearly": 1800
        },
        "20171": {
            "year_quarter": 20171,
            "year": 2017,
            "quarter": 1,
            "eps": -0.05,
            "eps_growth_year": null,
            "eps_4q": 0.23,
            "eps_4q_growth_year": 42.37,
            "roe": -0.38,
            "roe_4q": 2.1,
            "gross_profit": 278568,
            "gross_margin": 29.83,
            "gross_margin_4q_avg": 31.18,
            "net_income": -22853,
            "revenue": 933729,
            "common_shares": 4945134,
            "book_valuer_per_share": 10.64,
            "book_valuer_per_share_4q_avg": 10.66,
            "equity": 5955390,
            "current_ratio": 70.21,
            "debt_ratio": 48.22,
            "inventory_turnover_ratio": 1.21,
            "account_receivable_turnover_ratio": 1.46,
            "reinvestment_rate": null,
            "research_to_sale_ratio": 1.15,
            "price_fair": 46.2,
            "eps_avg_yearly": 1.32,
            "eps_latest_yearly": 1.32,
            "eps_growth_yearly": 1800
        },
        "20172": {
            "year_quarter": 20172,
            "year": 2017,
            "quarter": 2,
            "eps": -0.07,
            "eps_growth_year": null,
            "eps_4q": 0.27,
            "eps_4q_growth_year": 57.03,
            "roe": -0.54,
            "roe_4q": 2.43,
            "gross_profit": 303634,
            "gross_margin": 32.64,
            "gross_margin_4q_avg": 30.47,
            "net_income": -31976,
            "revenue": 930368,
            "common_shares": 4945134,
            "book_valuer_per_share": 10.63,
            "book_valuer_per_share_4q_avg": 10.64,
            "equity": 5953264,
            "current_ratio": 65.42,
            "debt_ratio": 49.24,
            "inventory_turnover_ratio": 1.07,
            "account_receivable_turnover_ratio": 1.33,
            "reinvestment_rate": null,
            "research_to_sale_ratio": 1.22,
            "price_fair": 46.2,
            "eps_avg_yearly": 1.32,
            "eps_latest_yearly": 1.32,
            "eps_growth_yearly": 1800
        },
        "20173": {
            "year_quarter": 20173,
            "year": 2017,
            "quarter": 3,
            "eps": 0.13,
            "eps_growth_year": 116.67,
            "eps_4q": 0.34,
            "eps_4q_growth_year": null,
            "roe": 1.1,
            "roe_4q": 2.99,
            "gross_profit": 491799,
            "gross_margin": 32.62,
            "gross_margin_4q_avg": 30.66,
            "net_income": 65969,
            "revenue": 1507813,
            "common_shares": 4945134,
            "book_valuer_per_share": 10.76,
            "book_valuer_per_share_4q_avg": 10.71,
            "equity": 6018646,
            "current_ratio": 67.68,
            "debt_ratio": 52.21,
            "inventory_turnover_ratio": 1.79,
            "account_receivable_turnover_ratio": 1.51,
            "reinvestment_rate": null,
            "research_to_sale_ratio": 0.71,
            "price_fair": 46.2,
            "eps_avg_yearly": 1.32,
            "eps_latest_yearly": 1.32,
            "eps_growth_yearly": 1800
        },
        "20174": {
            "year_quarter": 20174,
            "year": 2017,
            "quarter": 4,
            "eps": 0.27,
            "eps_growth_year": -20.35,
            "eps_4q": 0.27,
            "eps_4q_growth_year": 28.9,
            "roe": 2.21,
            "roe_4q": 2.39,
            "gross_profit": 230670,
            "gross_margin": 29.78,
            "gross_margin_4q_avg": 31.22,
            "net_income": 134013,
            "revenue": 774580,
            "common_shares": 4945134,
            "book_valuer_per_share": 10.95,
            "book_valuer_per_share_4q_avg": 10.75,
            "equity": 6123799,
            "current_ratio": 70.57,
            "debt_ratio": 49.98,
            "inventory_turnover_ratio": 1,
            "account_receivable_turnover_ratio": 0.85,
            "reinvestment_rate": null,
            "research_to_sale_ratio": 1.82,
            "price_fair": 42,
            "eps_avg_yearly": 1.2,
            "eps_latest_yearly": 1.08,
            "eps_growth_yearly": 1115.38
        },
        "20181": {
            "year_quarter": 20181,
            "year": 2018,
            "quarter": 1,
            "eps": 0.08,
            "eps_growth_year": null,
            "eps_4q": 0.4,
            "eps_4q_growth_year": 76.03,
            "roe": 0.65,
            "roe_4q": 3.42,
            "gross_profit": 325598,
            "gross_margin": 31.66,
            "gross_margin_4q_avg": 31.68,
            "net_income": 40078,
            "revenue": 1028433,
            "common_shares": 4945134,
            "book_valuer_per_share": 11.26,
            "book_valuer_per_share_4q_avg": 10.9,
            "equity": 6298425,
            "current_ratio": 66.59,
            "debt_ratio": 50.55,
            "inventory_turnover_ratio": 1.22,
            "account_receivable_turnover_ratio": 1.52,
            "reinvestment_rate": -1099.52,
            "research_to_sale_ratio": 1.13,
            "price_fair": 31.73,
            "eps_avg_yearly": 0.91,
            "eps_latest_yearly": 0.32,
            "eps_growth_yearly": 649.76
        },
        "20182": {
            "year_quarter": 20182,
            "year": 2018,
            "quarter": 2,
            "eps": -0.07,
            "eps_growth_year": null,
            "eps_4q": 0.4,
            "eps_4q_growth_year": 46.45,
            "roe": -0.5,
            "roe_4q": 3.46,
            "gross_profit": 328813,
            "gross_margin": 34.46,
            "gross_margin_4q_avg": 32.13,
            "net_income": -31688,
            "revenue": 954079,
            "common_shares": 4945134,
            "book_valuer_per_share": 11.29,
            "book_valuer_per_share_4q_avg": 11.07,
            "equity": 6307380,
            "current_ratio": 65.5,
            "debt_ratio": 50.9,
            "inventory_turnover_ratio": 1.03,
            "account_receivable_turnover_ratio": 1.21,
            "reinvestment_rate": -753.69,
            "research_to_sale_ratio": 0.94,
            "price_fair": 31.73,
            "eps_avg_yearly": 0.91,
            "eps_latest_yearly": 0.32,
            "eps_growth_yearly": 649.76
        },
        "20183": {
            "year_quarter": 20183,
            "year": 2018,
            "quarter": 3,
            "eps": 0.13,
            "eps_growth_year": 0,
            "eps_4q": 0.4,
            "eps_4q_growth_year": 18.8,
            "roe": 1.09,
            "roe_4q": 3.45,
            "gross_profit": 507713,
            "gross_margin": 32.62,
            "gross_margin_4q_avg": 32.13,
            "net_income": 69004,
            "revenue": 1556329,
            "common_shares": 4945134,
            "book_valuer_per_share": 11.27,
            "book_valuer_per_share_4q_avg": 11.19,
            "equity": 6301845,
            "current_ratio": 70.67,
            "debt_ratio": 51.83,
            "inventory_turnover_ratio": 1.7,
            "account_receivable_turnover_ratio": 1.49,
            "reinvestment_rate": -567.77,
            "research_to_sale_ratio": 0.58,
            "price_fair": 31.73,
            "eps_avg_yearly": 0.91,
            "eps_latest_yearly": 0.32,
            "eps_growth_yearly": 649.76
        },
        "20184": {
            "year_quarter": 20184,
            "year": 2018,
            "quarter": 4,
            "eps": -0.04,
            "eps_growth_year": -114.08,
            "eps_4q": 0.1,
            "eps_4q_growth_year": -64.02,
            "roe": -0.23,
            "roe_4q": 1.0100000000000002,
            "gross_profit": 218439,
            "gross_margin": 27.9,
            "gross_margin_4q_avg": 31.66,
            "net_income": -14707,
            "revenue": 782978,
            "common_shares": 4945134,
            "book_valuer_per_share": 11.18,
            "book_valuer_per_share_4q_avg": 11.25,
            "equity": 6271960,
            "current_ratio": 59.52,
            "debt_ratio": 50.16,
            "inventory_turnover_ratio": 0.95,
            "account_receivable_turnover_ratio": 0.82,
            "reinvestment_rate": -541.24,
            "research_to_sale_ratio": 1.42,
            "price_fair": 31.73,
            "eps_avg_yearly": 0.91,
            "eps_latest_yearly": 0.32,
            "eps_growth_yearly": 649.76
        },
        "20191": {
            "year_quarter": 20191,
            "year": 2019,
            "quarter": 1,
            "eps": 0.03,
            "eps_growth_year": -62.5,
            "eps_4q": 0.05,
            "eps_4q_growth_year": -88.3,
            "roe": 0.26,
            "roe_4q": 0.6200000000000001,
            "gross_profit": 308201,
            "gross_margin": 30.92,
            "gross_margin_4q_avg": 31.48,
            "net_income": 16528,
            "revenue": 996828,
            "common_shares": 4945134,
            "book_valuer_per_share": 11.32,
            "book_valuer_per_share_4q_avg": 11.27,
            "equity": 6345310,
            "current_ratio": 74.41,
            "debt_ratio": 50.25,
            "inventory_turnover_ratio": 1.1,
            "account_receivable_turnover_ratio": 1.49,
            "reinvestment_rate": -424.41,
            "research_to_sale_ratio": 0.93,
            "price_fair": 31.73,
            "eps_avg_yearly": 0.91,
            "eps_latest_yearly": 0.32,
            "eps_growth_yearly": 649.76
        },
        "20192": {
            "year_quarter": 20192,
            "year": 2019,
            "quarter": 2,
            "eps": 0.01,
            "eps_growth_year": null,
            "eps_4q": 0.13,
            "eps_4q_growth_year": -67.4,
            "roe": 0.14,
            "roe_4q": 1.26,
            "gross_profit": 357133,
            "gross_margin": 33.82,
            "gross_margin_4q_avg": 31.32,
            "net_income": 9042,
            "revenue": 1055976,
            "common_shares": 4945134,
            "book_valuer_per_share": 11.31,
            "book_valuer_per_share_4q_avg": 11.27,
            "equity": 6338634,
            "current_ratio": 73.61,
            "debt_ratio": 50.9,
            "inventory_turnover_ratio": 1,
            "account_receivable_turnover_ratio": 1.34,
            "reinvestment_rate": -366.67,
            "research_to_sale_ratio": 0.92,
            "price_fair": 24.15,
            "eps_avg_yearly": 0.69,
            "eps_latest_yearly": 0.04,
            "eps_growth_yearly": 420.66
        },
        "20193": {
            "year_quarter": 20193,
            "year": 2019,
            "quarter": 3,
            "eps": 0.16,
            "eps_growth_year": 23.08,
            "eps_4q": 0.16,
            "eps_4q_growth_year": -60.28,
            "roe": 1.33,
            "roe_4q": 1.5000000000000002,
            "gross_profit": 501134,
            "gross_margin": 32.09,
            "gross_margin_4q_avg": 31.18,
            "net_income": 84740,
            "revenue": 1561664,
            "common_shares": 4945134,
            "book_valuer_per_share": 11.35,
            "book_valuer_per_share_4q_avg": 11.29,
            "equity": 6367205,
            "current_ratio": 75.88,
            "debt_ratio": 51.46,
            "inventory_turnover_ratio": 1.54,
            "account_receivable_turnover_ratio": 1.46,
            "reinvestment_rate": -96.29,
            "research_to_sale_ratio": 0.96,
            "price_fair": 23.8,
            "eps_avg_yearly": 0.68,
            "eps_latest_yearly": 0.64,
            "eps_growth_yearly": 1536.52
        },
        "20194": {
            "year_quarter": 20194,
            "year": 2019,
            "quarter": 4,
            "eps": -0.1,
            "eps_growth_year": null,
            "eps_4q": 0.1,
            "eps_4q_growth_year": 0.36,
            "roe": -0.7,
            "roe_4q": 1.0300000000000002,
            "gross_profit": 244043,
            "gross_margin": 28.58,
            "gross_margin_4q_avg": 31.35,
            "net_income": -44977,
            "revenue": 853770,
            "common_shares": 4945134,
            "book_valuer_per_share": 11.49,
            "book_valuer_per_share_4q_avg": 11.37,
            "equity": 6439266,
            "current_ratio": 65.06,
            "debt_ratio": 50.07,
            "inventory_turnover_ratio": 1,
            "account_receivable_turnover_ratio": 0.89,
            "reinvestment_rate": -130.49,
            "research_to_sale_ratio": 1,
            "price_fair": 23.8,
            "eps_avg_yearly": 0.68,
            "eps_latest_yearly": 0.64,
            "eps_growth_yearly": 1536.52
        },
        "20201": {
            "year_quarter": 20201,
            "year": 2020,
            "quarter": 1,
            "eps": 0.05,
            "eps_growth_year": 66.67,
            "eps_4q": 0.12,
            "eps_4q_growth_year": 158.66,
            "roe": 0.42,
            "roe_4q": 1.19,
            "gross_profit": 370968,
            "gross_margin": 32.19,
            "gross_margin_4q_avg": 31.67,
            "net_income": 26727,
            "revenue": 1152420,
            "common_shares": 4945134,
            "book_valuer_per_share": 11.11,
            "book_valuer_per_share_4q_avg": 11.32,
            "equity": 6256990,
            "current_ratio": 64.05,
            "debt_ratio": 50.6,
            "inventory_turnover_ratio": 1.37,
            "account_receivable_turnover_ratio": 1.53,
            "reinvestment_rate": -127.29,
            "research_to_sale_ratio": 0.8,
            "price_fair": 23.8,
            "eps_avg_yearly": 0.68,
            "eps_latest_yearly": 0.64,
            "eps_growth_yearly": 1536.52
        },
        "20202": {
            "year_quarter": 20202,
            "year": 2020,
            "quarter": 2,
            "eps": 0.1,
            "eps_growth_year": 900,
            "eps_4q": 0.21,
            "eps_4q_growth_year": 65.92,
            "roe": 0.86,
            "roe_4q": 1.9100000000000001,
            "gross_profit": 351005,
            "gross_margin": 35.17,
            "gross_margin_4q_avg": 32.01,
            "net_income": 54678,
            "revenue": 998150,
            "common_shares": 4945134,
            "book_valuer_per_share": 11.56,
            "book_valuer_per_share_4q_avg": 11.38,
            "equity": 6470423,
            "current_ratio": 62.36,
            "debt_ratio": 49.63,
            "inventory_turnover_ratio": 1.06,
            "account_receivable_turnover_ratio": 1.21,
            "reinvestment_rate": -82.38,
            "research_to_sale_ratio": 1,
            "price_fair": 22.17,
            "eps_avg_yearly": 0.63,
            "eps_latest_yearly": 0.4,
            "eps_growth_yearly": 1347.1
        },
        "20203": {
            "year_quarter": 20203,
            "year": 2020,
            "quarter": 3,
            "eps": 0.36,
            "eps_growth_year": 125,
            "eps_4q": 0.41,
            "eps_4q_growth_year": 156.91,
            "roe": 2.78,
            "roe_4q": 3.3599999999999994,
            "gross_profit": 545397,
            "gross_margin": 33.36,
            "gross_margin_4q_avg": 32.33,
            "net_income": 182920,
            "revenue": 1634878,
            "common_shares": 4945134,
            "book_valuer_per_share": 12.01,
            "book_valuer_per_share_4q_avg": 11.54,
            "equity": 6698503,
            "current_ratio": 68.11,
            "debt_ratio": 50.53,
            "inventory_turnover_ratio": 1.72,
            "account_receivable_turnover_ratio": 1.52,
            "reinvestment_rate": -45.57,
            "research_to_sale_ratio": 0.56,
            "price_fair": 26.2,
            "eps_avg_yearly": 0.75,
            "eps_latest_yearly": 1.44,
            "eps_growth_yearly": 1303.23
        },
        "20204": {
            "year_quarter": 20204,
            "year": 2020,
            "quarter": 4,
            "eps": -0.04,
            "eps_growth_year": null,
            "eps_4q": 0.47,
            "eps_4q_growth_year": 384.52,
            "roe": -0.22,
            "roe_4q": 3.8399999999999994,
            "gross_profit": 251634,
            "gross_margin": 30.35,
            "gross_margin_4q_avg": 32.77,
            "net_income": -14931,
            "revenue": 829038,
            "common_shares": 4945134,
            "book_valuer_per_share": 12.31,
            "book_valuer_per_share_4q_avg": 11.75,
            "equity": 6858474,
            "current_ratio": 63.88,
            "debt_ratio": 48.59,
            "inventory_turnover_ratio": 0.89,
            "account_receivable_turnover_ratio": 0.84,
            "reinvestment_rate": 30.38,
            "research_to_sale_ratio": 1.65,
            "price_fair": 22.87,
            "eps_avg_yearly": 0.65,
            "eps_latest_yearly": 1.44,
            "eps_growth_yearly": 1220.44
        },
        "20211": {
            "year_quarter": 20211,
            "year": 2021,
            "quarter": 1,
            "eps": 0.14,
            "eps_growth_year": 180,
            "eps_4q": 0.56,
            "eps_4q_growth_year": 364.15,
            "roe": 1.04,
            "roe_4q": 4.46,
            "gross_profit": 345916,
            "gross_margin": 31.57,
            "gross_margin_4q_avg": 32.61,
            "net_income": 73165,
            "revenue": 1095839,
            "common_shares": 4945134,
            "book_valuer_per_share": 13.06,
            "book_valuer_per_share_4q_avg": 12.24,
            "equity": 7242559,
            "current_ratio": 58.05,
            "debt_ratio": 47.13,
            "inventory_turnover_ratio": 1.06,
            "account_receivable_turnover_ratio": 1.55,
            "reinvestment_rate": 62.63,
            "research_to_sale_ratio": 1,
            "price_fair": 22.87,
            "eps_avg_yearly": 0.65,
            "eps_latest_yearly": 1.44,
            "eps_growth_yearly": 1220.44
        },
        "20212": {
            "year_quarter": 20212,
            "year": 2021,
            "quarter": 2,
            "eps": 0.23,
            "eps_growth_year": 130,
            "eps_4q": 0.69,
            "eps_4q_growth_year": 221.39,
            "roe": 1.62,
            "roe_4q": 5.22,
            "gross_profit": 398736,
            "gross_margin": 33.84,
            "gross_margin_4q_avg": 32.28,
            "net_income": 117660,
            "revenue": 1178395,
            "common_shares": 4945134,
            "book_valuer_per_share": 13.26,
            "book_valuer_per_share_4q_avg": 12.66,
            "equity": 7325766,
            "current_ratio": 59.43,
            "debt_ratio": 47.62,
            "inventory_turnover_ratio": 1.06,
            "account_receivable_turnover_ratio": 1.31,
            "reinvestment_rate": 24.96,
            "research_to_sale_ratio": 1.09,
            "price_fair": 24.2,
            "eps_avg_yearly": 0.69,
            "eps_latest_yearly": 0.92,
            "eps_growth_yearly": 1082.82
        },
        "20213": {
            "year_quarter": 20213,
            "year": 2021,
            "quarter": 3,
            "eps": 0.18,
            "eps_growth_year": -50,
            "eps_4q": 0.51,
            "eps_4q_growth_year": 25.91,
            "roe": 1.29,
            "roe_4q": 3.73,
            "gross_profit": 466828,
            "gross_margin": 30.91,
            "gross_margin_4q_avg": 31.67,
            "net_income": 94485,
            "revenue": 1510363,
            "common_shares": 4945134,
            "book_valuer_per_share": 13.36,
            "book_valuer_per_share_4q_avg": 13,
            "equity": 7377760,
            "current_ratio": 69.17,
            "debt_ratio": 47.91,
            "inventory_turnover_ratio": 1.44,
            "account_receivable_turnover_ratio": 1.34,
            "reinvestment_rate": -45.74,
            "research_to_sale_ratio": 0.91,
            "price_fair": 24.33,
            "eps_avg_yearly": 0.7,
            "eps_latest_yearly": 0.72,
            "eps_growth_yearly": 936.6
        },
        "20214": {
            "year_quarter": 20214,
            "year": 2021,
            "quarter": 4,
            "eps": -0.15,
            "eps_growth_year": null,
            "eps_4q": 0.41,
            "eps_4q_growth_year": -13.62,
            "roe": -0.92,
            "roe_4q": 3.0300000000000002,
            "gross_profit": 247908,
            "gross_margin": 26.76,
            "gross_margin_4q_avg": 30.77,
            "net_income": -68143,
            "revenue": 926283,
            "common_shares": 4945134,
            "book_valuer_per_share": 13.39,
            "book_valuer_per_share_4q_avg": 13.27,
            "equity": 7397369,
            "current_ratio": 88.41,
            "debt_ratio": 46.54,
            "inventory_turnover_ratio": 0.93,
            "account_receivable_turnover_ratio": 0.96,
            "reinvestment_rate": -54.56,
            "research_to_sale_ratio": 1.59,
            "price_fair": 22.4,
            "eps_avg_yearly": 0.64,
            "eps_latest_yearly": 0.72,
            "eps_growth_yearly": 1008.86
        },
        "20221": {
            "year_quarter": 20221,
            "year": 2022,
            "quarter": 1,
            "eps": 0.1,
            "eps_growth_year": -28.57,
            "eps_4q": 0.37,
            "eps_4q_growth_year": -33.08,
            "roe": 0.73,
            "roe_4q": 2.72,
            "gross_profit": 339774,
            "gross_margin": 30.06,
            "gross_margin_4q_avg": 30.39,
            "net_income": 54856,
            "revenue": 1130291,
            "common_shares": 4945134,
            "book_valuer_per_share": 13.66,
            "book_valuer_per_share_4q_avg": 13.42,
            "equity": 7546426,
            "current_ratio": 92.56,
            "debt_ratio": 46.05,
            "inventory_turnover_ratio": 0.94,
            "account_receivable_turnover_ratio": 1.52,
            "reinvestment_rate": 102.4,
            "research_to_sale_ratio": 0.92,
            "price_fair": 24.27,
            "eps_avg_yearly": 0.69,
            "eps_latest_yearly": 0.72,
            "eps_growth_yearly": 1223.92
        },
        "20222": {
            "year_quarter": 20222,
            "year": 2022,
            "quarter": 2,
            "eps": -0.04,
            "eps_growth_year": -117.39,
            "eps_4q": 0.11,
            "eps_4q_growth_year": -84.59,
            "roe": -0.24,
            "roe_4q": 0.86,
            "gross_profit": 346667,
            "gross_margin": 31.49,
            "gross_margin_4q_avg": 29.81,
            "net_income": -17557,
            "revenue": 1100977,
            "common_shares": 4945134,
            "book_valuer_per_share": 12.96,
            "book_valuer_per_share_4q_avg": 13.34,
            "equity": 7188469,
            "current_ratio": 89.61,
            "debt_ratio": 48.4,
            "inventory_turnover_ratio": 0.8,
            "account_receivable_turnover_ratio": 1.29,
            "reinvestment_rate": 68.47,
            "research_to_sale_ratio": 0.98,
            "price_fair": 24.27,
            "eps_avg_yearly": 0.69,
            "eps_latest_yearly": 0.72,
            "eps_growth_yearly": 1223.92
        },
        "20223": {
            "year_quarter": 20223,
            "year": 2022,
            "quarter": 3,
            "eps": 0.52,
            "eps_growth_year": 188.89,
            "eps_4q": 0.45,
            "eps_4q_growth_year": -13.42,
            "roe": 3.61,
            "roe_4q": 3.1799999999999997,
            "gross_profit": 485598,
            "gross_margin": 30.11,
            "gross_margin_4q_avg": 29.61,
            "net_income": 262599,
            "revenue": 1612628,
            "common_shares": 4945134,
            "book_valuer_per_share": 13.36,
            "book_valuer_per_share_4q_avg": 13.34,
            "equity": 7356501,
            "current_ratio": 97.28,
            "debt_ratio": 47.39,
            "inventory_turnover_ratio": 1.19,
            "account_receivable_turnover_ratio": 1.49,
            "reinvestment_rate": 27.27,
            "research_to_sale_ratio": 0.85,
            "price_fair": 24.27,
            "eps_avg_yearly": 0.69,
            "eps_latest_yearly": 0.72,
            "eps_growth_yearly": 1223.92
        },
        "20224": {
            "year_quarter": 20224,
            "year": 2022,
            "quarter": 4,
            "eps": -0.03,
            "eps_growth_year": null,
            "eps_4q": 0.56,
            "eps_4q_growth_year": 38.13,
            "roe": -0.16,
            "roe_4q": 3.94,
            "gross_profit": 264911,
            "gross_margin": 27.69,
            "gross_margin_4q_avg": 29.84,
            "net_income": -12105,
            "revenue": 956729,
            "common_shares": 4945134,
            "book_valuer_per_share": 13.66,
            "book_valuer_per_share_4q_avg": 13.41,
            "equity": 7517472,
            "current_ratio": 89.52,
            "debt_ratio": 45.35,
            "inventory_turnover_ratio": 0.75,
            "account_receivable_turnover_ratio": 0.95,
            "reinvestment_rate": 32.91,
            "research_to_sale_ratio": 1.42,
            "price_fair": 24.27,
            "eps_avg_yearly": 0.69,
            "eps_latest_yearly": 0.72,
            "eps_growth_yearly": 1223.92
        },
        "20231": {
            "year_quarter": 20231,
            "year": 2023,
            "quarter": 1,
            "eps": 0.13,
            "eps_growth_year": 30,
            "eps_4q": 0.59,
            "eps_4q_growth_year": 57.85,
            "roe": 0.93,
            "roe_4q": 4.14,
            "gross_profit": 317610,
            "gross_margin": 27.12,
            "gross_margin_4q_avg": 29.1,
            "net_income": 70278,
            "revenue": 1171271,
            "common_shares": 4945134,
            "book_valuer_per_share": 13.76,
            "book_valuer_per_share_4q_avg": 13.44,
            "equity": 7576939,
            "current_ratio": 81.07,
            "debt_ratio": 46.08,
            "inventory_turnover_ratio": 0.91,
            "account_receivable_turnover_ratio": 1.52,
            "reinvestment_rate": -8.82,
            "research_to_sale_ratio": 0.88,
            "price_fair": 24.27,
            "eps_avg_yearly": 0.69,
            "eps_latest_yearly": 0.72,
            "eps_growth_yearly": 1223.92
        }
    },
    "months": {
        "2001-06": {
            "month": "2001-06",
            "price": "5.27",
            "revenue": 301221
        },
        "2001-07": {
            "month": "2001-07",
            "price": "4.60",
            "revenue": 263190
        },
        "2001-08": {
            "month": "2001-08",
            "price": "4.88",
            "revenue": 506991
        },
        "2001-09": {
            "month": "2001-09",
            "price": "5.22",
            "revenue": 311664
        },
        "2001-10": {
            "month": "2001-10",
            "price": "5.12",
            "revenue": 197844
        },
        "2001-11": {
            "month": "2001-11",
            "price": "4.97",
            "revenue": 226752
        },
        "2001-12": {
            "month": "2001-12",
            "price": "5.58",
            "revenue": 303059
        },
        "2002-01": {
            "month": "2002-01",
            "price": "5.38",
            "revenue": 265773
        },
        "2002-02": {
            "month": "2002-02",
            "price": "5.11",
            "revenue": 203319
        },
        "2002-03": {
            "month": "2002-03",
            "price": "5.50",
            "revenue": 209628
        },
        "2002-04": {
            "month": "2002-04",
            "price": "6.26",
            "revenue": 282346
        },
        "2002-05": {
            "month": "2002-05",
            "price": "5.83",
            "revenue": 279172
        },
        "2002-06": {
            "month": "2002-06",
            "price": "5.89",
            "revenue": 309066
        },
        "2002-07": {
            "month": "2002-07",
            "price": "5.57",
            "revenue": 386372
        },
        "2002-08": {
            "month": "2002-08",
            "price": "5.22",
            "revenue": 563865
        },
        "2002-09": {
            "month": "2002-09",
            "price": "5.00",
            "revenue": 378380
        },
        "2002-10": {
            "month": "2002-10",
            "price": "5.07",
            "revenue": 301184
        },
        "2002-11": {
            "month": "2002-11",
            "price": "6.29",
            "revenue": 366559
        },
        "2002-12": {
            "month": "2002-12",
            "price": "11.21",
            "revenue": 405675
        },
        "2003-01": {
            "month": "2003-01",
            "price": "11.27",
            "revenue": 514222
        },
        "2003-02": {
            "month": "2003-02",
            "price": "9.68",
            "revenue": 178483
        },
        "2003-03": {
            "month": "2003-03",
            "price": "8.96",
            "revenue": 309736
        },
        "2003-04": {
            "month": "2003-04",
            "price": "8.88",
            "revenue": 313021
        },
        "2003-05": {
            "month": "2003-05",
            "price": "8.00",
            "revenue": 342542
        },
        "2003-06": {
            "month": "2003-06",
            "price": "8.44",
            "revenue": 369805
        },
        "2003-07": {
            "month": "2003-07",
            "price": "8.53",
            "revenue": 469574
        },
        "2003-08": {
            "month": "2003-08",
            "price": "8.31",
            "revenue": 574559
        },
        "2003-09": {
            "month": "2003-09",
            "price": "7.78",
            "revenue": 322588
        },
        "2003-10": {
            "month": "2003-10",
            "price": "7.88",
            "revenue": 277887
        },
        "2003-11": {
            "month": "2003-11",
            "price": "8.17",
            "revenue": 250632
        },
        "2003-12": {
            "month": "2003-12",
            "price": "8.00",
            "revenue": 286896
        },
        "2004-01": {
            "month": "2004-01",
            "price": "8.50",
            "revenue": 387181
        },
        "2004-02": {
            "month": "2004-02",
            "price": "9.66",
            "revenue": 209319
        },
        "2004-03": {
            "month": "2004-03",
            "price": "9.50",
            "revenue": 426929
        },
        "2004-04": {
            "month": "2004-04",
            "price": "8.90",
            "revenue": 292593
        },
        "2004-05": {
            "month": "2004-05",
            "price": "7.67",
            "revenue": 336615
        },
        "2004-06": {
            "month": "2004-06",
            "price": "7.51",
            "revenue": 382419
        },
        "2004-07": {
            "month": "2004-07",
            "price": "7.25",
            "revenue": 377928
        },
        "2004-08": {
            "month": "2004-08",
            "price": "6.88",
            "revenue": 616485
        },
        "2004-09": {
            "month": "2004-09",
            "price": "7.46",
            "revenue": 397356
        },
        "2004-10": {
            "month": "2004-10",
            "price": "7.19",
            "revenue": 278539
        },
        "2004-11": {
            "month": "2004-11",
            "price": "6.94",
            "revenue": 310142
        },
        "2004-12": {
            "month": "2004-12",
            "price": "7.20",
            "revenue": 217379
        },
        "2005-01": {
            "month": "2005-01",
            "price": "7.58",
            "revenue": 436519
        },
        "2005-02": {
            "month": "2005-02",
            "price": "7.23",
            "revenue": 217048
        },
        "2005-03": {
            "month": "2005-03",
            "price": "7.18",
            "revenue": 330984
        },
        "2005-04": {
            "month": "2005-04",
            "price": "6.60",
            "revenue": 237780
        },
        "2005-05": {
            "month": "2005-05",
            "price": "7.44",
            "revenue": 409091
        },
        "2005-06": {
            "month": "2005-06",
            "price": "8.52",
            "revenue": 422159
        },
        "2005-07": {
            "month": "2005-07",
            "price": "7.90",
            "revenue": 533274
        },
        "2005-08": {
            "month": "2005-08",
            "price": "7.51",
            "revenue": 576120
        },
        "2005-09": {
            "month": "2005-09",
            "price": "6.76",
            "revenue": 400435
        },
        "2005-10": {
            "month": "2005-10",
            "price": "6.40",
            "revenue": 332842
        },
        "2005-11": {
            "month": "2005-11",
            "price": "6.37",
            "revenue": 331745
        },
        "2005-12": {
            "month": "2005-12",
            "price": "6.74",
            "revenue": 364553
        },
        "2006-01": {
            "month": "2006-01",
            "price": "6.76",
            "revenue": 486382
        },
        "2006-02": {
            "month": "2006-02",
            "price": "6.70",
            "revenue": 218909
        },
        "2006-03": {
            "month": "2006-03",
            "price": "6.33",
            "revenue": 289130
        },
        "2006-04": {
            "month": "2006-04",
            "price": "6.67",
            "revenue": 340311
        },
        "2006-05": {
            "month": "2006-05",
            "price": "7.43",
            "revenue": 396954
        },
        "2006-06": {
            "month": "2006-06",
            "price": "6.62",
            "revenue": 352583
        },
        "2006-07": {
            "month": "2006-07",
            "price": "6.63",
            "revenue": 712256
        },
        "2006-08": {
            "month": "2006-08",
            "price": "6.61",
            "revenue": 394725
        },
        "2006-09": {
            "month": "2006-09",
            "price": "6.44",
            "revenue": 489909
        },
        "2006-10": {
            "month": "2006-10",
            "price": "7.02",
            "revenue": 264969
        },
        "2006-11": {
            "month": "2006-11",
            "price": "7.28",
            "revenue": 266385
        },
        "2006-12": {
            "month": "2006-12",
            "price": "8.52",
            "revenue": 304503
        },
        "2007-01": {
            "month": "2007-01",
            "price": "8.62",
            "revenue": 314802
        },
        "2007-02": {
            "month": "2007-02",
            "price": "8.20",
            "revenue": 286743
        },
        "2007-03": {
            "month": "2007-03",
            "price": "7.60",
            "revenue": 270075
        },
        "2007-04": {
            "month": "2007-04",
            "price": "8.55",
            "revenue": 285267
        },
        "2007-05": {
            "month": "2007-05",
            "price": "8.55",
            "revenue": 395998
        },
        "2007-06": {
            "month": "2007-06",
            "price": "8.74",
            "revenue": 337996
        },
        "2007-07": {
            "month": "2007-07",
            "price": "15.63",
            "revenue": 524693
        },
        "2007-08": {
            "month": "2007-08",
            "price": "15.40",
            "revenue": 641682
        },
        "2007-09": {
            "month": "2007-09",
            "price": "15.63",
            "revenue": 363500
        },
        "2007-10": {
            "month": "2007-10",
            "price": "14.97",
            "revenue": 324566
        },
        "2007-11": {
            "month": "2007-11",
            "price": "12.08",
            "revenue": 230492
        },
        "2007-12": {
            "month": "2007-12",
            "price": "10.72",
            "revenue": 234348
        },
        "2008-01": {
            "month": "2008-01",
            "price": "11.41",
            "revenue": 443472
        },
        "2008-02": {
            "month": "2008-02",
            "price": "11.83",
            "revenue": 206555
        },
        "2008-03": {
            "month": "2008-03",
            "price": "13.41",
            "revenue": 330507
        },
        "2008-04": {
            "month": "2008-04",
            "price": "14.20",
            "revenue": 241512
        },
        "2008-05": {
            "month": "2008-05",
            "price": "13.48",
            "revenue": 296162
        },
        "2008-06": {
            "month": "2008-06",
            "price": "10.50",
            "revenue": 307196
        },
        "2008-07": {
            "month": "2008-07",
            "price": "8.24",
            "revenue": 400471
        },
        "2008-08": {
            "month": "2008-08",
            "price": "7.58",
            "revenue": 562321
        },
        "2008-09": {
            "month": "2008-09",
            "price": "6.27",
            "revenue": 274773
        },
        "2008-10": {
            "month": "2008-10",
            "price": "5.29",
            "revenue": 268488
        },
        "2008-11": {
            "month": "2008-11",
            "price": "5.43",
            "revenue": 233989
        },
        "2008-12": {
            "month": "2008-12",
            "price": "6.66",
            "revenue": 260872
        },
        "2009-01": {
            "month": "2009-01",
            "price": "6.94",
            "revenue": 368861
        },
        "2009-02": {
            "month": "2009-02",
            "price": "5.98",
            "revenue": 231113
        },
        "2009-03": {
            "month": "2009-03",
            "price": "6.32",
            "revenue": 354410
        },
        "2009-04": {
            "month": "2009-04",
            "price": "9.27",
            "revenue": 247735
        },
        "2009-05": {
            "month": "2009-05",
            "price": "11.49",
            "revenue": 303733
        },
        "2009-06": {
            "month": "2009-06",
            "price": "11.83",
            "revenue": 346893
        },
        "2009-07": {
            "month": "2009-07",
            "price": "13.29",
            "revenue": 326471
        },
        "2009-08": {
            "month": "2009-08",
            "price": "12.96",
            "revenue": 610766
        },
        "2009-09": {
            "month": "2009-09",
            "price": "13.03",
            "revenue": 424252
        },
        "2009-10": {
            "month": "2009-10",
            "price": "12.99",
            "revenue": 242546
        },
        "2009-11": {
            "month": "2009-11",
            "price": "12.44",
            "revenue": 257505
        },
        "2009-12": {
            "month": "2009-12",
            "price": "12.67",
            "revenue": 209487
        },
        "2010-01": {
            "month": "2010-01",
            "price": "12.61",
            "revenue": 390349
        },
        "2010-02": {
            "month": "2010-02",
            "price": "10.94",
            "revenue": 341675
        },
        "2010-03": {
            "month": "2010-03",
            "price": "12.13",
            "revenue": 232816
        },
        "2010-04": {
            "month": "2010-04",
            "price": "12.79",
            "revenue": 207415
        },
        "2010-05": {
            "month": "2010-05",
            "price": "11.17",
            "revenue": 234766
        },
        "2010-06": {
            "month": "2010-06",
            "price": "11.95",
            "revenue": 314686
        },
        "2010-07": {
            "month": "2010-07",
            "price": "12.90",
            "revenue": 405479
        },
        "2010-08": {
            "month": "2010-08",
            "price": "13.65",
            "revenue": 542025
        },
        "2010-09": {
            "month": "2010-09",
            "price": "13.71",
            "revenue": 262298
        },
        "2010-10": {
            "month": "2010-10",
            "price": "14.02",
            "revenue": 308734
        },
        "2010-11": {
            "month": "2010-11",
            "price": "13.43",
            "revenue": 201061
        },
        "2010-12": {
            "month": "2010-12",
            "price": "14.44",
            "revenue": 179663
        },
        "2011-01": {
            "month": "2011-01",
            "price": "14.11",
            "revenue": 323491
        },
        "2011-02": {
            "month": "2011-02",
            "price": "13.46",
            "revenue": 164641
        },
        "2011-03": {
            "month": "2011-03",
            "price": "12.68",
            "revenue": 267008
        },
        "2011-04": {
            "month": "2011-04",
            "price": "13.37",
            "revenue": 210202
        },
        "2011-05": {
            "month": "2011-05",
            "price": "13.69",
            "revenue": 222869
        },
        "2011-06": {
            "month": "2011-06",
            "price": "12.77",
            "revenue": 265414
        },
        "2011-07": {
            "month": "2011-07",
            "price": "13.44",
            "revenue": 372036
        },
        "2011-08": {
            "month": "2011-08",
            "price": "12.13",
            "revenue": 445076
        },
        "2011-09": {
            "month": "2011-09",
            "price": "10.17",
            "revenue": 270518
        },
        "2011-10": {
            "month": "2011-10",
            "price": "9.39",
            "revenue": 233256
        },
        "2011-11": {
            "month": "2011-11",
            "price": "9.76",
            "revenue": 201158
        },
        "2011-12": {
            "month": "2011-12",
            "price": "9.42",
            "revenue": 342088
        },
        "2012-01": {
            "month": "2012-01",
            "price": "9.96",
            "revenue": 180185
        },
        "2012-02": {
            "month": "2012-02",
            "price": "10.79",
            "revenue": 165097
        },
        "2012-03": {
            "month": "2012-03",
            "price": "10.56",
            "revenue": 332610
        },
        "2012-04": {
            "month": "2012-04",
            "price": "9.52",
            "revenue": 220641
        },
        "2012-05": {
            "month": "2012-05",
            "price": "9.65",
            "revenue": 225994
        },
        "2012-06": {
            "month": "2012-06",
            "price": "9.73",
            "revenue": 336132
        },
        "2012-07": {
            "month": "2012-07",
            "price": "10.38",
            "revenue": 375101
        },
        "2012-08": {
            "month": "2012-08",
            "price": "10.49",
            "revenue": 551887
        },
        "2012-09": {
            "month": "2012-09",
            "price": "10.19",
            "revenue": 346530
        },
        "2012-10": {
            "month": "2012-10",
            "price": "9.68",
            "revenue": 201670
        },
        "2012-11": {
            "month": "2012-11",
            "price": "8.98",
            "revenue": 220344
        },
        "2012-12": {
            "month": "2012-12",
            "price": "9.92",
            "revenue": 347473
        },
        "2013-01": {
            "month": "2013-01",
            "price": "10.35",
            "revenue": 284578
        },
        "2013-02": {
            "month": "2013-02",
            "price": "10.50",
            "revenue": 260450
        },
        "2013-03": {
            "month": "2013-03",
            "price": "10.53",
            "revenue": 329496
        },
        "2013-04": {
            "month": "2013-04",
            "price": "10.36",
            "revenue": 321280
        },
        "2013-05": {
            "month": "2013-05",
            "price": "10.48",
            "revenue": 387196
        },
        "2013-06": {
            "month": "2013-06",
            "price": "9.92",
            "revenue": 433712
        },
        "2013-07": {
            "month": "2013-07",
            "price": "10.06",
            "revenue": 536326
        },
        "2013-08": {
            "month": "2013-08",
            "price": "10.11",
            "revenue": 602052
        },
        "2013-09": {
            "month": "2013-09",
            "price": "9.82",
            "revenue": 415275
        },
        "2013-10": {
            "month": "2013-10",
            "price": "9.70",
            "revenue": 261488
        },
        "2013-11": {
            "month": "2013-11",
            "price": "9.04",
            "revenue": 209140
        },
        "2013-12": {
            "month": "2013-12",
            "price": "9.12",
            "revenue": 446325
        },
        "2014-01": {
            "month": "2014-01",
            "price": "9.15",
            "revenue": 314326
        },
        "2014-02": {
            "month": "2014-02",
            "price": "9.04",
            "revenue": 233978
        },
        "2014-03": {
            "month": "2014-03",
            "price": "9.70",
            "revenue": 305956
        },
        "2014-04": {
            "month": "2014-04",
            "price": "9.79",
            "revenue": 298616
        },
        "2014-05": {
            "month": "2014-05",
            "price": "9.49",
            "revenue": 359451
        },
        "2014-06": {
            "month": "2014-06",
            "price": "9.22",
            "revenue": 442173
        },
        "2014-07": {
            "month": "2014-07",
            "price": "9.72",
            "revenue": 592324
        },
        "2014-08": {
            "month": "2014-08",
            "price": "9.14",
            "revenue": 537737
        },
        "2014-09": {
            "month": "2014-09",
            "price": "8.75",
            "revenue": 425251
        },
        "2014-10": {
            "month": "2014-10",
            "price": "8.06",
            "revenue": 288753
        },
        "2014-11": {
            "month": "2014-11",
            "price": "8.09",
            "revenue": 230199
        },
        "2014-12": {
            "month": "2014-12",
            "price": "8.04",
            "revenue": 272386
        },
        "2015-01": {
            "month": "2015-01",
            "price": "8.00",
            "revenue": 340294
        },
        "2015-02": {
            "month": "2015-02",
            "price": "7.99",
            "revenue": 343246
        },
        "2015-03": {
            "month": "2015-03",
            "price": "8.07",
            "revenue": 328706
        },
        "2015-04": {
            "month": "2015-04",
            "price": "8.10",
            "revenue": 323942
        },
        "2015-05": {
            "month": "2015-05",
            "price": "7.93",
            "revenue": 359323
        },
        "2015-06": {
            "month": "2015-06",
            "price": "7.38",
            "revenue": 466578
        },
        "2015-07": {
            "month": "2015-07",
            "price": "7.58",
            "revenue": 601653
        },
        "2015-08": {
            "month": "2015-08",
            "price": "7.19",
            "revenue": 684221
        },
        "2015-09": {
            "month": "2015-09",
            "price": "6.47",
            "revenue": 391263
        },
        "2015-10": {
            "month": "2015-10",
            "price": "6.73",
            "revenue": 242388
        },
        "2015-11": {
            "month": "2015-11",
            "price": "6.94",
            "revenue": 235723
        },
        "2015-12": {
            "month": "2015-12",
            "price": "7.81",
            "revenue": 247994
        },
        "2016-01": {
            "month": "2016-01",
            "price": "8.10",
            "revenue": 363377
        },
        "2016-02": {
            "month": "2016-02",
            "price": "8.25",
            "revenue": 277750
        },
        "2016-03": {
            "month": "2016-03",
            "price": "8.25",
            "revenue": 265688
        },
        "2016-04": {
            "month": "2016-04",
            "price": "8.16",
            "revenue": 278133
        },
        "2016-05": {
            "month": "2016-05",
            "price": "7.83",
            "revenue": 324102
        },
        "2016-06": {
            "month": "2016-06",
            "price": "8.13",
            "revenue": 413384
        },
        "2016-07": {
            "month": "2016-07",
            "price": "8.17",
            "revenue": 453952
        },
        "2016-08": {
            "month": "2016-08",
            "price": "8.10",
            "revenue": 599499
        },
        "2016-09": {
            "month": "2016-09",
            "price": "7.87",
            "revenue": 337564
        },
        "2016-10": {
            "month": "2016-10",
            "price": "7.65",
            "revenue": 257937
        },
        "2016-11": {
            "month": "2016-11",
            "price": "7.25",
            "revenue": 246358
        },
        "2016-12": {
            "month": "2016-12",
            "price": "7.38",
            "revenue": 292255
        },
        "2017-01": {
            "month": "2017-01",
            "price": "7.39",
            "revenue": 391125
        },
        "2017-02": {
            "month": "2017-02",
            "price": "7.58",
            "revenue": 257183
        },
        "2017-03": {
            "month": "2017-03",
            "price": "7.56",
            "revenue": 286108
        },
        "2017-04": {
            "month": "2017-04",
            "price": "7.56",
            "revenue": 271972
        },
        "2017-05": {
            "month": "2017-05",
            "price": "7.52",
            "revenue": 316091
        },
        "2017-06": {
            "month": "2017-06",
            "price": "7.60",
            "revenue": 341617
        },
        "2017-07": {
            "month": "2017-07",
            "price": "7.95",
            "revenue": 457971
        },
        "2017-08": {
            "month": "2017-08",
            "price": "7.84",
            "revenue": 592995
        },
        "2017-09": {
            "month": "2017-09",
            "price": "7.79",
            "revenue": 456849
        },
        "2017-10": {
            "month": "2017-10",
            "price": "7.64",
            "revenue": 261965
        },
        "2017-11": {
            "month": "2017-11",
            "price": "7.52",
            "revenue": 253185
        },
        "2017-12": {
            "month": "2017-12",
            "price": "7.49",
            "revenue": 246169
        },
        "2018-01": {
            "month": "2018-01",
            "price": "7.63",
            "revenue": 373733
        },
        "2018-02": {
            "month": "2018-02",
            "price": "7.27",
            "revenue": 290269
        },
        "2018-03": {
            "month": "2018-03",
            "price": "7.41",
            "revenue": 364432
        },
        "2018-04": {
            "month": "2018-04",
            "price": "7.51",
            "revenue": 252532
        },
        "2018-05": {
            "month": "2018-05",
            "price": "7.69",
            "revenue": 316505
        },
        "2018-06": {
            "month": "2018-06",
            "price": "8.01",
            "revenue": 377313
        },
        "2018-07": {
            "month": "2018-07",
            "price": "7.75",
            "revenue": 478884
        },
        "2018-08": {
            "month": "2018-08",
            "price": "7.88",
            "revenue": 668101
        },
        "2018-09": {
            "month": "2018-09",
            "price": "7.58",
            "revenue": 417077
        },
        "2018-10": {
            "month": "2018-10",
            "price": "7.05",
            "revenue": 244422
        },
        "2018-11": {
            "month": "2018-11",
            "price": "6.86",
            "revenue": 269672
        },
        "2018-12": {
            "month": "2018-12",
            "price": "6.96",
            "revenue": 269710
        },
        "2019-01": {
            "month": "2019-01",
            "price": "6.91",
            "revenue": 379511
        },
        "2019-02": {
            "month": "2019-02",
            "price": "7.07",
            "revenue": 303197
        },
        "2019-03": {
            "month": "2019-03",
            "price": "7.21",
            "revenue": 313572
        },
        "2019-04": {
            "month": "2019-04",
            "price": "7.08",
            "revenue": 287677
        },
        "2019-05": {
            "month": "2019-05",
            "price": "7.01",
            "revenue": 318595
        },
        "2019-06": {
            "month": "2019-06",
            "price": "7.10",
            "revenue": 449669
        },
        "2019-07": {
            "month": "2019-07",
            "price": "7.23",
            "revenue": 482920
        },
        "2019-08": {
            "month": "2019-08",
            "price": "7.07",
            "revenue": 637949
        },
        "2019-09": {
            "month": "2019-09",
            "price": "7.01",
            "revenue": 441377
        },
        "2019-10": {
            "month": "2019-10",
            "price": "6.93",
            "revenue": 284230
        },
        "2019-11": {
            "month": "2019-11",
            "price": "6.97",
            "revenue": 277877
        },
        "2019-12": {
            "month": "2019-12",
            "price": "7.09",
            "revenue": 292321
        },
        "2020-01": {
            "month": "2020-01",
            "price": "7.03",
            "revenue": 405408
        },
        "2020-02": {
            "month": "2020-02",
            "price": "7.17",
            "revenue": 302786
        },
        "2020-03": {
            "month": "2020-03",
            "price": "6.94",
            "revenue": 444287
        },
        "2020-04": {
            "month": "2020-04",
            "price": "7.02",
            "revenue": 291186
        },
        "2020-05": {
            "month": "2020-05",
            "price": "7.11",
            "revenue": 291246
        },
        "2020-06": {
            "month": "2020-06",
            "price": "7.51",
            "revenue": 415560
        },
        "2020-07": {
            "month": "2020-07",
            "price": "7.43",
            "revenue": 430161
        },
        "2020-08": {
            "month": "2020-08",
            "price": "7.53",
            "revenue": 639670
        },
        "2020-09": {
            "month": "2020-09",
            "price": "7.71",
            "revenue": 565045
        },
        "2020-10": {
            "month": "2020-10",
            "price": "7.46",
            "revenue": 266129
        },
        "2020-11": {
            "month": "2020-11",
            "price": "7.84",
            "revenue": 284591
        },
        "2020-12": {
            "month": "2020-12",
            "price": "8.82",
            "revenue": 280185
        },
        "2021-01": {
            "month": "2021-01",
            "price": "8.96",
            "revenue": 411016
        },
        "2021-02": {
            "month": "2021-02",
            "price": "8.53",
            "revenue": 317669
        },
        "2021-03": {
            "month": "2021-03",
            "price": "9.00",
            "revenue": 367154
        },
        "2021-04": {
            "month": "2021-04",
            "price": "10.44",
            "revenue": 273615
        },
        "2021-05": {
            "month": "2021-05",
            "price": "12.12",
            "revenue": 439985
        },
        "2021-06": {
            "month": "2021-06",
            "price": "11.96",
            "revenue": 464795
        },
        "2021-07": {
            "month": "2021-07",
            "price": "11.26",
            "revenue": 441314
        },
        "2021-08": {
            "month": "2021-08",
            "price": "10.65",
            "revenue": 605106
        },
        "2021-09": {
            "month": "2021-09",
            "price": "10.56",
            "revenue": 463500
        },
        "2021-10": {
            "month": "2021-10",
            "price": "10.22",
            "revenue": 305710
        },
        "2021-11": {
            "month": "2021-11",
            "price": "10.41",
            "revenue": 306835
        },
        "2021-12": {
            "month": "2021-12",
            "price": "10.45",
            "revenue": 314921
        },
        "2022-01": {
            "month": "2022-01",
            "price": "10.95",
            "revenue": 442813
        },
        "2022-02": {
            "month": "2022-02",
            "price": "10.84",
            "revenue": 312887
        },
        "2022-03": {
            "month": "2022-03",
            "price": "11.06",
            "revenue": 385888
        },
        "2022-04": {
            "month": "2022-04",
            "price": "11.84",
            "revenue": 301579
        },
        "2022-05": {
            "month": "2022-05",
            "price": "10.97",
            "revenue": 384976
        },
        "2022-06": {
            "month": "2022-06",
            "price": "10.77",
            "revenue": 403129
        },
        "2022-07": {
            "month": "2022-07",
            "price": "10.63",
            "revenue": 512688
        },
        "2022-08": {
            "month": "2022-08",
            "price": "10.00",
            "revenue": 634623
        },
        "2022-09": {
            "month": "2022-09",
            "price": "9.58",
            "revenue": 465279
        },
        "2022-10": {
            "month": "2022-10",
            "price": "9.15",
            "revenue": 316358
        },
        "2022-11": {
            "month": "2022-11",
            "price": "9.91",
            "revenue": 304862
        },
        "2022-12": {
            "month": "2022-12",
            "price": "10.62",
            "revenue": 335992
        },
        "2023-01": {
            "month": "2023-01",
            "price": "10.79",
            "revenue": 447948
        },
        "2023-02": {
            "month": "2023-02",
            "price": "11.13",
            "revenue": 308663
        },
        "2023-03": {
            "month": "2023-03",
            "price": "11.52",
            "revenue": 414639
        },
        "2023-04": {
            "month": "2023-04",
            "price": "11.24",
            "revenue": 342778
        }
    }
}
