{
    "summary": {
        "stock_name": "泰山",
        "stock_id": "1218",
        "category": "食品",
        "main_business": "各種食用油脂之精製及批發零售.各種清涼飲料.冷凍調理食品<br>各種禽畜魚類飼料之加工製造及買賣",
        "website_url": "http://www.taisun.com.tw",
        "ceo": "蔡政達",
        "pe_ratio": 2,
        "report_year_from": 2001,
        "report_year_to": 2023,
        "age": 23,
        "eps_negative_percentage": 35,
        "eps_growth_avg": {
            "last_all": -9.91,
            "last_2y": -10.1,
            "last_4y": 7.64,
            "last_8y": 24.84,
            "last_12y": 9.54,
            "last_16y": 0.28,
            "last_20y": -9.91,
            "at_2006_last_3y": -76.09,
            "at_2007_last_3y": -76.09,
            "at_2008_last_3y": -100,
            "at_2009_last_3y": -100,
            "at_2010_last_3y": -50.66,
            "at_2011_last_3y": -39.99,
            "at_2012_last_3y": -39.99,
            "at_2013_last_3y": -39.99,
            "at_2014_last_3y": -59.33,
            "at_2015_last_3y": -10,
            "at_2016_last_3y": 40,
            "at_2017_last_3y": 60,
            "at_2018_last_3y": 46.34,
            "at_2019_last_3y": 31.7,
            "at_2020_last_3y": 43.47,
            "at_2021_last_3y": 10.89,
            "at_2022_last_3y": 34.55,
            "at_2023_last_3y": 4.19,
            "at_2024_last_3y": 4.19,
            "at_2006_last_all": -76.09,
            "at_2007_last_all": -76.09,
            "at_2008_last_all": -84.06,
            "at_2009_last_all": -84.06,
            "at_2010_last_all": -63.37,
            "at_2011_last_all": -54.43,
            "at_2012_last_all": -62.03,
            "at_2013_last_all": -62.03,
            "at_2014_last_all": -62.03,
            "at_2015_last_all": -41.74,
            "at_2016_last_all": -36.52,
            "at_2017_last_all": -21.35,
            "at_2018_last_all": -18.68,
            "at_2019_last_all": -15.03,
            "at_2020_last_all": -9.86,
            "at_2021_last_all": -11.43,
            "at_2022_last_all": -3.47,
            "at_2023_last_all": -9.91,
            "at_2024_last_all": -9.91
        },
        "latest_eps": 10.72,
        "latest_price": 21.3,
        "latest_roe": 55.12,
        "latest_gross_margin": 15.88,
        "latest_equity": 11969609,
        "latest_revenue": 3300411,
        "latest_gross_profit": 524172,
        "latest_net_income": 174621,
        "latest_debt_ratio": 14.64,
        "latest_current_ratio": 319.86,
        "latest_account_receivable_turnover_ratio": 1.99,
        "latest_inventory_turnover_ratio": 2.09,
        "latest_reinvestment_rate": -35.39,
        "latest_research_to_sale_ratio": null
    },
    "eps_dividends": {
        "1990": {
            "cash": 0,
            "stock": 1.6,
            "eps": 0
        },
        "1991": {
            "cash": 0,
            "stock": 2.2,
            "eps": 0
        },
        "1992": {
            "cash": 0,
            "stock": 2.2,
            "eps": 0
        },
        "1993": {
            "cash": 0.6,
            "stock": 0.6,
            "eps": 0
        },
        "1994": {
            "cash": 0,
            "stock": 0.79,
            "eps": 0
        },
        "2001": {
            "cash": 0,
            "stock": 0.4,
            "eps": -0.36
        },
        "2002": {
            "cash": 0,
            "stock": 0,
            "eps": -0.4
        },
        "2003": {
            "cash": 0,
            "stock": 0,
            "eps": 0.23
        },
        "2004": {
            "cash": 0,
            "stock": 0.4,
            "eps": 0.11
        },
        "2005": {
            "cash": 0,
            "stock": 0.2,
            "eps": -0.17
        },
        "2006": {
            "cash": 0,
            "stock": 0.2,
            "eps": -0.27
        },
        "2007": {
            "cash": 0,
            "stock": 0.1,
            "eps": 0.17
        },
        "2008": {
            "cash": 0,
            "stock": 0,
            "eps": -0.28
        },
        "2009": {
            "cash": 0,
            "stock": 0,
            "eps": 0.76
        },
        "2010": {
            "cash": 0.2,
            "stock": 0.4,
            "eps": 0.75
        },
        "2011": {
            "cash": 0.55,
            "stock": 0.6,
            "eps": 0.61
        },
        "2012": {
            "cash": 0,
            "stock": 0,
            "eps": -0.63
        },
        "2013": {
            "cash": 0,
            "stock": 0,
            "eps": -0.35
        },
        "2014": {
            "cash": 0,
            "stock": 0,
            "eps": 0.2
        },
        "2015": {
            "cash": 0,
            "stock": 0,
            "eps": 0.36
        },
        "2016": {
            "cash": 0,
            "stock": 0,
            "eps": 0.36
        },
        "2017": {
            "cash": 0,
            "stock": 0,
            "eps": 0.93
        },
        "2018": {
            "cash": 0.4,
            "stock": 0,
            "eps": 0.98
        },
        "2019": {
            "cash": 0.8,
            "stock": 0,
            "eps": 1.19
        },
        "2020": {
            "cash": 0.9,
            "stock": 0,
            "eps": 1.75
        },
        "2021": {
            "cash": 1.4,
            "stock": 0,
            "eps": 1.22
        },
        "2022": {
            "cash": 1,
            "stock": 0,
            "eps": 12.17
        },
        "2023": {
            "cash": 0.57,
            "stock": 0,
            "eps": -0.57
        }
    },
    "dividends": {
        "1990-05-07": {
            "cash": 0,
            "stock": 1.6
        },
        "1991-04-20": {
            "cash": 0,
            "stock": 2.2
        },
        "1992-05-09": {
            "cash": 0,
            "stock": 2.2
        },
        "1993-05-08": {
            "cash": 0.6,
            "stock": 0.6
        },
        "1994-06-03": {
            "cash": 0,
            "stock": 0.79
        },
        "2001-06-08": {
            "cash": 0,
            "stock": 0.4
        },
        "2004-04-23": {
            "cash": 0,
            "stock": 0.4
        },
        "2005-04-20": {
            "cash": 0,
            "stock": 0.2
        },
        "2006-04-13": {
            "cash": 0,
            "stock": 0.2
        },
        "2007-04-25": {
            "cash": 0,
            "stock": 0.1
        },
        "2010-04-19": {
            "cash": 0.2,
            "stock": 0.4
        },
        "2011-01-01": {
            "cash": 0.2,
            "stock": 0.3
        },
        "2011-04-29": {
            "cash": 0.35,
            "stock": 0.3
        },
        "2018-08-24": {
            "cash": 0.4,
            "stock": 0
        },
        "2019-07-12": {
            "cash": 0.8,
            "stock": 0
        },
        "2020-07-10": {
            "cash": 0.9,
            "stock": 0
        },
        "2021-10-21": {
            "cash": 1.4,
            "stock": 0
        },
        "2022-07-25": {
            "cash": 1,
            "stock": 0
        },
        "2023-07-04": {
            "cash": 0.57,
            "stock": 0
        }
    },
    "prices": {
        "200101": "4.98",
        "200102": "5.85",
        "200103": "5.77",
        "200104": "5.58",
        "200105": "4.83",
        "200106": "4.44",
        "200107": "3.93",
        "200108": "4.26",
        "200109": "3.70",
        "200110": "3.35",
        "200111": "3.21",
        "200112": "3.77",
        "200201": "4.22",
        "200202": "4.59",
        "200203": "5.30",
        "200204": "6.68",
        "200205": "6.52",
        "200206": "6.60",
        "200207": "6.88",
        "200208": "5.95",
        "200209": "5.13",
        "200210": "4.42",
        "200211": "5.32",
        "200212": "5.98",
        "200301": "6.40",
        "200302": "5.79",
        "200303": "5.51",
        "200304": "5.22",
        "200305": "4.44",
        "200306": "5.00",
        "200307": "5.27",
        "200308": "5.34",
        "200309": "5.02",
        "200310": "5.28",
        "200311": "5.52",
        "200312": "5.36",
        "200401": "6.08",
        "200402": "10.06",
        "200403": "10.72",
        "200404": "9.81",
        "200405": "7.37",
        "200406": "7.23",
        "200407": "7.49",
        "200408": "6.88",
        "200409": "7.00",
        "200410": "7.02",
        "200411": "6.87",
        "200412": "7.25",
        "200501": "7.77",
        "200502": "7.37",
        "200503": "7.35",
        "200504": "6.46",
        "200505": "6.20",
        "200506": "6.98",
        "200507": "6.93",
        "200508": "6.50",
        "200509": "5.95",
        "200510": "5.44",
        "200511": "5.42",
        "200512": "5.73",
        "200601": "6.03",
        "200602": "5.82",
        "200603": "5.48",
        "200604": "5.86",
        "200605": "6.59",
        "200606": "5.98",
        "200607": "6.27",
        "200608": "6.31",
        "200609": "6.11",
        "200610": "6.60",
        "200611": "6.91",
        "200612": "7.46",
        "200701": "7.62",
        "200702": "7.40",
        "200703": "7.11",
        "200704": "8.00",
        "200705": "7.61",
        "200706": "7.93",
        "200707": "11.19",
        "200708": "10.34",
        "200709": "10.46",
        "200710": "10.67",
        "200711": "9.84",
        "200712": "8.82",
        "200801": "9.20",
        "200802": "9.74",
        "200803": "10.89",
        "200804": "11.82",
        "200805": "12.47",
        "200806": "10.46",
        "200807": "8.30",
        "200808": "7.75",
        "200809": "6.01",
        "200810": "5.05",
        "200811": "5.67",
        "200812": "7.37",
        "200901": "7.58",
        "200902": "6.59",
        "200903": "6.91",
        "200904": "8.58",
        "200905": "9.85",
        "200906": "12.27",
        "200907": "12.10",
        "200908": "11.87",
        "200909": "11.50",
        "200910": "12.18",
        "200911": "13.66",
        "200912": "13.16",
        "201001": "13.03",
        "201002": "11.19",
        "201003": "12.32",
        "201004": "12.77",
        "201005": "12.14",
        "201006": "15.32",
        "201007": "17.72",
        "201008": "18.56",
        "201009": "16.82",
        "201010": "18.09",
        "201011": "17.74",
        "201012": "17.91",
        "201101": "18.24",
        "201102": "17.29",
        "201103": "16.30",
        "201104": "18.06",
        "201105": "17.80",
        "201106": "16.55",
        "201107": "19.22",
        "201108": "19.24",
        "201109": "16.25",
        "201110": "15.33",
        "201111": "15.14",
        "201112": "13.91",
        "201201": "14.22",
        "201202": "15.92",
        "201203": "16.97",
        "201204": "15.38",
        "201205": "15.20",
        "201206": "14.70",
        "201207": "15.83",
        "201208": "16.04",
        "201209": "15.82",
        "201210": "16.55",
        "201211": "15.57",
        "201212": "15.96",
        "201301": "15.93",
        "201302": "15.66",
        "201303": "15.50",
        "201304": "14.58",
        "201305": "14.89",
        "201306": "14.50",
        "201307": "14.72",
        "201308": "14.50",
        "201309": "13.91",
        "201310": "14.15",
        "201311": "13.96",
        "201312": "13.56",
        "201401": "13.30",
        "201402": "12.98",
        "201403": "13.94",
        "201404": "13.69",
        "201405": "13.00",
        "201406": "13.23",
        "201407": "13.86",
        "201408": "13.24",
        "201409": "12.84",
        "201410": "11.74",
        "201411": "11.80",
        "201412": "12.15",
        "201501": "11.91",
        "201502": "11.89",
        "201503": "12.22",
        "201504": "12.98",
        "201505": "12.35",
        "201506": "11.90",
        "201507": "11.99",
        "201508": "11.19",
        "201509": "10.44",
        "201510": "10.35",
        "201511": "10.61",
        "201512": "11.57",
        "201601": "11.71",
        "201602": "12.11",
        "201603": "12.98",
        "201604": "12.39",
        "201605": "12.47",
        "201606": "13.19",
        "201607": "13.39",
        "201608": "13.94",
        "201609": "15.46",
        "201610": "17.04",
        "201611": "15.96",
        "201612": "15.30",
        "201701": "15.02",
        "201702": "15.50",
        "201703": "15.17",
        "201704": "14.96",
        "201705": "14.69",
        "201706": "16.76",
        "201707": "21.58",
        "201708": "19.15",
        "201709": "17.92",
        "201710": "18.22",
        "201711": "18.15",
        "201712": "16.93",
        "201801": "17.19",
        "201802": "16.52",
        "201803": "17.23",
        "201804": "17.17",
        "201805": "18.13",
        "201806": "19.73",
        "201807": "17.87",
        "201808": "17.70",
        "201809": "18.66",
        "201810": "16.39",
        "201811": "16.08",
        "201812": "17.43",
        "201901": "17.85",
        "201902": "18.01",
        "201903": "18.32",
        "201904": "18.66",
        "201905": "20.07",
        "201906": "20.99",
        "201907": "19.99",
        "201908": "19.62",
        "201909": "19.87",
        "201910": "20.76",
        "201911": "22.15",
        "201912": "22.31",
        "202001": "21.51",
        "202002": "21.37",
        "202003": "22.13",
        "202004": "23.25",
        "202005": "24.18",
        "202006": "23.91",
        "202007": "23.21",
        "202008": "22.80",
        "202009": "22.14",
        "202010": "22.00",
        "202011": "22.85",
        "202012": "25.35",
        "202101": "27.51",
        "202102": "27.80",
        "202103": "29.11",
        "202104": "31.18",
        "202105": "29.96",
        "202106": "29.19",
        "202107": "29.18",
        "202108": "28.35",
        "202109": "28.42",
        "202110": "27.52",
        "202111": "27.20",
        "202112": "27.11",
        "202201": "27.06",
        "202202": "27.70",
        "202203": "27.65",
        "202204": "29.94",
        "202205": "30.81",
        "202206": "30.62",
        "202207": "34.58",
        "202208": "32.93",
        "202209": "34.80",
        "202210": "37.14",
        "202211": "40.38",
        "202212": "36.71",
        "202301": "32.10",
        "202302": "30.41",
        "202303": "29.34",
        "202304": "29.94",
        "202305": "31.12",
        "202306": "29.62",
        "202307": "25.92",
        "202308": "25.06",
        "202309": "23.45",
        "202310": "21.08",
        "202311": "21.03",
        "202312": "21.98"
    },
    "quarters": {
        "20011": {
            "year_quarter": 20011,
            "year": 2001,
            "quarter": 1,
            "eps": 0.03,
            "eps_growth_year": -72.73,
            "eps_4q": 0.03,
            "eps_4q_growth_year": -93.14,
            "roe": 0.33,
            "roe_4q": 0.33,
            "gross_profit": 187419,
            "gross_margin": 18.99,
            "gross_margin_4q_avg": 18.99,
            "net_income": 10652,
            "net_income_4q": null,
            "revenue": 986835,
            "revenue_4q": null,
            "common_shares": 3232980,
            "book_valuer_per_share": 10.16,
            "book_valuer_per_share_4q_avg": 10.16,
            "equity": 3285325,
            "current_ratio": 150.74,
            "debt_ratio": 48.2,
            "inventory_turnover_ratio": 1.07,
            "account_receivable_turnover_ratio": null,
            "reinvestment_rate": null,
            "research_to_sale_ratio": null,
            "price_fair": 0,
            "eps_avg_yearly": 0,
            "eps_latest_yearly": 0,
            "eps_growth_yearly": 0
        },
        "20012": {
            "year_quarter": 20012,
            "year": 2001,
            "quarter": 2,
            "eps": -0.12,
            "eps_growth_year": -220,
            "eps_4q": -0.19,
            "eps_4q_growth_year": -144.48,
            "roe": -1.23,
            "roe_4q": -0.8999999999999999,
            "gross_profit": 185414,
            "gross_margin": 17.36,
            "gross_margin_4q_avg": 18.18,
            "net_income": -40157,
            "net_income_4q": null,
            "revenue": 1067843,
            "revenue_4q": null,
            "common_shares": 3232980,
            "book_valuer_per_share": 10.01,
            "book_valuer_per_share_4q_avg": 10.09,
            "equity": 3235397,
            "current_ratio": 110.65,
            "debt_ratio": 51.64,
            "inventory_turnover_ratio": 1.2,
            "account_receivable_turnover_ratio": null,
            "reinvestment_rate": null,
            "research_to_sale_ratio": null,
            "price_fair": 0,
            "eps_avg_yearly": 0,
            "eps_latest_yearly": 0,
            "eps_growth_yearly": 0
        },
        "20013": {
            "year_quarter": 20013,
            "year": 2001,
            "quarter": 3,
            "eps": -0.03,
            "eps_growth_year": -142.86,
            "eps_4q": -0.29,
            "eps_4q_growth_year": -210.51,
            "roe": -0.3,
            "roe_4q": -1.2,
            "gross_profit": 238318,
            "gross_margin": 20.13,
            "gross_margin_4q_avg": 18.83,
            "net_income": -9594,
            "net_income_4q": null,
            "revenue": 1184184,
            "revenue_4q": null,
            "common_shares": 3232980,
            "book_valuer_per_share": 9.89,
            "book_valuer_per_share_4q_avg": 10.02,
            "equity": 3197588,
            "current_ratio": 111.22,
            "debt_ratio": 51.19,
            "inventory_turnover_ratio": 1.31,
            "account_receivable_turnover_ratio": null,
            "reinvestment_rate": null,
            "research_to_sale_ratio": null,
            "price_fair": 0,
            "eps_avg_yearly": 0,
            "eps_latest_yearly": 0,
            "eps_growth_yearly": 0
        },
        "20014": {
            "year_quarter": 20014,
            "year": 2001,
            "quarter": 4,
            "eps": -0.24,
            "eps_growth_year": null,
            "eps_4q": -0.36,
            "eps_4q_growth_year": -428.32,
            "roe": -2.42,
            "roe_4q": -3.6199999999999997,
            "gross_profit": 146568,
            "gross_margin": 14.56,
            "gross_margin_4q_avg": 17.76,
            "net_income": -78268,
            "net_income_4q": null,
            "revenue": 1006885,
            "revenue_4q": null,
            "common_shares": 3232980,
            "book_valuer_per_share": 9.9,
            "book_valuer_per_share_4q_avg": 9.99,
            "equity": 3269531,
            "current_ratio": 95.92,
            "debt_ratio": 56.57,
            "inventory_turnover_ratio": 1.08,
            "account_receivable_turnover_ratio": null,
            "reinvestment_rate": null,
            "research_to_sale_ratio": null,
            "price_fair": 0,
            "eps_avg_yearly": 0,
            "eps_latest_yearly": 0,
            "eps_growth_yearly": 0
        },
        "20021": {
            "year_quarter": 20021,
            "year": 2002,
            "quarter": 1,
            "eps": 0.04,
            "eps_growth_year": 33.33,
            "eps_4q": -0.41,
            "eps_4q_growth_year": -1463.83,
            "roe": 0.37,
            "roe_4q": -3.5799999999999996,
            "gross_profit": 184138,
            "gross_margin": 18.31,
            "gross_margin_4q_avg": 17.59,
            "net_income": 11456,
            "net_income_4q": null,
            "revenue": 1005879,
            "revenue_4q": null,
            "common_shares": 3232980,
            "book_valuer_per_share": 9.04,
            "book_valuer_per_share_4q_avg": 9.71,
            "equity": 2921972,
            "current_ratio": 116.7,
            "debt_ratio": 54.7,
            "inventory_turnover_ratio": 1.02,
            "account_receivable_turnover_ratio": null,
            "reinvestment_rate": null,
            "research_to_sale_ratio": null,
            "price_fair": 0,
            "eps_avg_yearly": 0,
            "eps_latest_yearly": 0,
            "eps_growth_yearly": 0
        },
        "20022": {
            "year_quarter": 20022,
            "year": 2002,
            "quarter": 2,
            "eps": -0.03,
            "eps_growth_year": null,
            "eps_4q": -0.26,
            "eps_4q_growth_year": null,
            "roe": -0.26,
            "roe_4q": -2.61,
            "gross_profit": 225715,
            "gross_margin": 20.03,
            "gross_margin_4q_avg": 18.26,
            "net_income": -7687,
            "net_income_4q": null,
            "revenue": 1126843,
            "revenue_4q": null,
            "common_shares": 3232980,
            "book_valuer_per_share": 9.01,
            "book_valuer_per_share_4q_avg": 9.46,
            "equity": 2913288,
            "current_ratio": 112.47,
            "debt_ratio": 55.93,
            "inventory_turnover_ratio": 1.53,
            "account_receivable_turnover_ratio": null,
            "reinvestment_rate": null,
            "research_to_sale_ratio": null,
            "price_fair": 0,
            "eps_avg_yearly": 0,
            "eps_latest_yearly": 0,
            "eps_growth_yearly": 0
        },
        "20023": {
            "year_quarter": 20023,
            "year": 2002,
            "quarter": 3,
            "eps": 0,
            "eps_growth_year": null,
            "eps_4q": -0.23,
            "eps_4q_growth_year": null,
            "roe": 0.03,
            "roe_4q": -2.28,
            "gross_profit": 215491,
            "gross_margin": 18.85,
            "gross_margin_4q_avg": 17.94,
            "net_income": 770,
            "net_income_4q": null,
            "revenue": 1143086,
            "revenue_4q": null,
            "common_shares": 3232980,
            "book_valuer_per_share": 9.35,
            "book_valuer_per_share_4q_avg": 9.33,
            "equity": 3024268,
            "current_ratio": 119.74,
            "debt_ratio": 54.31,
            "inventory_turnover_ratio": 1.51,
            "account_receivable_turnover_ratio": null,
            "reinvestment_rate": null,
            "research_to_sale_ratio": null,
            "price_fair": 0,
            "eps_avg_yearly": 0,
            "eps_latest_yearly": 0,
            "eps_growth_yearly": 0
        },
        "20024": {
            "year_quarter": 20024,
            "year": 2002,
            "quarter": 4,
            "eps": -0.41,
            "eps_growth_year": null,
            "eps_4q": -0.41,
            "eps_4q_growth_year": null,
            "roe": -3.84,
            "roe_4q": -3.7,
            "gross_profit": 142395,
            "gross_margin": 13.84,
            "gross_margin_4q_avg": 17.76,
            "net_income": -119401,
            "net_income_4q": null,
            "revenue": 1029183,
            "revenue_4q": null,
            "common_shares": 3232980,
            "book_valuer_per_share": 9.68,
            "book_valuer_per_share_4q_avg": 9.27,
            "equity": 3202453,
            "current_ratio": 87.17,
            "debt_ratio": 58.79,
            "inventory_turnover_ratio": 1.05,
            "account_receivable_turnover_ratio": null,
            "reinvestment_rate": null,
            "research_to_sale_ratio": null,
            "price_fair": 0,
            "eps_avg_yearly": 0,
            "eps_latest_yearly": 0,
            "eps_growth_yearly": 0
        },
        "20031": {
            "year_quarter": 20031,
            "year": 2003,
            "quarter": 1,
            "eps": -0.16,
            "eps_growth_year": -500,
            "eps_4q": -0.6,
            "eps_4q_growth_year": null,
            "roe": -1.48,
            "roe_4q": -5.55,
            "gross_profit": 128495,
            "gross_margin": 12.84,
            "gross_margin_4q_avg": 16.39,
            "net_income": -45959,
            "net_income_4q": null,
            "revenue": 1000439,
            "revenue_4q": null,
            "common_shares": 3232980,
            "book_valuer_per_share": 9.27,
            "book_valuer_per_share_4q_avg": 9.33,
            "equity": 2997956,
            "current_ratio": 98.24,
            "debt_ratio": 54.41,
            "inventory_turnover_ratio": 1.02,
            "account_receivable_turnover_ratio": null,
            "reinvestment_rate": null,
            "research_to_sale_ratio": null,
            "price_fair": 0,
            "eps_avg_yearly": 0,
            "eps_latest_yearly": 0,
            "eps_growth_yearly": 0
        },
        "20032": {
            "year_quarter": 20032,
            "year": 2003,
            "quarter": 2,
            "eps": -0.03,
            "eps_growth_year": null,
            "eps_4q": -0.54,
            "eps_4q_growth_year": null,
            "roe": -0.3,
            "roe_4q": -5.59,
            "gross_profit": 182242,
            "gross_margin": 15.05,
            "gross_margin_4q_avg": 15.15,
            "net_income": -9338,
            "net_income_4q": null,
            "revenue": 1210543,
            "revenue_4q": null,
            "common_shares": 3232980,
            "book_valuer_per_share": 9.92,
            "book_valuer_per_share_4q_avg": 9.56,
            "equity": 3206555,
            "current_ratio": 101.99,
            "debt_ratio": 54.72,
            "inventory_turnover_ratio": 1.42,
            "account_receivable_turnover_ratio": null,
            "reinvestment_rate": null,
            "research_to_sale_ratio": null,
            "price_fair": 0,
            "eps_avg_yearly": 0,
            "eps_latest_yearly": 0,
            "eps_growth_yearly": 0
        },
        "20033": {
            "year_quarter": 20033,
            "year": 2003,
            "quarter": 3,
            "eps": 0.24,
            "eps_growth_year": null,
            "eps_4q": -0.37,
            "eps_4q_growth_year": null,
            "roe": 2.12,
            "roe_4q": -3.5,
            "gross_profit": 225363,
            "gross_margin": 16.71,
            "gross_margin_4q_avg": 14.61,
            "net_income": 68629,
            "net_income_4q": null,
            "revenue": 1348641,
            "revenue_4q": null,
            "common_shares": 3232980,
            "book_valuer_per_share": 10.12,
            "book_valuer_per_share_4q_avg": 9.75,
            "equity": 3271561,
            "current_ratio": 95.85,
            "debt_ratio": 54.59,
            "inventory_turnover_ratio": 1.54,
            "account_receivable_turnover_ratio": null,
            "reinvestment_rate": null,
            "research_to_sale_ratio": null,
            "price_fair": 0,
            "eps_avg_yearly": 0,
            "eps_latest_yearly": 0,
            "eps_growth_yearly": 0
        },
        "20034": {
            "year_quarter": 20034,
            "year": 2003,
            "quarter": 4,
            "eps": 0.18,
            "eps_growth_year": null,
            "eps_4q": 0.23,
            "eps_4q_growth_year": null,
            "roe": 1.55,
            "roe_4q": 1.8900000000000001,
            "gross_profit": 189749,
            "gross_margin": 14.89,
            "gross_margin_4q_avg": 14.87,
            "net_income": 51544,
            "net_income_4q": null,
            "revenue": 1274490,
            "revenue_4q": null,
            "common_shares": 3232980,
            "book_valuer_per_share": 10.24,
            "book_valuer_per_share_4q_avg": 9.89,
            "equity": 3373943,
            "current_ratio": 94.11,
            "debt_ratio": 62.4,
            "inventory_turnover_ratio": 1.16,
            "account_receivable_turnover_ratio": null,
            "reinvestment_rate": null,
            "research_to_sale_ratio": null,
            "price_fair": 2.16,
            "eps_avg_yearly": 0.72,
            "eps_latest_yearly": 0.72,
            "eps_growth_yearly": -100
        },
        "20041": {
            "year_quarter": 20041,
            "year": 2004,
            "quarter": 1,
            "eps": -0.05,
            "eps_growth_year": null,
            "eps_4q": 0.35,
            "eps_4q_growth_year": null,
            "roe": -0.41,
            "roe_4q": 2.9600000000000004,
            "gross_profit": 160163,
            "gross_margin": 13.81,
            "gross_margin_4q_avg": 15.12,
            "net_income": -13703,
            "net_income_4q": null,
            "revenue": 1159983,
            "revenue_4q": null,
            "common_shares": 3232980,
            "book_valuer_per_share": 10.06,
            "book_valuer_per_share_4q_avg": 10.09,
            "equity": 3250814,
            "current_ratio": 99.22,
            "debt_ratio": 55.91,
            "inventory_turnover_ratio": 1.05,
            "account_receivable_turnover_ratio": null,
            "reinvestment_rate": null,
            "research_to_sale_ratio": null,
            "price_fair": 2.16,
            "eps_avg_yearly": 0.72,
            "eps_latest_yearly": 0.72,
            "eps_growth_yearly": -100
        },
        "20042": {
            "year_quarter": 20042,
            "year": 2004,
            "quarter": 2,
            "eps": 0.08,
            "eps_growth_year": null,
            "eps_4q": 0.47,
            "eps_4q_growth_year": null,
            "roe": 0.68,
            "roe_4q": 3.9400000000000004,
            "gross_profit": 172305,
            "gross_margin": 14.46,
            "gross_margin_4q_avg": 14.97,
            "net_income": 21748,
            "net_income_4q": null,
            "revenue": 1191970,
            "revenue_4q": null,
            "common_shares": 3232980,
            "book_valuer_per_share": 9.85,
            "book_valuer_per_share_4q_avg": 10.07,
            "equity": 3182920,
            "current_ratio": 109.28,
            "debt_ratio": 58.89,
            "inventory_turnover_ratio": 1.17,
            "account_receivable_turnover_ratio": null,
            "reinvestment_rate": null,
            "research_to_sale_ratio": null,
            "price_fair": 2.16,
            "eps_avg_yearly": 0.72,
            "eps_latest_yearly": 0.72,
            "eps_growth_yearly": -100
        },
        "20043": {
            "year_quarter": 20043,
            "year": 2004,
            "quarter": 3,
            "eps": 0.14,
            "eps_growth_year": -41.67,
            "eps_4q": 0.34,
            "eps_4q_growth_year": null,
            "roe": 1.28,
            "roe_4q": 3.1,
            "gross_profit": 130365,
            "gross_margin": 9.54,
            "gross_margin_4q_avg": 13.18,
            "net_income": 41084,
            "net_income_4q": null,
            "revenue": 1366319,
            "revenue_4q": null,
            "common_shares": 3362299,
            "book_valuer_per_share": 9.65,
            "book_valuer_per_share_4q_avg": 9.95,
            "equity": 3246095,
            "current_ratio": 117.61,
            "debt_ratio": 58.77,
            "inventory_turnover_ratio": 1.3,
            "account_receivable_turnover_ratio": null,
            "reinvestment_rate": null,
            "research_to_sale_ratio": null,
            "price_fair": 22.4,
            "eps_avg_yearly": 0.64,
            "eps_latest_yearly": 0.56,
            "eps_growth_yearly": 100
        },
        "20044": {
            "year_quarter": 20044,
            "year": 2004,
            "quarter": 4,
            "eps": -0.06,
            "eps_growth_year": -133.33,
            "eps_4q": 0.06,
            "eps_4q_growth_year": -72.24,
            "roe": -0.53,
            "roe_4q": 1.0200000000000002,
            "gross_profit": 136035,
            "gross_margin": 9.86,
            "gross_margin_4q_avg": 11.92,
            "net_income": -17194,
            "net_income_4q": null,
            "revenue": 1380064,
            "revenue_4q": null,
            "common_shares": 3162449,
            "book_valuer_per_share": 10.25,
            "book_valuer_per_share_4q_avg": 9.95,
            "equity": 3268101,
            "current_ratio": 99.98,
            "debt_ratio": 63.39,
            "inventory_turnover_ratio": 1.38,
            "account_receivable_turnover_ratio": null,
            "reinvestment_rate": null,
            "research_to_sale_ratio": null,
            "price_fair": 22.4,
            "eps_avg_yearly": 0.64,
            "eps_latest_yearly": 0.56,
            "eps_growth_yearly": 100
        },
        "20051": {
            "year_quarter": 20051,
            "year": 2005,
            "quarter": 1,
            "eps": -0.35,
            "eps_growth_year": null,
            "eps_4q": -0.19,
            "eps_4q_growth_year": -154.7,
            "roe": -3.08,
            "roe_4q": -1.65,
            "gross_profit": 119890,
            "gross_margin": 11.57,
            "gross_margin_4q_avg": 11.36,
            "net_income": -102297,
            "net_income_4q": null,
            "revenue": 1036580,
            "revenue_4q": null,
            "common_shares": 3162449,
            "book_valuer_per_share": 10.69,
            "book_valuer_per_share_4q_avg": 10.11,
            "equity": 3380427,
            "current_ratio": 136.55,
            "debt_ratio": 51.87,
            "inventory_turnover_ratio": 1.35,
            "account_receivable_turnover_ratio": null,
            "reinvestment_rate": null,
            "research_to_sale_ratio": null,
            "price_fair": 22.4,
            "eps_avg_yearly": 0.64,
            "eps_latest_yearly": 0.56,
            "eps_growth_yearly": 100
        },
        "20052": {
            "year_quarter": 20052,
            "year": 2005,
            "quarter": 2,
            "eps": 0.05,
            "eps_growth_year": -37.5,
            "eps_4q": -0.25,
            "eps_4q_growth_year": -152.46,
            "roe": 0.39,
            "roe_4q": -1.9399999999999997,
            "gross_profit": 160733,
            "gross_margin": 13.2,
            "gross_margin_4q_avg": 11.04,
            "net_income": 13180,
            "net_income_4q": null,
            "revenue": 1217899,
            "revenue_4q": null,
            "common_shares": 3162449,
            "book_valuer_per_share": 10.53,
            "book_valuer_per_share_4q_avg": 10.28,
            "equity": 3329635,
            "current_ratio": 134.42,
            "debt_ratio": 52.93,
            "inventory_turnover_ratio": 2.05,
            "account_receivable_turnover_ratio": null,
            "reinvestment_rate": null,
            "research_to_sale_ratio": null,
            "price_fair": 22.4,
            "eps_avg_yearly": 0.64,
            "eps_latest_yearly": 0.56,
            "eps_growth_yearly": 100
        },
        "20053": {
            "year_quarter": 20053,
            "year": 2005,
            "quarter": 3,
            "eps": 0.27,
            "eps_growth_year": 92.86,
            "eps_4q": -0.09,
            "eps_4q_growth_year": -124.99,
            "roe": 2.41,
            "roe_4q": -0.8099999999999998,
            "gross_profit": 190892,
            "gross_margin": 14.4,
            "gross_margin_4q_avg": 12.26,
            "net_income": 80694,
            "net_income_4q": null,
            "revenue": 1325750,
            "revenue_4q": null,
            "common_shares": 3225698,
            "book_valuer_per_share": 10.46,
            "book_valuer_per_share_4q_avg": 10.48,
            "equity": 3373677,
            "current_ratio": 133.01,
            "debt_ratio": 52.67,
            "inventory_turnover_ratio": 2.17,
            "account_receivable_turnover_ratio": null,
            "reinvestment_rate": null,
            "research_to_sale_ratio": null,
            "price_fair": 27.53,
            "eps_avg_yearly": 0.79,
            "eps_latest_yearly": 1.08,
            "eps_growth_yearly": 653.33
        },
        "20054": {
            "year_quarter": 20054,
            "year": 2005,
            "quarter": 4,
            "eps": -0.14,
            "eps_growth_year": null,
            "eps_4q": -0.18,
            "eps_4q_growth_year": -387.28,
            "roe": -1.21,
            "roe_4q": -1.4899999999999998,
            "gross_profit": 128407,
            "gross_margin": 11.48,
            "gross_margin_4q_avg": 12.66,
            "net_income": -41196,
            "net_income_4q": null,
            "revenue": 1118162,
            "revenue_4q": null,
            "common_shares": 3139641,
            "book_valuer_per_share": 10.67,
            "book_valuer_per_share_4q_avg": 10.59,
            "equity": 3409448,
            "current_ratio": 96.16,
            "debt_ratio": 63.13,
            "inventory_turnover_ratio": 1.38,
            "account_receivable_turnover_ratio": null,
            "reinvestment_rate": null,
            "research_to_sale_ratio": null,
            "price_fair": 27.53,
            "eps_avg_yearly": 0.79,
            "eps_latest_yearly": 1.08,
            "eps_growth_yearly": 653.33
        },
        "20061": {
            "year_quarter": 20061,
            "year": 2006,
            "quarter": 1,
            "eps": -0.27,
            "eps_growth_year": null,
            "eps_4q": -0.09,
            "eps_4q_growth_year": null,
            "roe": -2.39,
            "roe_4q": -0.7999999999999999,
            "gross_profit": 130564,
            "gross_margin": 11.78,
            "gross_margin_4q_avg": 12.72,
            "net_income": -79766,
            "net_income_4q": null,
            "revenue": 1107929,
            "revenue_4q": null,
            "common_shares": 3139641,
            "book_valuer_per_share": 10.37,
            "book_valuer_per_share_4q_avg": 10.51,
            "equity": 3254551,
            "current_ratio": 161.75,
            "debt_ratio": 51.99,
            "inventory_turnover_ratio": 1.24,
            "account_receivable_turnover_ratio": null,
            "reinvestment_rate": null,
            "research_to_sale_ratio": null,
            "price_fair": 27.53,
            "eps_avg_yearly": 0.79,
            "eps_latest_yearly": 1.08,
            "eps_growth_yearly": 653.33
        },
        "20062": {
            "year_quarter": 20062,
            "year": 2006,
            "quarter": 2,
            "eps": -0.01,
            "eps_growth_year": -120,
            "eps_4q": -0.14,
            "eps_4q_growth_year": null,
            "roe": -0.14,
            "roe_4q": -1.33,
            "gross_profit": 155870,
            "gross_margin": 14.36,
            "gross_margin_4q_avg": 13.01,
            "net_income": -4463,
            "net_income_4q": null,
            "revenue": 1085113,
            "revenue_4q": null,
            "common_shares": 3139641,
            "book_valuer_per_share": 10.37,
            "book_valuer_per_share_4q_avg": 10.47,
            "equity": 3254672,
            "current_ratio": 129.95,
            "debt_ratio": 54.17,
            "inventory_turnover_ratio": 1.4,
            "account_receivable_turnover_ratio": null,
            "reinvestment_rate": null,
            "research_to_sale_ratio": null,
            "price_fair": 27.53,
            "eps_avg_yearly": 0.79,
            "eps_latest_yearly": 1.08,
            "eps_growth_yearly": 653.33
        },
        "20063": {
            "year_quarter": 20063,
            "year": 2006,
            "quarter": 3,
            "eps": -0.01,
            "eps_growth_year": -103.7,
            "eps_4q": -0.4,
            "eps_4q_growth_year": null,
            "roe": -0.07,
            "roe_4q": -3.81,
            "gross_profit": 168949,
            "gross_margin": 12.9,
            "gross_margin_4q_avg": 12.63,
            "net_income": -2207,
            "net_income_4q": null,
            "revenue": 1310172,
            "revenue_4q": null,
            "common_shares": 3202434,
            "book_valuer_per_share": 10.18,
            "book_valuer_per_share_4q_avg": 10.4,
            "equity": 3258665,
            "current_ratio": 145.68,
            "debt_ratio": 53.97,
            "inventory_turnover_ratio": 1.75,
            "account_receivable_turnover_ratio": null,
            "reinvestment_rate": null,
            "research_to_sale_ratio": null,
            "price_fair": 27.53,
            "eps_avg_yearly": 0.79,
            "eps_latest_yearly": 1.08,
            "eps_growth_yearly": 653.33
        },
        "20064": {
            "year_quarter": 20064,
            "year": 2006,
            "quarter": 4,
            "eps": 0.02,
            "eps_growth_year": null,
            "eps_4q": -0.29,
            "eps_4q_growth_year": null,
            "roe": 0.17,
            "roe_4q": -2.43,
            "gross_profit": 131076,
            "gross_margin": 11.34,
            "gross_margin_4q_avg": 12.6,
            "net_income": 5606,
            "net_income_4q": null,
            "revenue": 1155826,
            "revenue_4q": null,
            "common_shares": 3202434,
            "book_valuer_per_share": 10.55,
            "book_valuer_per_share_4q_avg": 10.37,
            "equity": 3395689,
            "current_ratio": 105.93,
            "debt_ratio": 60.95,
            "inventory_turnover_ratio": 1.35,
            "account_receivable_turnover_ratio": null,
            "reinvestment_rate": null,
            "research_to_sale_ratio": null,
            "price_fair": 27.53,
            "eps_avg_yearly": 0.79,
            "eps_latest_yearly": 1.08,
            "eps_growth_yearly": 653.33
        },
        "20071": {
            "year_quarter": 20071,
            "year": 2007,
            "quarter": 1,
            "eps": -0.14,
            "eps_growth_year": null,
            "eps_4q": -0.14,
            "eps_4q_growth_year": null,
            "roe": -1.27,
            "roe_4q": -1.31,
            "gross_profit": 122283,
            "gross_margin": 10.28,
            "gross_margin_4q_avg": 12.22,
            "net_income": -42413,
            "net_income_4q": null,
            "revenue": 1189942,
            "revenue_4q": null,
            "common_shares": 3202434,
            "book_valuer_per_share": 10.17,
            "book_valuer_per_share_4q_avg": 10.32,
            "equity": 3258300,
            "current_ratio": 133.31,
            "debt_ratio": 52.44,
            "inventory_turnover_ratio": 1.28,
            "account_receivable_turnover_ratio": null,
            "reinvestment_rate": null,
            "research_to_sale_ratio": null,
            "price_fair": 27.53,
            "eps_avg_yearly": 0.79,
            "eps_latest_yearly": 1.08,
            "eps_growth_yearly": 653.33
        },
        "20072": {
            "year_quarter": 20072,
            "year": 2007,
            "quarter": 2,
            "eps": -0.08,
            "eps_growth_year": null,
            "eps_4q": -0.2,
            "eps_4q_growth_year": null,
            "roe": -0.76,
            "roe_4q": -1.9300000000000004,
            "gross_profit": 156772,
            "gross_margin": 11.34,
            "gross_margin_4q_avg": 11.47,
            "net_income": -25004,
            "net_income_4q": null,
            "revenue": 1382639,
            "revenue_4q": null,
            "common_shares": 3202434,
            "book_valuer_per_share": 10.51,
            "book_valuer_per_share_4q_avg": 10.35,
            "equity": 3365711,
            "current_ratio": 134.5,
            "debt_ratio": 53.92,
            "inventory_turnover_ratio": 1.67,
            "account_receivable_turnover_ratio": null,
            "reinvestment_rate": null,
            "research_to_sale_ratio": null,
            "price_fair": 27.53,
            "eps_avg_yearly": 0.79,
            "eps_latest_yearly": 1.08,
            "eps_growth_yearly": 653.33
        },
        "20073": {
            "year_quarter": 20073,
            "year": 2007,
            "quarter": 3,
            "eps": 0.58,
            "eps_growth_year": null,
            "eps_4q": 0.37,
            "eps_4q_growth_year": null,
            "roe": 5.04,
            "roe_4q": 3.18,
            "gross_profit": 229335,
            "gross_margin": 13.41,
            "gross_margin_4q_avg": 11.59,
            "net_income": 174870,
            "net_income_4q": null,
            "revenue": 1710576,
            "revenue_4q": null,
            "common_shares": 3202434,
            "book_valuer_per_share": 11.17,
            "book_valuer_per_share_4q_avg": 10.6,
            "equity": 3577875,
            "current_ratio": 156.61,
            "debt_ratio": 52.07,
            "inventory_turnover_ratio": 1.87,
            "account_receivable_turnover_ratio": null,
            "reinvestment_rate": -444.65,
            "research_to_sale_ratio": null,
            "price_fair": 27.53,
            "eps_avg_yearly": 0.79,
            "eps_latest_yearly": 1.08,
            "eps_growth_yearly": 653.33
        },
        "20074": {
            "year_quarter": 20074,
            "year": 2007,
            "quarter": 4,
            "eps": -0.19,
            "eps_growth_year": -1050,
            "eps_4q": 1.34,
            "eps_4q_growth_year": null,
            "roe": -1.6,
            "roe_4q": 1.4099999999999997,
            "gross_profit": 237364,
            "gross_margin": 14.4,
            "gross_margin_4q_avg": 12.36,
            "net_income": -57410,
            "net_income_4q": null,
            "revenue": 1648539,
            "revenue_4q": null,
            "common_shares": 3202434,
            "book_valuer_per_share": 10.88,
            "book_valuer_per_share_4q_avg": 10.68,
            "equity": 3594304,
            "current_ratio": 130.13,
            "debt_ratio": 58.02,
            "inventory_turnover_ratio": 1.46,
            "account_receivable_turnover_ratio": null,
            "reinvestment_rate": null,
            "research_to_sale_ratio": null,
            "price_fair": 28.7,
            "eps_avg_yearly": 0.82,
            "eps_latest_yearly": 1.08,
            "eps_growth_yearly": 1030
        },
        "20081": {
            "year_quarter": 20081,
            "year": 2008,
            "quarter": 1,
            "eps": 0.09,
            "eps_growth_year": null,
            "eps_4q": 0.35,
            "eps_4q_growth_year": null,
            "roe": 0.84,
            "roe_4q": 3.5200000000000005,
            "gross_profit": 288138,
            "gross_margin": 14.47,
            "gross_margin_4q_avg": 13.41,
            "net_income": 30753,
            "net_income_4q": null,
            "revenue": 1991441,
            "revenue_4q": null,
            "common_shares": 3202434,
            "book_valuer_per_share": 11.29,
            "book_valuer_per_share_4q_avg": 10.96,
            "equity": 3712094,
            "current_ratio": 122.15,
            "debt_ratio": 58.94,
            "inventory_turnover_ratio": 1.41,
            "account_receivable_turnover_ratio": null,
            "reinvestment_rate": null,
            "research_to_sale_ratio": null,
            "price_fair": 28.7,
            "eps_avg_yearly": 0.82,
            "eps_latest_yearly": 1.08,
            "eps_growth_yearly": 1030
        },
        "20082": {
            "year_quarter": 20082,
            "year": 2008,
            "quarter": 2,
            "eps": 0.17,
            "eps_growth_year": null,
            "eps_4q": 0.35,
            "eps_4q_growth_year": null,
            "roe": 2.51,
            "roe_4q": 6.789999999999999,
            "gross_profit": 382929,
            "gross_margin": 17.15,
            "gross_margin_4q_avg": 14.86,
            "net_income": 94222,
            "net_income_4q": null,
            "revenue": 2232976,
            "revenue_4q": null,
            "common_shares": 3202434,
            "book_valuer_per_share": 11.75,
            "book_valuer_per_share_4q_avg": 11.27,
            "equity": 3805646,
            "current_ratio": 122.83,
            "debt_ratio": 57.58,
            "inventory_turnover_ratio": 1.3,
            "account_receivable_turnover_ratio": null,
            "reinvestment_rate": 192.9,
            "research_to_sale_ratio": null,
            "price_fair": 27.07,
            "eps_avg_yearly": 0.77,
            "eps_latest_yearly": 0.68,
            "eps_growth_yearly": 805.19
        },
        "20083": {
            "year_quarter": 20083,
            "year": 2008,
            "quarter": 3,
            "eps": 0.28,
            "eps_growth_year": -51.72,
            "eps_4q": 0.34,
            "eps_4q_growth_year": -9.31,
            "roe": 2.34,
            "roe_4q": 4.09,
            "gross_profit": 321670,
            "gross_margin": 13.11,
            "gross_margin_4q_avg": 14.78,
            "net_income": 88520,
            "net_income_4q": null,
            "revenue": 2454347,
            "revenue_4q": null,
            "common_shares": 3202434,
            "book_valuer_per_share": 11.66,
            "book_valuer_per_share_4q_avg": 11.4,
            "equity": 3776517,
            "current_ratio": 120.82,
            "debt_ratio": 58.67,
            "inventory_turnover_ratio": 1.41,
            "account_receivable_turnover_ratio": null,
            "reinvestment_rate": 136.06,
            "research_to_sale_ratio": null,
            "price_fair": 33.6,
            "eps_avg_yearly": 0.96,
            "eps_latest_yearly": 1.12,
            "eps_growth_yearly": 791.46
        },
        "20084": {
            "year_quarter": 20084,
            "year": 2008,
            "quarter": 4,
            "eps": -0.82,
            "eps_growth_year": null,
            "eps_4q": -0.55,
            "eps_4q_growth_year": -141.2,
            "roe": -7.04,
            "roe_4q": -1.3500000000000005,
            "gross_profit": 105715,
            "gross_margin": 5.42,
            "gross_margin_4q_avg": 12.54,
            "net_income": -256373,
            "net_income_4q": null,
            "revenue": 1949542,
            "revenue_4q": null,
            "common_shares": 3202434,
            "book_valuer_per_share": 10.86,
            "book_valuer_per_share_4q_avg": 11.39,
            "equity": 3506942,
            "current_ratio": 104.58,
            "debt_ratio": 59.69,
            "inventory_turnover_ratio": 1.31,
            "account_receivable_turnover_ratio": 3.18,
            "reinvestment_rate": null,
            "research_to_sale_ratio": null,
            "price_fair": 33.6,
            "eps_avg_yearly": 0.96,
            "eps_latest_yearly": 1.12,
            "eps_growth_yearly": 791.46
        },
        "20091": {
            "year_quarter": 20091,
            "year": 2009,
            "quarter": 1,
            "eps": 0.15,
            "eps_growth_year": 66.67,
            "eps_4q": -0.21,
            "eps_4q_growth_year": -161.36,
            "roe": 1.31,
            "roe_4q": -0.8800000000000008,
            "gross_profit": 290041,
            "gross_margin": 14.62,
            "gross_margin_4q_avg": 12.58,
            "net_income": 46268,
            "net_income_4q": null,
            "revenue": 1984482,
            "revenue_4q": null,
            "common_shares": 3202434,
            "book_valuer_per_share": 11.01,
            "book_valuer_per_share_4q_avg": 11.32,
            "equity": 3554946,
            "current_ratio": 116.12,
            "debt_ratio": 59.57,
            "inventory_turnover_ratio": 1.42,
            "account_receivable_turnover_ratio": 1.64,
            "reinvestment_rate": 665.5,
            "research_to_sale_ratio": null,
            "price_fair": 33.6,
            "eps_avg_yearly": 0.96,
            "eps_latest_yearly": 1.12,
            "eps_growth_yearly": 791.46
        },
        "20092": {
            "year_quarter": 20092,
            "year": 2009,
            "quarter": 2,
            "eps": 0.28,
            "eps_growth_year": 64.71,
            "eps_4q": -0.1,
            "eps_4q_growth_year": -127.28,
            "roe": 2.48,
            "roe_4q": -0.9100000000000001,
            "gross_profit": 470448,
            "gross_margin": 21.83,
            "gross_margin_4q_avg": 13.75,
            "net_income": 88143,
            "net_income_4q": null,
            "revenue": 2154847,
            "revenue_4q": null,
            "common_shares": 3202434,
            "book_valuer_per_share": 11.02,
            "book_valuer_per_share_4q_avg": 11.14,
            "equity": 3560471,
            "current_ratio": 146.17,
            "debt_ratio": 58.55,
            "inventory_turnover_ratio": 1.8,
            "account_receivable_turnover_ratio": 1.59,
            "reinvestment_rate": 233.17,
            "research_to_sale_ratio": null,
            "price_fair": 35,
            "eps_avg_yearly": 1,
            "eps_latest_yearly": 1.12,
            "eps_growth_yearly": 680.26
        },
        "20093": {
            "year_quarter": 20093,
            "year": 2009,
            "quarter": 3,
            "eps": 0.33,
            "eps_growth_year": 17.86,
            "eps_4q": -0.05,
            "eps_4q_growth_year": -114.44,
            "roe": 2.81,
            "roe_4q": -0.4400000000000004,
            "gross_profit": 296140,
            "gross_margin": 12.8,
            "gross_margin_4q_avg": 13.67,
            "net_income": 101733,
            "net_income_4q": null,
            "revenue": 2313044,
            "revenue_4q": null,
            "common_shares": 3202434,
            "book_valuer_per_share": 11.44,
            "book_valuer_per_share_4q_avg": 11.08,
            "equity": 3691651,
            "current_ratio": 165.61,
            "debt_ratio": 56.1,
            "inventory_turnover_ratio": 2.67,
            "account_receivable_turnover_ratio": 1.52,
            "reinvestment_rate": 186.19,
            "research_to_sale_ratio": null,
            "price_fair": 37.1,
            "eps_avg_yearly": 1.06,
            "eps_latest_yearly": 1.32,
            "eps_growth_yearly": 258.12
        },
        "20094": {
            "year_quarter": 20094,
            "year": 2009,
            "quarter": 4,
            "eps": 0,
            "eps_growth_year": null,
            "eps_4q": 0.76,
            "eps_4q_growth_year": null,
            "roe": 0.04,
            "roe_4q": 6.640000000000001,
            "gross_profit": 399483,
            "gross_margin": 19.54,
            "gross_margin_4q_avg": 17.2,
            "net_income": 1369,
            "net_income_4q": null,
            "revenue": 2044071,
            "revenue_4q": null,
            "common_shares": 3202434,
            "book_valuer_per_share": 11.8,
            "book_valuer_per_share_4q_avg": 11.32,
            "equity": 3666653,
            "current_ratio": 210.27,
            "debt_ratio": 52.05,
            "inventory_turnover_ratio": 2.21,
            "account_receivable_turnover_ratio": 3.69,
            "reinvestment_rate": 957.87,
            "research_to_sale_ratio": null,
            "price_fair": 37.1,
            "eps_avg_yearly": 1.06,
            "eps_latest_yearly": 1.32,
            "eps_growth_yearly": 258.12
        },
        "20101": {
            "year_quarter": 20101,
            "year": 2010,
            "quarter": 1,
            "eps": 0.19,
            "eps_growth_year": 26.67,
            "eps_4q": 0.81,
            "eps_4q_growth_year": null,
            "roe": 1.64,
            "roe_4q": 6.970000000000001,
            "gross_profit": 279582,
            "gross_margin": 13.47,
            "gross_margin_4q_avg": 16.91,
            "net_income": 60530,
            "net_income_4q": null,
            "revenue": 2075379,
            "revenue_4q": null,
            "common_shares": 3202434,
            "book_valuer_per_share": 11.97,
            "book_valuer_per_share_4q_avg": 11.56,
            "equity": 3719501,
            "current_ratio": 181.13,
            "debt_ratio": 53.77,
            "inventory_turnover_ratio": 2.33,
            "account_receivable_turnover_ratio": 1.79,
            "reinvestment_rate": 826.93,
            "research_to_sale_ratio": null,
            "price_fair": 37.1,
            "eps_avg_yearly": 1.06,
            "eps_latest_yearly": 1.32,
            "eps_growth_yearly": 258.12
        },
        "20102": {
            "year_quarter": 20102,
            "year": 2010,
            "quarter": 2,
            "eps": 0,
            "eps_growth_year": -98.78,
            "eps_4q": 0.51,
            "eps_4q_growth_year": null,
            "roe": 0.05,
            "roe_4q": 4.54,
            "gross_profit": 452431,
            "gross_margin": 19.82,
            "gross_margin_4q_avg": 16.41,
            "net_income": 1699,
            "net_income_4q": null,
            "revenue": 2282293,
            "revenue_4q": null,
            "common_shares": 3202434,
            "book_valuer_per_share": 11.75,
            "book_valuer_per_share_4q_avg": 11.74,
            "equity": 3650504,
            "current_ratio": 178.98,
            "debt_ratio": 54.83,
            "inventory_turnover_ratio": 2.43,
            "account_receivable_turnover_ratio": 1.87,
            "reinvestment_rate": 775.99,
            "research_to_sale_ratio": null,
            "price_fair": 37.1,
            "eps_avg_yearly": 1.06,
            "eps_latest_yearly": 1.32,
            "eps_growth_yearly": 258.12
        },
        "20103": {
            "year_quarter": 20103,
            "year": 2010,
            "quarter": 3,
            "eps": 0.4,
            "eps_growth_year": 20.81,
            "eps_4q": 0.59,
            "eps_4q_growth_year": null,
            "roe": 3.54,
            "roe_4q": 5.27,
            "gross_profit": 238942,
            "gross_margin": 9.28,
            "gross_margin_4q_avg": 15.53,
            "net_income": 132263,
            "net_income_4q": null,
            "revenue": 2576122,
            "revenue_4q": null,
            "common_shares": 3330531,
            "book_valuer_per_share": 11.81,
            "book_valuer_per_share_4q_avg": 11.83,
            "equity": 3820072,
            "current_ratio": 126.82,
            "debt_ratio": 58.06,
            "inventory_turnover_ratio": 3.15,
            "account_receivable_turnover_ratio": 1.84,
            "reinvestment_rate": 565.94,
            "research_to_sale_ratio": null,
            "price_fair": 37.1,
            "eps_avg_yearly": 1.06,
            "eps_latest_yearly": 1.32,
            "eps_growth_yearly": 258.12
        },
        "20104": {
            "year_quarter": 20104,
            "year": 2010,
            "quarter": 4,
            "eps": 0.16,
            "eps_growth_year": null,
            "eps_4q": 0.75,
            "eps_4q_growth_year": -2.39,
            "roe": 1.22,
            "roe_4q": 6.449999999999999,
            "gross_profit": 551520,
            "gross_margin": 22.28,
            "gross_margin_4q_avg": 16.21,
            "net_income": 47020,
            "net_income_4q": null,
            "revenue": 2475012,
            "revenue_4q": null,
            "common_shares": 3330531,
            "book_valuer_per_share": 11.99,
            "book_valuer_per_share_4q_avg": 11.88,
            "equity": 3873086,
            "current_ratio": 173.13,
            "debt_ratio": 55.85,
            "inventory_turnover_ratio": 2.04,
            "account_receivable_turnover_ratio": 1.71,
            "reinvestment_rate": 413.7,
            "research_to_sale_ratio": null,
            "price_fair": 34.16,
            "eps_avg_yearly": 0.98,
            "eps_latest_yearly": 0.64,
            "eps_growth_yearly": 158.49
        },
        "20111": {
            "year_quarter": 20111,
            "year": 2011,
            "quarter": 1,
            "eps": 0.04,
            "eps_growth_year": -78.95,
            "eps_4q": 0.6,
            "eps_4q_growth_year": -25.78,
            "roe": 0.36,
            "roe_4q": 5.17,
            "gross_profit": 170068,
            "gross_margin": 7.38,
            "gross_margin_4q_avg": 14.69,
            "net_income": 14018,
            "net_income_4q": null,
            "revenue": 2304902,
            "revenue_4q": null,
            "common_shares": 3330531,
            "book_valuer_per_share": 11.97,
            "book_valuer_per_share_4q_avg": 11.88,
            "equity": 3864612,
            "current_ratio": 139.9,
            "debt_ratio": 56.06,
            "inventory_turnover_ratio": 2.1,
            "account_receivable_turnover_ratio": 1.81,
            "reinvestment_rate": 487.17,
            "research_to_sale_ratio": null,
            "price_fair": 29.4,
            "eps_avg_yearly": 0.84,
            "eps_latest_yearly": 0.16,
            "eps_growth_yearly": 82.08
        },
        "20112": {
            "year_quarter": 20112,
            "year": 2011,
            "quarter": 2,
            "eps": 0.36,
            "eps_growth_year": 10328.12,
            "eps_4q": 0.94,
            "eps_4q_growth_year": 83.49,
            "roe": 3.05,
            "roe_4q": 8.17,
            "gross_profit": 429192,
            "gross_margin": 17.64,
            "gross_margin_4q_avg": 14.15,
            "net_income": 117520,
            "net_income_4q": null,
            "revenue": 2433641,
            "revenue_4q": null,
            "common_shares": 3330531,
            "book_valuer_per_share": 11.88,
            "book_valuer_per_share_4q_avg": 11.91,
            "equity": 3836966,
            "current_ratio": 149.2,
            "debt_ratio": 58.99,
            "inventory_turnover_ratio": 1.88,
            "account_receivable_turnover_ratio": 2,
            "reinvestment_rate": 341.78,
            "research_to_sale_ratio": null,
            "price_fair": 32.4,
            "eps_avg_yearly": 0.93,
            "eps_latest_yearly": 1.44,
            "eps_growth_yearly": 527.5
        },
        "20113": {
            "year_quarter": 20113,
            "year": 2011,
            "quarter": 3,
            "eps": 0.33,
            "eps_growth_year": -17.69,
            "eps_4q": 0.88,
            "eps_4q_growth_year": 48.64,
            "roe": 2.71,
            "roe_4q": 7.34,
            "gross_profit": 176535,
            "gross_margin": 6.14,
            "gross_margin_4q_avg": 13.36,
            "net_income": 105076,
            "net_income_4q": null,
            "revenue": 2877318,
            "revenue_4q": null,
            "common_shares": 3430447,
            "book_valuer_per_share": 11.81,
            "book_valuer_per_share_4q_avg": 11.91,
            "equity": 3921852,
            "current_ratio": 142.31,
            "debt_ratio": 58.24,
            "inventory_turnover_ratio": 2.32,
            "account_receivable_turnover_ratio": 2.07,
            "reinvestment_rate": 393.67,
            "research_to_sale_ratio": null,
            "price_fair": 34.13,
            "eps_avg_yearly": 0.98,
            "eps_latest_yearly": 1.32,
            "eps_growth_yearly": 457.39
        },
        "20114": {
            "year_quarter": 20114,
            "year": 2011,
            "quarter": 4,
            "eps": -0.12,
            "eps_growth_year": -175.61,
            "eps_4q": 0.61,
            "eps_4q_growth_year": -18.48,
            "roe": -0.9,
            "roe_4q": 5.22,
            "gross_profit": 531660,
            "gross_margin": 21.68,
            "gross_margin_4q_avg": 13.21,
            "net_income": -35182,
            "net_income_4q": null,
            "revenue": 2451922,
            "revenue_4q": null,
            "common_shares": 3430447,
            "book_valuer_per_share": 11.62,
            "book_valuer_per_share_4q_avg": 11.82,
            "equity": 3862132,
            "current_ratio": 167.19,
            "debt_ratio": 53.83,
            "inventory_turnover_ratio": 1.64,
            "account_receivable_turnover_ratio": 1.75,
            "reinvestment_rate": 326.21,
            "research_to_sale_ratio": null,
            "price_fair": 34.13,
            "eps_avg_yearly": 0.98,
            "eps_latest_yearly": 1.32,
            "eps_growth_yearly": 457.39
        },
        "20121": {
            "year_quarter": 20121,
            "year": 2012,
            "quarter": 1,
            "eps": -0.22,
            "eps_growth_year": -650,
            "eps_4q": 0.35,
            "eps_4q_growth_year": -42.48,
            "roe": -1.8,
            "roe_4q": 3.0599999999999996,
            "gross_profit": 218262,
            "gross_margin": 9.65,
            "gross_margin_4q_avg": 13.78,
            "net_income": -68860,
            "net_income_4q": null,
            "revenue": 2260892,
            "revenue_4q": null,
            "common_shares": 3430447,
            "book_valuer_per_share": 11.38,
            "book_valuer_per_share_4q_avg": 11.67,
            "equity": 3789053,
            "current_ratio": 158.03,
            "debt_ratio": 54.42,
            "inventory_turnover_ratio": 1.63,
            "account_receivable_turnover_ratio": 1.96,
            "reinvestment_rate": 379.47,
            "research_to_sale_ratio": null,
            "price_fair": 34.13,
            "eps_avg_yearly": 0.98,
            "eps_latest_yearly": 1.32,
            "eps_growth_yearly": 457.39
        },
        "20122": {
            "year_quarter": 20122,
            "year": 2012,
            "quarter": 2,
            "eps": 0.14,
            "eps_growth_year": -59.84,
            "eps_4q": 0.13,
            "eps_4q_growth_year": -85.91,
            "roe": 1.22,
            "roe_4q": 1.23,
            "gross_profit": 486609,
            "gross_margin": 18.76,
            "gross_margin_4q_avg": 14.06,
            "net_income": 46114,
            "net_income_4q": null,
            "revenue": 2594286,
            "revenue_4q": null,
            "common_shares": 3430447,
            "book_valuer_per_share": 11.28,
            "book_valuer_per_share_4q_avg": 11.52,
            "equity": 3753049,
            "current_ratio": 170.49,
            "debt_ratio": 56.92,
            "inventory_turnover_ratio": 1.81,
            "account_receivable_turnover_ratio": 2.22,
            "reinvestment_rate": 428.75,
            "research_to_sale_ratio": null,
            "price_fair": 35.6,
            "eps_avg_yearly": 1.02,
            "eps_latest_yearly": 1.32,
            "eps_growth_yearly": 471.94
        },
        "20123": {
            "year_quarter": 20123,
            "year": 2012,
            "quarter": 3,
            "eps": 0.44,
            "eps_growth_year": 34.28,
            "eps_4q": 0.25,
            "eps_4q_growth_year": -71.06,
            "roe": 3.98,
            "roe_4q": 2.5000000000000004,
            "gross_profit": 318849,
            "gross_margin": 10.14,
            "gross_margin_4q_avg": 15.06,
            "net_income": 152691,
            "net_income_4q": null,
            "revenue": 3143982,
            "revenue_4q": null,
            "common_shares": 3533360,
            "book_valuer_per_share": 11.42,
            "book_valuer_per_share_4q_avg": 11.43,
            "equity": 3911504,
            "current_ratio": 160.59,
            "debt_ratio": 57.64,
            "inventory_turnover_ratio": 2.25,
            "account_receivable_turnover_ratio": 2.13,
            "reinvestment_rate": 390.46,
            "research_to_sale_ratio": null,
            "price_fair": 38.8,
            "eps_avg_yearly": 1.11,
            "eps_latest_yearly": 1.76,
            "eps_growth_yearly": 557.41
        },
        "20124": {
            "year_quarter": 20124,
            "year": 2012,
            "quarter": 4,
            "eps": -0.99,
            "eps_growth_year": null,
            "eps_4q": -0.62,
            "eps_4q_growth_year": -201.68,
            "roe": -9.08,
            "roe_4q": -5.68,
            "gross_profit": 391715,
            "gross_margin": 15.31,
            "gross_margin_4q_avg": 13.47,
            "net_income": -338345,
            "net_income_4q": null,
            "revenue": 2557860,
            "revenue_4q": null,
            "common_shares": 3533360,
            "book_valuer_per_share": 10.41,
            "book_valuer_per_share_4q_avg": 11.12,
            "equity": 3539636,
            "current_ratio": 144.05,
            "debt_ratio": 58.82,
            "inventory_turnover_ratio": 1.48,
            "account_receivable_turnover_ratio": 1.66,
            "reinvestment_rate": 460.58,
            "research_to_sale_ratio": null,
            "price_fair": 38.8,
            "eps_avg_yearly": 1.11,
            "eps_latest_yearly": 1.76,
            "eps_growth_yearly": 557.41
        },
        "20131": {
            "year_quarter": 20131,
            "year": 2013,
            "quarter": 1,
            "eps": -0.01,
            "eps_growth_year": null,
            "eps_4q": -0.41,
            "eps_4q_growth_year": -218.08,
            "roe": -0.03,
            "roe_4q": -3.9099999999999993,
            "gross_profit": 280765,
            "gross_margin": 11.84,
            "gross_margin_4q_avg": 14.01,
            "net_income": -892,
            "net_income_4q": null,
            "revenue": 2371390,
            "revenue_4q": null,
            "common_shares": 3533360,
            "book_valuer_per_share": 10.07,
            "book_valuer_per_share_4q_avg": 10.8,
            "equity": 3423260,
            "current_ratio": 150.05,
            "debt_ratio": 58.56,
            "inventory_turnover_ratio": 1.6,
            "account_receivable_turnover_ratio": 1.88,
            "reinvestment_rate": 488.99,
            "research_to_sale_ratio": null,
            "price_fair": 38.8,
            "eps_avg_yearly": 1.11,
            "eps_latest_yearly": 1.76,
            "eps_growth_yearly": 557.41
        },
        "20132": {
            "year_quarter": 20132,
            "year": 2013,
            "quarter": 2,
            "eps": 0.06,
            "eps_growth_year": -58.17,
            "eps_4q": -0.5,
            "eps_4q_growth_year": -476.22,
            "roe": 0.52,
            "roe_4q": -4.609999999999999,
            "gross_profit": 275105,
            "gross_margin": 11.5,
            "gross_margin_4q_avg": 12.2,
            "net_income": 17868,
            "net_income_4q": null,
            "revenue": 2391644,
            "revenue_4q": null,
            "common_shares": 3533360,
            "book_valuer_per_share": 10.16,
            "book_valuer_per_share_4q_avg": 10.52,
            "equity": 3453659,
            "current_ratio": 188.11,
            "debt_ratio": 57.36,
            "inventory_turnover_ratio": 2.14,
            "account_receivable_turnover_ratio": 2.04,
            "reinvestment_rate": 574.35,
            "research_to_sale_ratio": null,
            "price_fair": 38.73,
            "eps_avg_yearly": 1.11,
            "eps_latest_yearly": 1.76,
            "eps_growth_yearly": 592.54
        },
        "20133": {
            "year_quarter": 20133,
            "year": 2013,
            "quarter": 3,
            "eps": 0.17,
            "eps_growth_year": -61.42,
            "eps_4q": -0.77,
            "eps_4q_growth_year": -403.53,
            "roe": 1.62,
            "roe_4q": -6.97,
            "gross_profit": 430101,
            "gross_margin": 17.46,
            "gross_margin_4q_avg": 14.03,
            "net_income": 56302,
            "net_income_4q": null,
            "revenue": 2462785,
            "revenue_4q": null,
            "common_shares": 3533360,
            "book_valuer_per_share": 10.3,
            "book_valuer_per_share_4q_avg": 10.24,
            "equity": 3502446,
            "current_ratio": 176.28,
            "debt_ratio": 57.79,
            "inventory_turnover_ratio": 2.42,
            "account_receivable_turnover_ratio": 1.96,
            "reinvestment_rate": 667.5,
            "research_to_sale_ratio": null,
            "price_fair": 35,
            "eps_avg_yearly": 1,
            "eps_latest_yearly": 0.68,
            "eps_growth_yearly": 702.86
        },
        "20134": {
            "year_quarter": 20134,
            "year": 2013,
            "quarter": 4,
            "eps": -0.57,
            "eps_growth_year": null,
            "eps_4q": -0.35,
            "eps_4q_growth_year": null,
            "roe": -5.66,
            "roe_4q": -3.55,
            "gross_profit": 156928,
            "gross_margin": 8.3,
            "gross_margin_4q_avg": 12.28,
            "net_income": -192605,
            "net_income_4q": null,
            "revenue": 1891103,
            "revenue_4q": null,
            "common_shares": 3533360,
            "book_valuer_per_share": 9.72,
            "book_valuer_per_share_4q_avg": 10.06,
            "equity": 3306713,
            "current_ratio": 159.36,
            "debt_ratio": 57.59,
            "inventory_turnover_ratio": 2.13,
            "account_receivable_turnover_ratio": 1.63,
            "reinvestment_rate": 32.97,
            "research_to_sale_ratio": null,
            "price_fair": 35,
            "eps_avg_yearly": 1,
            "eps_latest_yearly": 0.68,
            "eps_growth_yearly": 702.86
        },
        "20141": {
            "year_quarter": 20141,
            "year": 2014,
            "quarter": 1,
            "eps": 0.07,
            "eps_growth_year": null,
            "eps_4q": -0.28,
            "eps_4q_growth_year": null,
            "roe": 0.72,
            "roe_4q": -2.8000000000000003,
            "gross_profit": 323356,
            "gross_margin": 15.4,
            "gross_margin_4q_avg": 13.17,
            "net_income": 24056,
            "net_income_4q": null,
            "revenue": 2100231,
            "revenue_4q": null,
            "common_shares": 3533360,
            "book_valuer_per_share": 9.85,
            "book_valuer_per_share_4q_avg": 10.01,
            "equity": 3349619,
            "current_ratio": 149.56,
            "debt_ratio": 58.25,
            "inventory_turnover_ratio": 2.24,
            "account_receivable_turnover_ratio": 2.11,
            "reinvestment_rate": 20.41,
            "research_to_sale_ratio": null,
            "price_fair": 35,
            "eps_avg_yearly": 1,
            "eps_latest_yearly": 0.68,
            "eps_growth_yearly": 702.86
        },
        "20142": {
            "year_quarter": 20142,
            "year": 2014,
            "quarter": 2,
            "eps": -0.06,
            "eps_growth_year": -200,
            "eps_4q": -0.39,
            "eps_4q_growth_year": null,
            "roe": -0.64,
            "roe_4q": -3.96,
            "gross_profit": 305499,
            "gross_margin": 13.07,
            "gross_margin_4q_avg": 13.56,
            "net_income": -21431,
            "net_income_4q": null,
            "revenue": 2337869,
            "revenue_4q": null,
            "common_shares": 3533360,
            "book_valuer_per_share": 9.78,
            "book_valuer_per_share_4q_avg": 9.91,
            "equity": 3325915,
            "current_ratio": 139.69,
            "debt_ratio": 62.99,
            "inventory_turnover_ratio": 2.27,
            "account_receivable_turnover_ratio": 2.18,
            "reinvestment_rate": 508.07,
            "research_to_sale_ratio": null,
            "price_fair": 35,
            "eps_avg_yearly": 1,
            "eps_latest_yearly": 0.68,
            "eps_growth_yearly": 702.86
        },
        "20143": {
            "year_quarter": 20143,
            "year": 2014,
            "quarter": 3,
            "eps": 0.21,
            "eps_growth_year": 23.53,
            "eps_4q": -0.35,
            "eps_4q_growth_year": null,
            "roe": 2.15,
            "roe_4q": -3.4300000000000006,
            "gross_profit": 446543,
            "gross_margin": 17.01,
            "gross_margin_4q_avg": 13.45,
            "net_income": 72290,
            "net_income_4q": null,
            "revenue": 2624740,
            "revenue_4q": null,
            "common_shares": 3533360,
            "book_valuer_per_share": 9.98,
            "book_valuer_per_share_4q_avg": 9.83,
            "equity": 3393403,
            "current_ratio": 142.57,
            "debt_ratio": 60.97,
            "inventory_turnover_ratio": 2.31,
            "account_receivable_turnover_ratio": 2.06,
            "reinvestment_rate": null,
            "research_to_sale_ratio": null,
            "price_fair": 35,
            "eps_avg_yearly": 1,
            "eps_latest_yearly": 0.68,
            "eps_growth_yearly": 702.86
        },
        "20144": {
            "year_quarter": 20144,
            "year": 2014,
            "quarter": 4,
            "eps": -0.02,
            "eps_growth_year": null,
            "eps_4q": 0.2,
            "eps_4q_growth_year": null,
            "roe": -0.21,
            "roe_4q": 2.0199999999999996,
            "gross_profit": 287517,
            "gross_margin": 14.83,
            "gross_margin_4q_avg": 15.08,
            "net_income": -7076,
            "net_income_4q": null,
            "revenue": 1938285,
            "revenue_4q": null,
            "common_shares": 3533360,
            "book_valuer_per_share": 9.92,
            "book_valuer_per_share_4q_avg": 9.88,
            "equity": 3374695,
            "current_ratio": 115.1,
            "debt_ratio": 56.6,
            "inventory_turnover_ratio": 2,
            "account_receivable_turnover_ratio": 1.66,
            "reinvestment_rate": null,
            "research_to_sale_ratio": null,
            "price_fair": 37.52,
            "eps_avg_yearly": 1.07,
            "eps_latest_yearly": 0.68,
            "eps_growth_yearly": 891.43
        },
        "20151": {
            "year_quarter": 20151,
            "year": 2015,
            "quarter": 1,
            "eps": -0.03,
            "eps_growth_year": -142.86,
            "eps_4q": 0.1,
            "eps_4q_growth_year": null,
            "roe": -0.29,
            "roe_4q": 1.0099999999999998,
            "gross_profit": 286168,
            "gross_margin": 14.44,
            "gross_margin_4q_avg": 14.84,
            "net_income": -9727,
            "net_income_4q": null,
            "revenue": 1982171,
            "revenue_4q": null,
            "common_shares": 3533360,
            "book_valuer_per_share": 9.81,
            "book_valuer_per_share_4q_avg": 9.87,
            "equity": 3337804,
            "current_ratio": 104.09,
            "debt_ratio": 56.92,
            "inventory_turnover_ratio": 2.27,
            "account_receivable_turnover_ratio": 1.99,
            "reinvestment_rate": null,
            "research_to_sale_ratio": null,
            "price_fair": 45.5,
            "eps_avg_yearly": 1.3,
            "eps_latest_yearly": 0.68,
            "eps_growth_yearly": 1189.29
        },
        "20152": {
            "year_quarter": 20152,
            "year": 2015,
            "quarter": 2,
            "eps": -0.04,
            "eps_growth_year": null,
            "eps_4q": 0.13,
            "eps_4q_growth_year": null,
            "roe": -0.38,
            "roe_4q": 1.27,
            "gross_profit": 297539,
            "gross_margin": 15.57,
            "gross_margin_4q_avg": 15.46,
            "net_income": -12600,
            "net_income_4q": null,
            "revenue": 1910399,
            "revenue_4q": null,
            "common_shares": 3533360,
            "book_valuer_per_share": 9.78,
            "book_valuer_per_share_4q_avg": 9.87,
            "equity": 3326376,
            "current_ratio": 123.49,
            "debt_ratio": 58.89,
            "inventory_turnover_ratio": 2.09,
            "account_receivable_turnover_ratio": 1.79,
            "reinvestment_rate": null,
            "research_to_sale_ratio": null,
            "price_fair": 43.87,
            "eps_avg_yearly": 1.25,
            "eps_latest_yearly": 0.68,
            "eps_growth_yearly": 519.05
        },
        "20153": {
            "year_quarter": 20153,
            "year": 2015,
            "quarter": 3,
            "eps": 0.3,
            "eps_growth_year": 42.86,
            "eps_4q": 0.21,
            "eps_4q_growth_year": null,
            "roe": 3.01,
            "roe_4q": 2.13,
            "gross_profit": 454170,
            "gross_margin": 19.57,
            "gross_margin_4q_avg": 16.1,
            "net_income": 101589,
            "net_income_4q": null,
            "revenue": 2320798,
            "revenue_4q": null,
            "common_shares": 3533360,
            "book_valuer_per_share": 10.04,
            "book_valuer_per_share_4q_avg": 9.89,
            "equity": 3415232,
            "current_ratio": 138.57,
            "debt_ratio": 58.55,
            "inventory_turnover_ratio": 2.31,
            "account_receivable_turnover_ratio": 1.86,
            "reinvestment_rate": null,
            "research_to_sale_ratio": null,
            "price_fair": 42.7,
            "eps_avg_yearly": 1.22,
            "eps_latest_yearly": 0.68,
            "eps_growth_yearly": 795.24
        },
        "20154": {
            "year_quarter": 20154,
            "year": 2015,
            "quarter": 4,
            "eps": 0.13,
            "eps_growth_year": null,
            "eps_4q": 0.36,
            "eps_4q_growth_year": 82.75,
            "roe": 1.31,
            "roe_4q": 3.6500000000000004,
            "gross_profit": 269756,
            "gross_margin": 14.94,
            "gross_margin_4q_avg": 16.13,
            "net_income": 44689,
            "net_income_4q": null,
            "revenue": 1805026,
            "revenue_4q": null,
            "common_shares": 3533360,
            "book_valuer_per_share": 10.02,
            "book_valuer_per_share_4q_avg": 9.91,
            "equity": 3409036,
            "current_ratio": 168.43,
            "debt_ratio": 56.06,
            "inventory_turnover_ratio": 1.92,
            "account_receivable_turnover_ratio": 1.52,
            "reinvestment_rate": null,
            "research_to_sale_ratio": null,
            "price_fair": 34.53,
            "eps_avg_yearly": 0.99,
            "eps_latest_yearly": 0.52,
            "eps_growth_yearly": 454.6
        },
        "20161": {
            "year_quarter": 20161,
            "year": 2016,
            "quarter": 1,
            "eps": 0.16,
            "eps_growth_year": null,
            "eps_4q": 0.55,
            "eps_4q_growth_year": 450,
            "roe": 1.54,
            "roe_4q": 5.4799999999999995,
            "gross_profit": 293185,
            "gross_margin": 16.09,
            "gross_margin_4q_avg": 16.54,
            "net_income": 53065,
            "net_income_4q": null,
            "revenue": 1821955,
            "revenue_4q": null,
            "common_shares": 3533360,
            "book_valuer_per_share": 10.19,
            "book_valuer_per_share_4q_avg": 10.01,
            "equity": 3465183,
            "current_ratio": 138.81,
            "debt_ratio": 56.77,
            "inventory_turnover_ratio": 2.21,
            "account_receivable_turnover_ratio": 1.87,
            "reinvestment_rate": null,
            "research_to_sale_ratio": null,
            "price_fair": 31.5,
            "eps_avg_yearly": 0.9,
            "eps_latest_yearly": 0.64,
            "eps_growth_yearly": 364.03
        },
        "20162": {
            "year_quarter": 20162,
            "year": 2016,
            "quarter": 2,
            "eps": 0.23,
            "eps_growth_year": null,
            "eps_4q": 0.81,
            "eps_4q_growth_year": 548.02,
            "roe": 2.22,
            "roe_4q": 8.08,
            "gross_profit": 368356,
            "gross_margin": 18.17,
            "gross_margin_4q_avg": 17.19,
            "net_income": 77618,
            "net_income_4q": null,
            "revenue": 2026737,
            "revenue_4q": null,
            "common_shares": 3533360,
            "book_valuer_per_share": 10.4,
            "book_valuer_per_share_4q_avg": 10.16,
            "equity": 3538579,
            "current_ratio": 135.91,
            "debt_ratio": 57.23,
            "inventory_turnover_ratio": 2.23,
            "account_receivable_turnover_ratio": 1.86,
            "reinvestment_rate": -2696.94,
            "research_to_sale_ratio": null,
            "price_fair": 31.64,
            "eps_avg_yearly": 0.9,
            "eps_latest_yearly": 0.92,
            "eps_growth_yearly": 326.22
        },
        "20163": {
            "year_quarter": 20163,
            "year": 2016,
            "quarter": 3,
            "eps": 0.42,
            "eps_growth_year": 40,
            "eps_4q": 0.94,
            "eps_4q_growth_year": 342.89,
            "roe": 3.97,
            "roe_4q": 9.040000000000001,
            "gross_profit": 451532,
            "gross_margin": 19.58,
            "gross_margin_4q_avg": 17.2,
            "net_income": 143376,
            "net_income_4q": null,
            "revenue": 2306202,
            "revenue_4q": null,
            "common_shares": 3533360,
            "book_valuer_per_share": 10.81,
            "book_valuer_per_share_4q_avg": 10.36,
            "equity": 3676183,
            "current_ratio": 149.22,
            "debt_ratio": 53.88,
            "inventory_turnover_ratio": 2.13,
            "account_receivable_turnover_ratio": 1.79,
            "reinvestment_rate": -6244.24,
            "research_to_sale_ratio": null,
            "price_fair": 31.08,
            "eps_avg_yearly": 0.89,
            "eps_latest_yearly": 1.68,
            "eps_growth_yearly": 220.88
        },
        "20164": {
            "year_quarter": 20164,
            "year": 2016,
            "quarter": 4,
            "eps": -0.45,
            "eps_growth_year": -441.3,
            "eps_4q": 0.36,
            "eps_4q_growth_year": -1.93,
            "roe": -4.26,
            "roe_4q": 3.4700000000000006,
            "gross_profit": 313135,
            "gross_margin": 16.01,
            "gross_margin_4q_avg": 17.46,
            "net_income": -152451,
            "net_income_4q": null,
            "revenue": 1955933,
            "revenue_4q": null,
            "common_shares": 3533360,
            "book_valuer_per_share": 10.22,
            "book_valuer_per_share_4q_avg": 10.41,
            "equity": 3476167,
            "current_ratio": 129.76,
            "debt_ratio": 55.9,
            "inventory_turnover_ratio": 2.2,
            "account_receivable_turnover_ratio": 1.57,
            "reinvestment_rate": -371.62,
            "research_to_sale_ratio": null,
            "price_fair": 31.08,
            "eps_avg_yearly": 0.89,
            "eps_latest_yearly": 1.68,
            "eps_growth_yearly": 220.88
        },
        "20171": {
            "year_quarter": 20171,
            "year": 2017,
            "quarter": 1,
            "eps": 0,
            "eps_growth_year": -100,
            "eps_4q": 0.21,
            "eps_4q_growth_year": -62.65,
            "roe": 0.04,
            "roe_4q": 1.9700000000000006,
            "gross_profit": 275830,
            "gross_margin": 15.41,
            "gross_margin_4q_avg": 17.29,
            "net_income": 1320,
            "net_income_4q": null,
            "revenue": 1790165,
            "revenue_4q": null,
            "common_shares": 3533360,
            "book_valuer_per_share": 10.24,
            "book_valuer_per_share_4q_avg": 10.42,
            "equity": 3484202,
            "current_ratio": 131.02,
            "debt_ratio": 52.01,
            "inventory_turnover_ratio": 2.34,
            "account_receivable_turnover_ratio": 1.73,
            "reinvestment_rate": -313.26,
            "research_to_sale_ratio": null,
            "price_fair": 31.08,
            "eps_avg_yearly": 0.89,
            "eps_latest_yearly": 1.68,
            "eps_growth_yearly": 220.88
        },
        "20172": {
            "year_quarter": 20172,
            "year": 2017,
            "quarter": 2,
            "eps": -0.01,
            "eps_growth_year": -104.35,
            "eps_4q": -0.04,
            "eps_4q_growth_year": -104.55,
            "roe": -0.13,
            "roe_4q": -0.37999999999999945,
            "gross_profit": 319095,
            "gross_margin": 17.36,
            "gross_margin_4q_avg": 17.09,
            "net_income": -4531,
            "net_income_4q": null,
            "revenue": 1837629,
            "revenue_4q": null,
            "common_shares": 3533360,
            "book_valuer_per_share": 10.23,
            "book_valuer_per_share_4q_avg": 10.38,
            "equity": 3479421,
            "current_ratio": 132.08,
            "debt_ratio": 56.66,
            "inventory_turnover_ratio": 2.11,
            "account_receivable_turnover_ratio": 1.8,
            "reinvestment_rate": -345.57,
            "research_to_sale_ratio": null,
            "price_fair": 31.08,
            "eps_avg_yearly": 0.89,
            "eps_latest_yearly": 1.68,
            "eps_growth_yearly": 220.88
        },
        "20173": {
            "year_quarter": 20173,
            "year": 2017,
            "quarter": 3,
            "eps": 0.89,
            "eps_growth_year": 111.9,
            "eps_4q": 0.44,
            "eps_4q_growth_year": -53.58,
            "roe": 8.39,
            "roe_4q": 4.039999999999999,
            "gross_profit": 458906,
            "gross_margin": 20.63,
            "gross_margin_4q_avg": 17.35,
            "net_income": 303916,
            "net_income_4q": null,
            "revenue": 2224726,
            "revenue_4q": null,
            "common_shares": 3533360,
            "book_valuer_per_share": 11.07,
            "book_valuer_per_share_4q_avg": 10.44,
            "equity": 3766187,
            "current_ratio": 156.19,
            "debt_ratio": 51.44,
            "inventory_turnover_ratio": 2.09,
            "account_receivable_turnover_ratio": 1.83,
            "reinvestment_rate": -176.86,
            "research_to_sale_ratio": null,
            "price_fair": 32.9,
            "eps_avg_yearly": 0.94,
            "eps_latest_yearly": 1.68,
            "eps_growth_yearly": 92.77
        },
        "20174": {
            "year_quarter": 20174,
            "year": 2017,
            "quarter": 4,
            "eps": 0.05,
            "eps_growth_year": null,
            "eps_4q": 0.93,
            "eps_4q_growth_year": 159.27,
            "roe": 0.44,
            "roe_4q": 8.739999999999998,
            "gross_profit": 277826,
            "gross_margin": 15.19,
            "gross_margin_4q_avg": 17.15,
            "net_income": 16567,
            "net_income_4q": null,
            "revenue": 1829281,
            "revenue_4q": null,
            "common_shares": 3533360,
            "book_valuer_per_share": 11.19,
            "book_valuer_per_share_4q_avg": 10.68,
            "equity": 3821989,
            "current_ratio": 152.37,
            "debt_ratio": 48.92,
            "inventory_turnover_ratio": 2.03,
            "account_receivable_turnover_ratio": 1.53,
            "reinvestment_rate": -101.72,
            "research_to_sale_ratio": null,
            "price_fair": 2.38,
            "eps_avg_yearly": 0.79,
            "eps_latest_yearly": 0.2,
            "eps_growth_yearly": -1.29
        },
        "20181": {
            "year_quarter": 20181,
            "year": 2018,
            "quarter": 1,
            "eps": 0.19,
            "eps_growth_year": null,
            "eps_4q": 0.82,
            "eps_4q_growth_year": 297.75,
            "roe": 1.61,
            "roe_4q": 10.31,
            "gross_profit": 305219,
            "gross_margin": 16.54,
            "gross_margin_4q_avg": 17.43,
            "net_income": 81173,
            "net_income_4q": null,
            "revenue": 1844853,
            "revenue_4q": null,
            "common_shares": 4999990,
            "book_valuer_per_share": 12.83,
            "book_valuer_per_share_4q_avg": 11.33,
            "equity": 6245579,
            "current_ratio": 345.77,
            "debt_ratio": 26.65,
            "inventory_turnover_ratio": 2.48,
            "account_receivable_turnover_ratio": 1.85,
            "reinvestment_rate": -99.47,
            "research_to_sale_ratio": null,
            "price_fair": 27.53,
            "eps_avg_yearly": 0.79,
            "eps_latest_yearly": 0.76,
            "eps_growth_yearly": 185.59
        },
        "20182": {
            "year_quarter": 20182,
            "year": 2018,
            "quarter": 2,
            "eps": 0.28,
            "eps_growth_year": null,
            "eps_4q": 1.1,
            "eps_4q_growth_year": null,
            "roe": 2.17,
            "roe_4q": 12.610000000000001,
            "gross_profit": 379463,
            "gross_margin": 18.95,
            "gross_margin_4q_avg": 17.83,
            "net_income": 134690,
            "net_income_4q": null,
            "revenue": 2001999,
            "revenue_4q": null,
            "common_shares": 4999990,
            "book_valuer_per_share": 12.7,
            "book_valuer_per_share_4q_avg": 11.95,
            "equity": 6183505,
            "current_ratio": 158.81,
            "debt_ratio": 33.67,
            "inventory_turnover_ratio": 2.2,
            "account_receivable_turnover_ratio": 1.86,
            "reinvestment_rate": -58.83,
            "research_to_sale_ratio": null,
            "price_fair": 29.2,
            "eps_avg_yearly": 0.83,
            "eps_latest_yearly": 1.12,
            "eps_growth_yearly": 186.15
        },
        "20183": {
            "year_quarter": 20183,
            "year": 2018,
            "quarter": 3,
            "eps": 0.43,
            "eps_growth_year": -51.69,
            "eps_4q": 0.91,
            "eps_4q_growth_year": 108.93,
            "roe": 3.34,
            "roe_4q": 7.5600000000000005,
            "gross_profit": 452851,
            "gross_margin": 20,
            "gross_margin_4q_avg": 17.67,
            "net_income": 210343,
            "net_income_4q": null,
            "revenue": 2263738,
            "revenue_4q": null,
            "common_shares": 4999990,
            "book_valuer_per_share": 13.14,
            "book_valuer_per_share_4q_avg": 12.47,
            "equity": 6395229,
            "current_ratio": 154.1,
            "debt_ratio": 33.49,
            "inventory_turnover_ratio": 2.22,
            "account_receivable_turnover_ratio": 1.75,
            "reinvestment_rate": -13.12,
            "research_to_sale_ratio": null,
            "price_fair": 33.08,
            "eps_avg_yearly": 0.95,
            "eps_latest_yearly": 1.72,
            "eps_growth_yearly": 189.66
        },
        "20184": {
            "year_quarter": 20184,
            "year": 2018,
            "quarter": 4,
            "eps": 0.08,
            "eps_growth_year": 63.98,
            "eps_4q": 0.96,
            "eps_4q_growth_year": 3.09,
            "roe": 0.6,
            "roe_4q": 7.72,
            "gross_profit": 295501,
            "gross_margin": 16.5,
            "gross_margin_4q_avg": 18,
            "net_income": 38476,
            "net_income_4q": null,
            "revenue": 1791080,
            "revenue_4q": null,
            "common_shares": 4999990,
            "book_valuer_per_share": 13.15,
            "book_valuer_per_share_4q_avg": 12.96,
            "equity": 6402709,
            "current_ratio": 164.22,
            "debt_ratio": 27.3,
            "inventory_turnover_ratio": 2.16,
            "account_receivable_turnover_ratio": 1.46,
            "reinvestment_rate": 11.51,
            "research_to_sale_ratio": null,
            "price_fair": 30.64,
            "eps_avg_yearly": 0.88,
            "eps_latest_yearly": 0.32,
            "eps_growth_yearly": 132.41
        },
        "20191": {
            "year_quarter": 20191,
            "year": 2019,
            "quarter": 1,
            "eps": 0.22,
            "eps_growth_year": 15.79,
            "eps_4q": 1.01,
            "eps_4q_growth_year": 23.22,
            "roe": 1.63,
            "roe_4q": 7.74,
            "gross_profit": 313782,
            "gross_margin": 18.13,
            "gross_margin_4q_avg": 18.4,
            "net_income": 105533,
            "net_income_4q": null,
            "revenue": 1731205,
            "revenue_4q": null,
            "common_shares": 4999990,
            "book_valuer_per_share": 13.38,
            "book_valuer_per_share_4q_avg": 13.09,
            "equity": 6510813,
            "current_ratio": 172.86,
            "debt_ratio": 24.44,
            "inventory_turnover_ratio": 2.35,
            "account_receivable_turnover_ratio": 1.74,
            "reinvestment_rate": 59.03,
            "research_to_sale_ratio": null,
            "price_fair": 30.66,
            "eps_avg_yearly": 0.88,
            "eps_latest_yearly": 0.88,
            "eps_growth_yearly": 189.17
        },
        "20192": {
            "year_quarter": 20192,
            "year": 2019,
            "quarter": 2,
            "eps": 0.28,
            "eps_growth_year": 0,
            "eps_4q": 1.01,
            "eps_4q_growth_year": -8.33,
            "roe": 2.15,
            "roe_4q": 7.72,
            "gross_profit": 335103,
            "gross_margin": 17.77,
            "gross_margin_4q_avg": 18.1,
            "net_income": 137307,
            "net_income_4q": null,
            "revenue": 1885671,
            "revenue_4q": null,
            "common_shares": 4999990,
            "book_valuer_per_share": 12.87,
            "book_valuer_per_share_4q_avg": 13.14,
            "equity": 6263043,
            "current_ratio": 146.38,
            "debt_ratio": 32.72,
            "inventory_turnover_ratio": 2.09,
            "account_receivable_turnover_ratio": 1.83,
            "reinvestment_rate": 61.66,
            "research_to_sale_ratio": null,
            "price_fair": 31.44,
            "eps_avg_yearly": 0.9,
            "eps_latest_yearly": 1.12,
            "eps_growth_yearly": 181.89
        },
        "20193": {
            "year_quarter": 20193,
            "year": 2019,
            "quarter": 3,
            "eps": 0.54,
            "eps_growth_year": 25.58,
            "eps_4q": 1.12,
            "eps_4q_growth_year": 23.43,
            "roe": 4.14,
            "roe_4q": 8.52,
            "gross_profit": 509258,
            "gross_margin": 20.67,
            "gross_margin_4q_avg": 18.27,
            "net_income": 265094,
            "net_income_4q": null,
            "revenue": 2463724,
            "revenue_4q": null,
            "common_shares": 4999990,
            "book_valuer_per_share": 13.41,
            "book_valuer_per_share_4q_avg": 13.2,
            "equity": 6528937,
            "current_ratio": 171.71,
            "debt_ratio": 31.01,
            "inventory_turnover_ratio": 2.85,
            "account_receivable_turnover_ratio": 1.93,
            "reinvestment_rate": 51.87,
            "research_to_sale_ratio": null,
            "price_fair": 35.12,
            "eps_avg_yearly": 1,
            "eps_latest_yearly": 2.16,
            "eps_growth_yearly": 197.69
        },
        "20194": {
            "year_quarter": 20194,
            "year": 2019,
            "quarter": 4,
            "eps": 0.15,
            "eps_growth_year": 93.34,
            "eps_4q": 1.2,
            "eps_4q_growth_year": 25.33,
            "roe": 1.13,
            "roe_4q": 9.05,
            "gross_profit": 296548,
            "gross_margin": 15.45,
            "gross_margin_4q_avg": 18.01,
            "net_income": 74267,
            "net_income_4q": null,
            "revenue": 1919984,
            "revenue_4q": null,
            "common_shares": 4999990,
            "book_valuer_per_share": 13.57,
            "book_valuer_per_share_4q_avg": 13.31,
            "equity": 6605173,
            "current_ratio": 209.73,
            "debt_ratio": 28.43,
            "inventory_turnover_ratio": 2.8,
            "account_receivable_turnover_ratio": 1.53,
            "reinvestment_rate": 62.23,
            "research_to_sale_ratio": null,
            "price_fair": 35.35,
            "eps_avg_yearly": 1.01,
            "eps_latest_yearly": 0.6,
            "eps_growth_yearly": 192.5
        },
        "20201": {
            "year_quarter": 20201,
            "year": 2020,
            "quarter": 1,
            "eps": 0.26,
            "eps_growth_year": 18.18,
            "eps_4q": 1.24,
            "eps_4q_growth_year": 23.37,
            "roe": 1.9,
            "roe_4q": 9.32,
            "gross_profit": 332740,
            "gross_margin": 18.1,
            "gross_margin_4q_avg": 18,
            "net_income": 126558,
            "net_income_4q": null,
            "revenue": 1838108,
            "revenue_4q": null,
            "common_shares": 4999990,
            "book_valuer_per_share": 13.81,
            "book_valuer_per_share_4q_avg": 13.42,
            "equity": 6720714,
            "current_ratio": 170.14,
            "debt_ratio": 21.8,
            "inventory_turnover_ratio": 2.22,
            "account_receivable_turnover_ratio": 1.75,
            "reinvestment_rate": 62.87,
            "research_to_sale_ratio": null,
            "price_fair": 36.52,
            "eps_avg_yearly": 1.04,
            "eps_latest_yearly": 1.04,
            "eps_growth_yearly": 209.25
        },
        "20202": {
            "year_quarter": 20202,
            "year": 2020,
            "quarter": 2,
            "eps": 0.47,
            "eps_growth_year": 67.86,
            "eps_4q": 1.43,
            "eps_4q_growth_year": 41.07,
            "roe": 3.43,
            "roe_4q": 10.6,
            "gross_profit": 394883,
            "gross_margin": 20.11,
            "gross_margin_4q_avg": 18.58,
            "net_income": 227470,
            "net_income_4q": null,
            "revenue": 1963187,
            "revenue_4q": null,
            "common_shares": 4999990,
            "book_valuer_per_share": 13.41,
            "book_valuer_per_share_4q_avg": 13.55,
            "equity": 6526275,
            "current_ratio": 142.08,
            "debt_ratio": 28.45,
            "inventory_turnover_ratio": 2.45,
            "account_receivable_turnover_ratio": 1.82,
            "reinvestment_rate": 62.19,
            "research_to_sale_ratio": null,
            "price_fair": 39.32,
            "eps_avg_yearly": 1.12,
            "eps_latest_yearly": 1.88,
            "eps_growth_yearly": 221.59
        },
        "20203": {
            "year_quarter": 20203,
            "year": 2020,
            "quarter": 3,
            "eps": 0.7,
            "eps_growth_year": 29.63,
            "eps_4q": 1.58,
            "eps_4q_growth_year": 41.09,
            "roe": 5.11,
            "roe_4q": 11.57,
            "gross_profit": 574120,
            "gross_margin": 22.82,
            "gross_margin_4q_avg": 19.12,
            "net_income": 342418,
            "net_income_4q": null,
            "revenue": 2516161,
            "revenue_4q": null,
            "common_shares": 4999990,
            "book_valuer_per_share": 14.11,
            "book_valuer_per_share_4q_avg": 13.73,
            "equity": 6868704,
            "current_ratio": 162.48,
            "debt_ratio": 24.61,
            "inventory_turnover_ratio": 3.05,
            "account_receivable_turnover_ratio": 1.96,
            "reinvestment_rate": 54.8,
            "research_to_sale_ratio": null,
            "price_fair": 42.58,
            "eps_avg_yearly": 1.22,
            "eps_latest_yearly": 2.8,
            "eps_growth_yearly": 210.37
        },
        "20204": {
            "year_quarter": 20204,
            "year": 2020,
            "quarter": 4,
            "eps": 0.32,
            "eps_growth_year": 108.24,
            "eps_4q": 1.75,
            "eps_4q_growth_year": 46.22,
            "roe": 2.23,
            "roe_4q": 12.67,
            "gross_profit": 338737,
            "gross_margin": 16.62,
            "gross_margin_4q_avg": 19.41,
            "net_income": 155095,
            "net_income_4q": null,
            "revenue": 2038669,
            "revenue_4q": null,
            "common_shares": 4999990,
            "book_valuer_per_share": 14.45,
            "book_valuer_per_share_4q_avg": 13.95,
            "equity": 7031602,
            "current_ratio": 234.04,
            "debt_ratio": 23.9,
            "inventory_turnover_ratio": 2.75,
            "account_receivable_turnover_ratio": 1.57,
            "reinvestment_rate": 55.71,
            "research_to_sale_ratio": null,
            "price_fair": 42.75,
            "eps_avg_yearly": 1.22,
            "eps_latest_yearly": 1.28,
            "eps_growth_yearly": 177.48
        },
        "20211": {
            "year_quarter": 20211,
            "year": 2021,
            "quarter": 1,
            "eps": 0.34,
            "eps_growth_year": 30.77,
            "eps_4q": 1.83,
            "eps_4q_growth_year": 47.51,
            "roe": 2.32,
            "roe_4q": 13.09,
            "gross_profit": 369322,
            "gross_margin": 16.35,
            "gross_margin_4q_avg": 18.98,
            "net_income": 165111,
            "net_income_4q": null,
            "revenue": 2259043,
            "revenue_4q": null,
            "common_shares": 4999990,
            "book_valuer_per_share": 14.79,
            "book_valuer_per_share_4q_avg": 14.19,
            "equity": 7199665,
            "current_ratio": 249.48,
            "debt_ratio": 22.52,
            "inventory_turnover_ratio": 2.72,
            "account_receivable_turnover_ratio": 1.92,
            "reinvestment_rate": 57.16,
            "research_to_sale_ratio": null,
            "price_fair": 43.1,
            "eps_avg_yearly": 1.23,
            "eps_latest_yearly": 1.36,
            "eps_growth_yearly": 166.59
        },
        "20212": {
            "year_quarter": 20212,
            "year": 2021,
            "quarter": 2,
            "eps": 0.28,
            "eps_growth_year": -40.43,
            "eps_4q": 1.64,
            "eps_4q_growth_year": 15.16,
            "roe": 1.87,
            "roe_4q": 11.530000000000001,
            "gross_profit": 371843,
            "gross_margin": 15.38,
            "gross_margin_4q_avg": 17.79,
            "net_income": 136018,
            "net_income_4q": null,
            "revenue": 2417864,
            "revenue_4q": null,
            "common_shares": 4999990,
            "book_valuer_per_share": 15.12,
            "book_valuer_per_share_4q_avg": 14.62,
            "equity": 7358881,
            "current_ratio": 176.88,
            "debt_ratio": 30.94,
            "inventory_turnover_ratio": 1.85,
            "account_receivable_turnover_ratio": 1.93,
            "reinvestment_rate": 56.5,
            "research_to_sale_ratio": null,
            "price_fair": 42.84,
            "eps_avg_yearly": 1.22,
            "eps_latest_yearly": 1.12,
            "eps_growth_yearly": 150.78
        },
        "20213": {
            "year_quarter": 20213,
            "year": 2021,
            "quarter": 3,
            "eps": 0.29,
            "eps_growth_year": -58.57,
            "eps_4q": 1.23,
            "eps_4q_growth_year": -22.39,
            "roe": 2.01,
            "roe_4q": 8.43,
            "gross_profit": 427018,
            "gross_margin": 15.55,
            "gross_margin_4q_avg": 15.98,
            "net_income": 142132,
            "net_income_4q": null,
            "revenue": 2745795,
            "revenue_4q": null,
            "common_shares": 4999990,
            "book_valuer_per_share": 13.98,
            "book_valuer_per_share_4q_avg": 14.59,
            "equity": 6805309,
            "current_ratio": 173.01,
            "debt_ratio": 30.83,
            "inventory_turnover_ratio": 1.95,
            "account_receivable_turnover_ratio": 1.91,
            "reinvestment_rate": 54.43,
            "research_to_sale_ratio": null,
            "price_fair": 42.7,
            "eps_avg_yearly": 1.22,
            "eps_latest_yearly": 1.16,
            "eps_growth_yearly": 142.25
        },
        "20214": {
            "year_quarter": 20214,
            "year": 2021,
            "quarter": 4,
            "eps": 0.31,
            "eps_growth_year": -4,
            "eps_4q": 1.22,
            "eps_4q_growth_year": -30.46,
            "roe": 2.16,
            "roe_4q": 8.36,
            "gross_profit": 367504,
            "gross_margin": 14.57,
            "gross_margin_4q_avg": 15.46,
            "net_income": 148750,
            "net_income_4q": null,
            "revenue": 2522276,
            "revenue_4q": null,
            "common_shares": 4999990,
            "book_valuer_per_share": 14.37,
            "book_valuer_per_share_4q_avg": 14.57,
            "equity": 6991127,
            "current_ratio": 193.95,
            "debt_ratio": 34.28,
            "inventory_turnover_ratio": 2.55,
            "account_receivable_turnover_ratio": 1.71,
            "reinvestment_rate": 52.68,
            "research_to_sale_ratio": null,
            "price_fair": 44.98,
            "eps_avg_yearly": 1.29,
            "eps_latest_yearly": 1.24,
            "eps_growth_yearly": 167.57
        },
        "20221": {
            "year_quarter": 20221,
            "year": 2022,
            "quarter": 1,
            "eps": 0.29,
            "eps_growth_year": -14.71,
            "eps_4q": 1.17,
            "eps_4q_growth_year": -36.28,
            "roe": 2.05,
            "roe_4q": 8.09,
            "gross_profit": 395836,
            "gross_margin": 15.38,
            "gross_margin_4q_avg": 15.22,
            "net_income": 140117,
            "net_income_4q": null,
            "revenue": 2573577,
            "revenue_4q": null,
            "common_shares": 4999990,
            "book_valuer_per_share": 13.66,
            "book_valuer_per_share_4q_avg": 14.28,
            "equity": 6649707,
            "current_ratio": 155.2,
            "debt_ratio": 38.91,
            "inventory_turnover_ratio": 2.65,
            "account_receivable_turnover_ratio": 1.93,
            "reinvestment_rate": 53.73,
            "research_to_sale_ratio": null,
            "price_fair": 45.85,
            "eps_avg_yearly": 1.31,
            "eps_latest_yearly": 1.16,
            "eps_growth_yearly": 95.96
        },
        "20222": {
            "year_quarter": 20222,
            "year": 2022,
            "quarter": 2,
            "eps": 0.27,
            "eps_growth_year": -3.57,
            "eps_4q": 1.16,
            "eps_4q_growth_year": -29.39,
            "roe": 1.98,
            "roe_4q": 8.2,
            "gross_profit": 395930,
            "gross_margin": 14.44,
            "gross_margin_4q_avg": 14.99,
            "net_income": 132902,
            "net_income_4q": null,
            "revenue": 2741171,
            "revenue_4q": null,
            "common_shares": 4999990,
            "book_valuer_per_share": 13.93,
            "book_valuer_per_share_4q_avg": 13.99,
            "equity": 6781249,
            "current_ratio": 168.47,
            "debt_ratio": 33.7,
            "inventory_turnover_ratio": 1.98,
            "account_receivable_turnover_ratio": 1.97,
            "reinvestment_rate": 43.67,
            "research_to_sale_ratio": null,
            "price_fair": 45.76,
            "eps_avg_yearly": 1.31,
            "eps_latest_yearly": 1.08,
            "eps_growth_yearly": 82.39
        },
        "20223": {
            "year_quarter": 20223,
            "year": 2022,
            "quarter": 3,
            "eps": 0.32,
            "eps_growth_year": 10.34,
            "eps_4q": 1.19,
            "eps_4q_growth_year": -3.27,
            "roe": 2.29,
            "roe_4q": 8.48,
            "gross_profit": 454738,
            "gross_margin": 14.5,
            "gross_margin_4q_avg": 14.72,
            "net_income": 156799,
            "net_income_4q": null,
            "revenue": 3135476,
            "revenue_4q": null,
            "common_shares": 4999990,
            "book_valuer_per_share": 14.26,
            "book_valuer_per_share_4q_avg": 14.06,
            "equity": 6938454,
            "current_ratio": 156.43,
            "debt_ratio": 35.4,
            "inventory_turnover_ratio": 2.06,
            "account_receivable_turnover_ratio": 1.91,
            "reinvestment_rate": 29.94,
            "research_to_sale_ratio": null,
            "price_fair": 44.8,
            "eps_avg_yearly": 1.28,
            "eps_latest_yearly": 1.28,
            "eps_growth_yearly": 73.63
        },
        "20224": {
            "year_quarter": 20224,
            "year": 2022,
            "quarter": 4,
            "eps": 11.29,
            "eps_growth_year": 3589.7,
            "eps_4q": 12.17,
            "eps_4q_growth_year": 900.04,
            "roe": 56.28,
            "roe_4q": 62.599999999999994,
            "gross_profit": 199257,
            "gross_margin": 7.61,
            "gross_margin_4q_avg": 12.98,
            "net_income": 5488754,
            "net_income_4q": null,
            "revenue": 2619216,
            "revenue_4q": null,
            "common_shares": 4999990,
            "book_valuer_per_share": 25.83,
            "book_valuer_per_share_4q_avg": 16.92,
            "equity": 12567859,
            "current_ratio": 313.77,
            "debt_ratio": 24.54,
            "inventory_turnover_ratio": 1.77,
            "account_receivable_turnover_ratio": 1.6,
            "reinvestment_rate": -31.01,
            "research_to_sale_ratio": null,
            "price_fair": 142.89,
            "eps_avg_yearly": 4.08,
            "eps_latest_yearly": 45.16,
            "eps_growth_yearly": 951.01
        },
        "20231": {
            "year_quarter": 20231,
            "year": 2023,
            "quarter": 1,
            "eps": -0.14,
            "eps_growth_year": -148.28,
            "eps_4q": 11.74,
            "eps_4q_growth_year": 906.99,
            "roe": -0.56,
            "roe_4q": 59.989999999999995,
            "gross_profit": 290952,
            "gross_margin": 10.98,
            "gross_margin_4q_avg": 11.88,
            "net_income": -69905,
            "net_income_4q": null,
            "revenue": 2649807,
            "revenue_4q": null,
            "common_shares": 4999990,
            "book_valuer_per_share": 25.9,
            "book_valuer_per_share_4q_avg": 19.98,
            "equity": 12602946,
            "current_ratio": 468.45,
            "debt_ratio": 16.05,
            "inventory_turnover_ratio": 1.68,
            "account_receivable_turnover_ratio": 1.93,
            "reinvestment_rate": -32.41,
            "research_to_sale_ratio": null,
            "price_fair": 150.36,
            "eps_avg_yearly": 4.3,
            "eps_latest_yearly": 45.16,
            "eps_growth_yearly": 967.74
        },
        "20232": {
            "year_quarter": 20232,
            "year": 2023,
            "quarter": 2,
            "eps": -0.79,
            "eps_growth_year": -392.59,
            "eps_4q": 10.68,
            "eps_4q_growth_year": 821.27,
            "roe": -3.12,
            "roe_4q": 54.89,
            "gross_profit": 318667,
            "gross_margin": 12.15,
            "gross_margin_4q_avg": 11.31,
            "net_income": -382123,
            "net_income_4q": null,
            "revenue": 2623514,
            "revenue_4q": null,
            "common_shares": 4999990,
            "book_valuer_per_share": 24.42,
            "book_valuer_per_share_4q_avg": 22.6,
            "equity": 11880139,
            "current_ratio": 248.57,
            "debt_ratio": 18.9,
            "inventory_turnover_ratio": 1.65,
            "account_receivable_turnover_ratio": 1.97,
            "reinvestment_rate": -36.74,
            "research_to_sale_ratio": null,
            "price_fair": 158.3,
            "eps_avg_yearly": 4.52,
            "eps_latest_yearly": 45.16,
            "eps_growth_yearly": 1029.07
        },
        "20233": {
            "year_quarter": 20233,
            "year": 2023,
            "quarter": 3,
            "eps": 0.36,
            "eps_growth_year": 12.5,
            "eps_4q": 10.72,
            "eps_4q_growth_year": 800.84,
            "roe": 1.46,
            "roe_4q": 54.06,
            "gross_profit": 524172,
            "gross_margin": 15.88,
            "gross_margin_4q_avg": 11.66,
            "net_income": 174621,
            "net_income_4q": null,
            "revenue": 3300411,
            "revenue_4q": null,
            "common_shares": 4999990,
            "book_valuer_per_share": 24.6,
            "book_valuer_per_share_4q_avg": 25.19,
            "equity": 11969609,
            "current_ratio": 319.86,
            "debt_ratio": 14.64,
            "inventory_turnover_ratio": 2.09,
            "account_receivable_turnover_ratio": 1.99,
            "reinvestment_rate": -35.39,
            "research_to_sale_ratio": null,
            "price_fair": 164.66,
            "eps_avg_yearly": 4.7,
            "eps_latest_yearly": 45.16,
            "eps_growth_yearly": 1079.66
        }
    },
    "months": {
        "2001-06": {
            "month": "2001-06",
            "price": "4.44",
            "revenue": 351257
        },
        "2001-07": {
            "month": "2001-07",
            "price": "3.93",
            "revenue": 404834
        },
        "2001-08": {
            "month": "2001-08",
            "price": "4.26",
            "revenue": 433769
        },
        "2001-09": {
            "month": "2001-09",
            "price": "3.70",
            "revenue": 321531
        },
        "2001-10": {
            "month": "2001-10",
            "price": "3.35",
            "revenue": 327926
        },
        "2001-11": {
            "month": "2001-11",
            "price": "3.21",
            "revenue": 335711
        },
        "2001-12": {
            "month": "2001-12",
            "price": "3.77",
            "revenue": 335214
        },
        "2002-01": {
            "month": "2002-01",
            "price": "4.22",
            "revenue": 364078
        },
        "2002-02": {
            "month": "2002-02",
            "price": "4.59",
            "revenue": 295862
        },
        "2002-03": {
            "month": "2002-03",
            "price": "5.30",
            "revenue": 344738
        },
        "2002-04": {
            "month": "2002-04",
            "price": "6.68",
            "revenue": 345526
        },
        "2002-05": {
            "month": "2002-05",
            "price": "6.52",
            "revenue": 359550
        },
        "2002-06": {
            "month": "2002-06",
            "price": "6.60",
            "revenue": 361941
        },
        "2002-07": {
            "month": "2002-07",
            "price": "6.88",
            "revenue": 372063
        },
        "2002-08": {
            "month": "2002-08",
            "price": "5.95",
            "revenue": 451001
        },
        "2002-09": {
            "month": "2002-09",
            "price": "5.13",
            "revenue": 355250
        },
        "2002-10": {
            "month": "2002-10",
            "price": "4.42",
            "revenue": 350536
        },
        "2002-11": {
            "month": "2002-11",
            "price": "5.32",
            "revenue": 345688
        },
        "2002-12": {
            "month": "2002-12",
            "price": "5.98",
            "revenue": 334440
        },
        "2003-01": {
            "month": "2003-01",
            "price": "6.40",
            "revenue": 386516
        },
        "2003-02": {
            "month": "2003-02",
            "price": "5.79",
            "revenue": 262402
        },
        "2003-03": {
            "month": "2003-03",
            "price": "5.51",
            "revenue": 341348
        },
        "2003-04": {
            "month": "2003-04",
            "price": "5.22",
            "revenue": 399780
        },
        "2003-05": {
            "month": "2003-05",
            "price": "4.44",
            "revenue": 405318
        },
        "2003-06": {
            "month": "2003-06",
            "price": "5.00",
            "revenue": 391920
        },
        "2003-07": {
            "month": "2003-07",
            "price": "5.27",
            "revenue": 452090
        },
        "2003-08": {
            "month": "2003-08",
            "price": "5.34",
            "revenue": 443359
        },
        "2003-09": {
            "month": "2003-09",
            "price": "5.02",
            "revenue": 439276
        },
        "2003-10": {
            "month": "2003-10",
            "price": "5.28",
            "revenue": 434497
        },
        "2003-11": {
            "month": "2003-11",
            "price": "5.52",
            "revenue": 383121
        },
        "2003-12": {
            "month": "2003-12",
            "price": "5.36",
            "revenue": 429038
        },
        "2004-01": {
            "month": "2004-01",
            "price": "6.08",
            "revenue": 397829
        },
        "2004-02": {
            "month": "2004-02",
            "price": "10.06",
            "revenue": 349365
        },
        "2004-03": {
            "month": "2004-03",
            "price": "10.72",
            "revenue": 406773
        },
        "2004-04": {
            "month": "2004-04",
            "price": "9.81",
            "revenue": 418420
        },
        "2004-05": {
            "month": "2004-05",
            "price": "7.37",
            "revenue": 380065
        },
        "2004-06": {
            "month": "2004-06",
            "price": "7.23",
            "revenue": 386454
        },
        "2004-07": {
            "month": "2004-07",
            "price": "7.49",
            "revenue": 442784
        },
        "2004-08": {
            "month": "2004-08",
            "price": "6.88",
            "revenue": 497702
        },
        "2004-09": {
            "month": "2004-09",
            "price": "7.00",
            "revenue": 408510
        },
        "2004-10": {
            "month": "2004-10",
            "price": "7.02",
            "revenue": 388157
        },
        "2004-11": {
            "month": "2004-11",
            "price": "6.87",
            "revenue": 395435
        },
        "2004-12": {
            "month": "2004-12",
            "price": "7.25",
            "revenue": 395489
        },
        "2005-01": {
            "month": "2005-01",
            "price": "7.77",
            "revenue": 376669
        },
        "2005-02": {
            "month": "2005-02",
            "price": "7.37",
            "revenue": 267176
        },
        "2005-03": {
            "month": "2005-03",
            "price": "7.35",
            "revenue": 393088
        },
        "2005-04": {
            "month": "2005-04",
            "price": "6.46",
            "revenue": 380628
        },
        "2005-05": {
            "month": "2005-05",
            "price": "6.20",
            "revenue": 415335
        },
        "2005-06": {
            "month": "2005-06",
            "price": "6.98",
            "revenue": 410971
        },
        "2005-07": {
            "month": "2005-07",
            "price": "6.93",
            "revenue": 459873
        },
        "2005-08": {
            "month": "2005-08",
            "price": "6.50",
            "revenue": 452989
        },
        "2005-09": {
            "month": "2005-09",
            "price": "5.95",
            "revenue": 405178
        },
        "2005-10": {
            "month": "2005-10",
            "price": "5.44",
            "revenue": 370740
        },
        "2005-11": {
            "month": "2005-11",
            "price": "5.42",
            "revenue": 368137
        },
        "2005-12": {
            "month": "2005-12",
            "price": "5.73",
            "revenue": 395015
        },
        "2006-01": {
            "month": "2006-01",
            "price": "6.03",
            "revenue": 405964
        },
        "2006-02": {
            "month": "2006-02",
            "price": "5.82",
            "revenue": 318459
        },
        "2006-03": {
            "month": "2006-03",
            "price": "5.48",
            "revenue": 375758
        },
        "2006-04": {
            "month": "2006-04",
            "price": "5.86",
            "revenue": 344326
        },
        "2006-05": {
            "month": "2006-05",
            "price": "6.59",
            "revenue": 374589
        },
        "2006-06": {
            "month": "2006-06",
            "price": "5.98",
            "revenue": 358835
        },
        "2006-07": {
            "month": "2006-07",
            "price": "6.27",
            "revenue": 474391
        },
        "2006-08": {
            "month": "2006-08",
            "price": "6.31",
            "revenue": 432449
        },
        "2006-09": {
            "month": "2006-09",
            "price": "6.11",
            "revenue": 395717
        },
        "2006-10": {
            "month": "2006-10",
            "price": "6.60",
            "revenue": 370655
        },
        "2006-11": {
            "month": "2006-11",
            "price": "6.91",
            "revenue": 367628
        },
        "2006-12": {
            "month": "2006-12",
            "price": "7.46",
            "revenue": 411810
        },
        "2007-01": {
            "month": "2007-01",
            "price": "7.62",
            "revenue": 425677
        },
        "2007-02": {
            "month": "2007-02",
            "price": "7.40",
            "revenue": 316958
        },
        "2007-03": {
            "month": "2007-03",
            "price": "7.11",
            "revenue": 439631
        },
        "2007-04": {
            "month": "2007-04",
            "price": "8.00",
            "revenue": 387681
        },
        "2007-05": {
            "month": "2007-05",
            "price": "7.61",
            "revenue": 461035
        },
        "2007-06": {
            "month": "2007-06",
            "price": "7.93",
            "revenue": 526841
        },
        "2007-07": {
            "month": "2007-07",
            "price": "11.19",
            "revenue": 492277
        },
        "2007-08": {
            "month": "2007-08",
            "price": "10.34",
            "revenue": 536695
        },
        "2007-09": {
            "month": "2007-09",
            "price": "10.46",
            "revenue": 673935
        },
        "2007-10": {
            "month": "2007-10",
            "price": "10.67",
            "revenue": 515419
        },
        "2007-11": {
            "month": "2007-11",
            "price": "9.84",
            "revenue": 506131
        },
        "2007-12": {
            "month": "2007-12",
            "price": "8.82",
            "revenue": 619727
        },
        "2008-01": {
            "month": "2008-01",
            "price": "9.20",
            "revenue": 610439
        },
        "2008-02": {
            "month": "2008-02",
            "price": "9.74",
            "revenue": 459808
        },
        "2008-03": {
            "month": "2008-03",
            "price": "10.89",
            "revenue": 521882
        },
        "2008-04": {
            "month": "2008-04",
            "price": "11.82",
            "revenue": 598513
        },
        "2008-05": {
            "month": "2008-05",
            "price": "12.47",
            "revenue": 606916
        },
        "2008-06": {
            "month": "2008-06",
            "price": "10.46",
            "revenue": 580475
        },
        "2008-07": {
            "month": "2008-07",
            "price": "8.30",
            "revenue": 807101
        },
        "2008-08": {
            "month": "2008-08",
            "price": "7.75",
            "revenue": 600998
        },
        "2008-09": {
            "month": "2008-09",
            "price": "6.01",
            "revenue": 610355
        },
        "2008-10": {
            "month": "2008-10",
            "price": "5.05",
            "revenue": 626026
        },
        "2008-11": {
            "month": "2008-11",
            "price": "5.67",
            "revenue": 521478
        },
        "2008-12": {
            "month": "2008-12",
            "price": "7.37",
            "revenue": 547701
        },
        "2009-01": {
            "month": "2009-01",
            "price": "7.58",
            "revenue": 638254
        },
        "2009-02": {
            "month": "2009-02",
            "price": "6.59",
            "revenue": 517403
        },
        "2009-03": {
            "month": "2009-03",
            "price": "6.91",
            "revenue": 544590
        },
        "2009-04": {
            "month": "2009-04",
            "price": "8.58",
            "revenue": 561981
        },
        "2009-05": {
            "month": "2009-05",
            "price": "9.85",
            "revenue": 603343
        },
        "2009-06": {
            "month": "2009-06",
            "price": "12.27",
            "revenue": 646116
        },
        "2009-07": {
            "month": "2009-07",
            "price": "12.10",
            "revenue": 602337
        },
        "2009-08": {
            "month": "2009-08",
            "price": "11.87",
            "revenue": 713331
        },
        "2009-09": {
            "month": "2009-09",
            "price": "11.50",
            "revenue": 574666
        },
        "2009-10": {
            "month": "2009-10",
            "price": "12.18",
            "revenue": 585982
        },
        "2009-11": {
            "month": "2009-11",
            "price": "13.66",
            "revenue": 553873
        },
        "2009-12": {
            "month": "2009-12",
            "price": "13.16",
            "revenue": 576063
        },
        "2010-01": {
            "month": "2010-01",
            "price": "13.03",
            "revenue": 589471
        },
        "2010-02": {
            "month": "2010-02",
            "price": "11.19",
            "revenue": 465788
        },
        "2010-03": {
            "month": "2010-03",
            "price": "12.32",
            "revenue": 580946
        },
        "2010-04": {
            "month": "2010-04",
            "price": "12.77",
            "revenue": 587208
        },
        "2010-05": {
            "month": "2010-05",
            "price": "12.14",
            "revenue": 587068
        },
        "2010-06": {
            "month": "2010-06",
            "price": "15.32",
            "revenue": 558028
        },
        "2010-07": {
            "month": "2010-07",
            "price": "17.72",
            "revenue": 657980
        },
        "2010-08": {
            "month": "2010-08",
            "price": "18.56",
            "revenue": 689915
        },
        "2010-09": {
            "month": "2010-09",
            "price": "16.82",
            "revenue": 693581
        },
        "2010-10": {
            "month": "2010-10",
            "price": "18.09",
            "revenue": 612818
        },
        "2010-11": {
            "month": "2010-11",
            "price": "17.74",
            "revenue": 638696
        },
        "2010-12": {
            "month": "2010-12",
            "price": "17.91",
            "revenue": 610473
        },
        "2011-01": {
            "month": "2011-01",
            "price": "18.24",
            "revenue": 623159
        },
        "2011-02": {
            "month": "2011-02",
            "price": "17.29",
            "revenue": 506703
        },
        "2011-03": {
            "month": "2011-03",
            "price": "16.30",
            "revenue": 640575
        },
        "2011-04": {
            "month": "2011-04",
            "price": "18.06",
            "revenue": 584656
        },
        "2011-05": {
            "month": "2011-05",
            "price": "17.80",
            "revenue": 609534
        },
        "2011-06": {
            "month": "2011-06",
            "price": "16.55",
            "revenue": 583749
        },
        "2011-07": {
            "month": "2011-07",
            "price": "19.22",
            "revenue": 706176
        },
        "2011-08": {
            "month": "2011-08",
            "price": "19.24",
            "revenue": 784931
        },
        "2011-09": {
            "month": "2011-09",
            "price": "16.25",
            "revenue": 773901
        },
        "2011-10": {
            "month": "2011-10",
            "price": "15.33",
            "revenue": 613549
        },
        "2011-11": {
            "month": "2011-11",
            "price": "15.14",
            "revenue": 648485
        },
        "2011-12": {
            "month": "2011-12",
            "price": "13.91",
            "revenue": 695261
        },
        "2012-01": {
            "month": "2012-01",
            "price": "14.22",
            "revenue": 586036
        },
        "2012-02": {
            "month": "2012-02",
            "price": "15.92",
            "revenue": 514205
        },
        "2012-03": {
            "month": "2012-03",
            "price": "16.97",
            "revenue": 631005
        },
        "2012-04": {
            "month": "2012-04",
            "price": "15.38",
            "revenue": 664873
        },
        "2012-05": {
            "month": "2012-05",
            "price": "15.20",
            "revenue": 646109
        },
        "2012-06": {
            "month": "2012-06",
            "price": "14.70",
            "revenue": 649803
        },
        "2012-07": {
            "month": "2012-07",
            "price": "15.83",
            "revenue": 817861
        },
        "2012-08": {
            "month": "2012-08",
            "price": "16.04",
            "revenue": 872242
        },
        "2012-09": {
            "month": "2012-09",
            "price": "15.82",
            "revenue": 829335
        },
        "2012-10": {
            "month": "2012-10",
            "price": "16.55",
            "revenue": 727549
        },
        "2012-11": {
            "month": "2012-11",
            "price": "15.57",
            "revenue": 730124
        },
        "2012-12": {
            "month": "2012-12",
            "price": "15.96",
            "revenue": 658477
        },
        "2013-01": {
            "month": "2013-01",
            "price": "15.93",
            "revenue": 970549
        },
        "2013-02": {
            "month": "2013-02",
            "price": "15.66",
            "revenue": 685922
        },
        "2013-03": {
            "month": "2013-03",
            "price": "15.50",
            "revenue": 732191
        },
        "2013-04": {
            "month": "2013-04",
            "price": "14.58",
            "revenue": 858673
        },
        "2013-05": {
            "month": "2013-05",
            "price": "14.89",
            "revenue": 807457
        },
        "2013-06": {
            "month": "2013-06",
            "price": "14.50",
            "revenue": 766657
        },
        "2013-07": {
            "month": "2013-07",
            "price": "14.72",
            "revenue": 858924
        },
        "2013-08": {
            "month": "2013-08",
            "price": "14.50",
            "revenue": 817096
        },
        "2013-09": {
            "month": "2013-09",
            "price": "13.91",
            "revenue": 767613
        },
        "2013-10": {
            "month": "2013-10",
            "price": "14.15",
            "revenue": 731209
        },
        "2013-11": {
            "month": "2013-11",
            "price": "13.96",
            "revenue": 612937
        },
        "2013-12": {
            "month": "2013-12",
            "price": "13.56",
            "revenue": 622098
        },
        "2014-01": {
            "month": "2014-01",
            "price": "13.30",
            "revenue": 815345
        },
        "2014-02": {
            "month": "2014-02",
            "price": "12.98",
            "revenue": 583623
        },
        "2014-03": {
            "month": "2014-03",
            "price": "13.94",
            "revenue": 683513
        },
        "2014-04": {
            "month": "2014-04",
            "price": "13.69",
            "revenue": 736942
        },
        "2014-05": {
            "month": "2014-05",
            "price": "13.00",
            "revenue": 842476
        },
        "2014-06": {
            "month": "2014-06",
            "price": "13.23",
            "revenue": 795129
        },
        "2014-07": {
            "month": "2014-07",
            "price": "13.86",
            "revenue": 941679
        },
        "2014-08": {
            "month": "2014-08",
            "price": "13.24",
            "revenue": 885963
        },
        "2014-09": {
            "month": "2014-09",
            "price": "12.84",
            "revenue": 820713
        },
        "2014-10": {
            "month": "2014-10",
            "price": "11.74",
            "revenue": 716752
        },
        "2014-11": {
            "month": "2014-11",
            "price": "11.80",
            "revenue": 606428
        },
        "2014-12": {
            "month": "2014-12",
            "price": "12.15",
            "revenue": 667855
        },
        "2015-01": {
            "month": "2015-01",
            "price": "11.91",
            "revenue": 755977
        },
        "2015-02": {
            "month": "2015-02",
            "price": "11.89",
            "revenue": 591959
        },
        "2015-03": {
            "month": "2015-03",
            "price": "12.22",
            "revenue": 640163
        },
        "2015-04": {
            "month": "2015-04",
            "price": "12.98",
            "revenue": 576355
        },
        "2015-05": {
            "month": "2015-05",
            "price": "12.35",
            "revenue": 669688
        },
        "2015-06": {
            "month": "2015-06",
            "price": "11.90",
            "revenue": 707024
        },
        "2015-07": {
            "month": "2015-07",
            "price": "11.99",
            "revenue": 831275
        },
        "2015-08": {
            "month": "2015-08",
            "price": "11.19",
            "revenue": 791072
        },
        "2015-09": {
            "month": "2015-09",
            "price": "10.44",
            "revenue": 695403
        },
        "2015-10": {
            "month": "2015-10",
            "price": "10.35",
            "revenue": 668772
        },
        "2015-11": {
            "month": "2015-11",
            "price": "10.61",
            "revenue": 596740
        },
        "2015-12": {
            "month": "2015-12",
            "price": "11.57",
            "revenue": 546098
        },
        "2016-01": {
            "month": "2016-01",
            "price": "11.71",
            "revenue": 725188
        },
        "2016-02": {
            "month": "2016-02",
            "price": "12.11",
            "revenue": 505213
        },
        "2016-03": {
            "month": "2016-03",
            "price": "12.98",
            "revenue": 595418
        },
        "2016-04": {
            "month": "2016-04",
            "price": "12.39",
            "revenue": 628759
        },
        "2016-05": {
            "month": "2016-05",
            "price": "12.47",
            "revenue": 694823
        },
        "2016-06": {
            "month": "2016-06",
            "price": "13.19",
            "revenue": 704442
        },
        "2016-07": {
            "month": "2016-07",
            "price": "13.39",
            "revenue": 778087
        },
        "2016-08": {
            "month": "2016-08",
            "price": "13.94",
            "revenue": 841131
        },
        "2016-09": {
            "month": "2016-09",
            "price": "15.46",
            "revenue": 721550
        },
        "2016-10": {
            "month": "2016-10",
            "price": "17.04",
            "revenue": 666446
        },
        "2016-11": {
            "month": "2016-11",
            "price": "15.96",
            "revenue": 651496
        },
        "2016-12": {
            "month": "2016-12",
            "price": "15.30",
            "revenue": 651183
        },
        "2017-01": {
            "month": "2017-01",
            "price": "15.02",
            "revenue": 699446
        },
        "2017-02": {
            "month": "2017-02",
            "price": "15.50",
            "revenue": 526314
        },
        "2017-03": {
            "month": "2017-03",
            "price": "15.17",
            "revenue": 641625
        },
        "2017-04": {
            "month": "2017-04",
            "price": "14.96",
            "revenue": 584450
        },
        "2017-05": {
            "month": "2017-05",
            "price": "14.69",
            "revenue": 675297
        },
        "2017-06": {
            "month": "2017-06",
            "price": "16.76",
            "revenue": 639677
        },
        "2017-07": {
            "month": "2017-07",
            "price": "21.58",
            "revenue": 680900
        },
        "2017-08": {
            "month": "2017-08",
            "price": "19.15",
            "revenue": 770210
        },
        "2017-09": {
            "month": "2017-09",
            "price": "17.92",
            "revenue": 702927
        },
        "2017-10": {
            "month": "2017-10",
            "price": "18.22",
            "revenue": 646029
        },
        "2017-11": {
            "month": "2017-11",
            "price": "18.15",
            "revenue": 546892
        },
        "2017-12": {
            "month": "2017-12",
            "price": "16.93",
            "revenue": 589954
        },
        "2018-01": {
            "month": "2018-01",
            "price": "17.19",
            "revenue": 687725
        },
        "2018-02": {
            "month": "2018-02",
            "price": "16.52",
            "revenue": 524076
        },
        "2018-03": {
            "month": "2018-03",
            "price": "17.23",
            "revenue": 656123
        },
        "2018-04": {
            "month": "2018-04",
            "price": "17.17",
            "revenue": 656563
        },
        "2018-05": {
            "month": "2018-05",
            "price": "18.13",
            "revenue": 714359
        },
        "2018-06": {
            "month": "2018-06",
            "price": "19.73",
            "revenue": 658400
        },
        "2018-07": {
            "month": "2018-07",
            "price": "17.87",
            "revenue": 741507
        },
        "2018-08": {
            "month": "2018-08",
            "price": "17.70",
            "revenue": 795209
        },
        "2018-09": {
            "month": "2018-09",
            "price": "18.66",
            "revenue": 736565
        },
        "2018-10": {
            "month": "2018-10",
            "price": "16.39",
            "revenue": 637382
        },
        "2018-11": {
            "month": "2018-11",
            "price": "16.08",
            "revenue": 635927
        },
        "2018-12": {
            "month": "2018-12",
            "price": "17.43",
            "revenue": 546161
        },
        "2019-01": {
            "month": "2019-01",
            "price": "17.85",
            "revenue": 706484
        },
        "2019-02": {
            "month": "2019-02",
            "price": "18.01",
            "revenue": 467918
        },
        "2019-03": {
            "month": "2019-03",
            "price": "18.32",
            "revenue": 599053
        },
        "2019-04": {
            "month": "2019-04",
            "price": "18.66",
            "revenue": 592778
        },
        "2019-05": {
            "month": "2019-05",
            "price": "20.07",
            "revenue": 645123
        },
        "2019-06": {
            "month": "2019-06",
            "price": "20.99",
            "revenue": 708068
        },
        "2019-07": {
            "month": "2019-07",
            "price": "19.99",
            "revenue": 861667
        },
        "2019-08": {
            "month": "2019-08",
            "price": "19.62",
            "revenue": 833163
        },
        "2019-09": {
            "month": "2019-09",
            "price": "19.87",
            "revenue": 782187
        },
        "2019-10": {
            "month": "2019-10",
            "price": "20.76",
            "revenue": 690997
        },
        "2019-11": {
            "month": "2019-11",
            "price": "22.15",
            "revenue": 582987
        },
        "2019-12": {
            "month": "2019-12",
            "price": "22.31",
            "revenue": 653138
        },
        "2020-01": {
            "month": "2020-01",
            "price": "21.51",
            "revenue": 736974
        },
        "2020-02": {
            "month": "2020-02",
            "price": "21.37",
            "revenue": 505641
        },
        "2020-03": {
            "month": "2020-03",
            "price": "22.13",
            "revenue": 661552
        },
        "2020-04": {
            "month": "2020-04",
            "price": "23.25",
            "revenue": 630513
        },
        "2020-05": {
            "month": "2020-05",
            "price": "24.18",
            "revenue": 655813
        },
        "2020-06": {
            "month": "2020-06",
            "price": "23.91",
            "revenue": 734201
        },
        "2020-07": {
            "month": "2020-07",
            "price": "23.21",
            "revenue": 831903
        },
        "2020-08": {
            "month": "2020-08",
            "price": "22.80",
            "revenue": 853882
        },
        "2020-09": {
            "month": "2020-09",
            "price": "22.14",
            "revenue": 819145
        },
        "2020-10": {
            "month": "2020-10",
            "price": "22.00",
            "revenue": 676243
        },
        "2020-11": {
            "month": "2020-11",
            "price": "22.85",
            "revenue": 670202
        },
        "2020-12": {
            "month": "2020-12",
            "price": "25.35",
            "revenue": 694505
        },
        "2021-01": {
            "month": "2021-01",
            "price": "27.51",
            "revenue": 845756
        },
        "2021-02": {
            "month": "2021-02",
            "price": "27.80",
            "revenue": 629161
        },
        "2021-03": {
            "month": "2021-03",
            "price": "29.11",
            "revenue": 799575
        },
        "2021-04": {
            "month": "2021-04",
            "price": "31.18",
            "revenue": 810520
        },
        "2021-05": {
            "month": "2021-05",
            "price": "29.96",
            "revenue": 830360
        },
        "2021-06": {
            "month": "2021-06",
            "price": "29.19",
            "revenue": 794155
        },
        "2021-07": {
            "month": "2021-07",
            "price": "29.18",
            "revenue": 895483
        },
        "2021-08": {
            "month": "2021-08",
            "price": "28.35",
            "revenue": 960802
        },
        "2021-09": {
            "month": "2021-09",
            "price": "28.42",
            "revenue": 888282
        },
        "2021-10": {
            "month": "2021-10",
            "price": "27.52",
            "revenue": 829908
        },
        "2021-11": {
            "month": "2021-11",
            "price": "27.20",
            "revenue": 893101
        },
        "2021-12": {
            "month": "2021-12",
            "price": "27.11",
            "revenue": 816534
        },
        "2022-01": {
            "month": "2022-01",
            "price": "27.06",
            "revenue": 978592
        },
        "2022-02": {
            "month": "2022-02",
            "price": "27.70",
            "revenue": 744482
        },
        "2022-03": {
            "month": "2022-03",
            "price": "27.65",
            "revenue": 927607
        },
        "2022-04": {
            "month": "2022-04",
            "price": "29.94",
            "revenue": 912408
        },
        "2022-05": {
            "month": "2022-05",
            "price": "30.81",
            "revenue": 902029
        },
        "2022-06": {
            "month": "2022-06",
            "price": "30.62",
            "revenue": 877120
        },
        "2022-07": {
            "month": "2022-07",
            "price": "34.58",
            "revenue": 1023417
        },
        "2022-08": {
            "month": "2022-08",
            "price": "32.93",
            "revenue": 1054476
        },
        "2022-09": {
            "month": "2022-09",
            "price": "34.80",
            "revenue": 1063747
        },
        "2022-10": {
            "month": "2022-10",
            "price": "37.14",
            "revenue": 845561
        },
        "2022-11": {
            "month": "2022-11",
            "price": "40.38",
            "revenue": 927603
        },
        "2022-12": {
            "month": "2022-12",
            "price": "36.71",
            "revenue": 873258
        },
        "2023-01": {
            "month": "2023-01",
            "price": "32.10",
            "revenue": 973667
        },
        "2023-02": {
            "month": "2023-02",
            "price": "30.41",
            "revenue": 834856
        },
        "2023-03": {
            "month": "2023-03",
            "price": "29.34",
            "revenue": 839075
        },
        "2023-04": {
            "month": "2023-04",
            "price": "29.94",
            "revenue": 820342
        },
        "2023-05": {
            "month": "2023-05",
            "price": "31.12",
            "revenue": 871543
        },
        "2023-06": {
            "month": "2023-06",
            "price": "29.62",
            "revenue": 948940
        },
        "2023-07": {
            "month": "2023-07",
            "price": "25.92",
            "revenue": 1069944
        },
        "2023-08": {
            "month": "2023-08",
            "price": "25.06",
            "revenue": 1157243
        },
        "2023-09": {
            "month": "2023-09",
            "price": "23.45",
            "revenue": 1070356
        },
        "2023-10": {
            "month": "2023-10",
            "price": "21.08",
            "revenue": 893674
        },
        "2023-11": {
            "month": "2023-11",
            "price": "21.03",
            "revenue": 978504
        },
        "2023-12": {
            "month": "2023-12",
            "price": "21.98",
            "revenue": 753291
        }
    }
}
