{
    "summary": {
        "stock_name": "福壽",
        "stock_id": "1219",
        "category": "食品",
        "main_business": "食用油脂、動物飼料、穀物食品、寵物食品、有機肥料等生產及銷售<br>進出口國際貿易<br>大宗穀物進口與銷售",
        "website_url": "http://www.fwusow.com.tw",
        "ceo": "趙文強",
        "pe_ratio": 26,
        "report_year_from": 2001,
        "report_year_to": 2023,
        "age": 23,
        "eps_negative_percentage": 17,
        "eps_growth_avg": {
            "last_all": 0.3,
            "last_2y": -25.46,
            "last_4y": 5.91,
            "last_8y": -6.74,
            "last_12y": 4.19,
            "last_16y": 0.64,
            "last_20y": -3.46,
            "at_2006_last_3y": -22.61,
            "at_2007_last_3y": 18.33,
            "at_2008_last_3y": 18.33,
            "at_2009_last_3y": 18.33,
            "at_2010_last_3y": -12.36,
            "at_2011_last_3y": -4.03,
            "at_2012_last_3y": -4.03,
            "at_2013_last_3y": -4.03,
            "at_2014_last_3y": 33.33,
            "at_2015_last_3y": -10.08,
            "at_2016_last_3y": 45.48,
            "at_2017_last_3y": 30.61,
            "at_2018_last_3y": -19.39,
            "at_2019_last_3y": -15.78,
            "at_2020_last_3y": -4.67,
            "at_2021_last_3y": -15.79,
            "at_2022_last_3y": 17.54,
            "at_2023_last_3y": 5.91,
            "at_2024_last_3y": 5.91,
            "at_2006_last_all": -0.89,
            "at_2007_last_all": 14.29,
            "at_2008_last_all": -4.76,
            "at_2009_last_all": -4.76,
            "at_2010_last_all": -5.8,
            "at_2011_last_all": 7.42,
            "at_2012_last_all": -4.51,
            "at_2013_last_all": -4.51,
            "at_2014_last_all": 5.94,
            "at_2015_last_all": 2.65,
            "at_2016_last_all": 7.98,
            "at_2017_last_all": 6.29,
            "at_2018_last_all": -1.3,
            "at_2019_last_all": -1.3,
            "at_2020_last_all": 5.45,
            "at_2021_last_all": 2.15,
            "at_2022_last_all": 2.03,
            "at_2023_last_all": 0.3,
            "at_2024_last_all": 0.3
        },
        "latest_eps": 0.75,
        "latest_price": 19.3,
        "latest_roe": 6.01,
        "latest_gross_margin": 10.01,
        "latest_equity": 4528676,
        "latest_revenue": 4070038,
        "latest_gross_profit": 407406,
        "latest_net_income": 100738,
        "latest_debt_ratio": 53.97,
        "latest_current_ratio": 165.55,
        "latest_account_receivable_turnover_ratio": 2.4,
        "latest_inventory_turnover_ratio": 1.48,
        "latest_reinvestment_rate": -17.42,
        "latest_research_to_sale_ratio": 0.25
    },
    "eps_dividends": {
        "1991": {
            "cash": 0,
            "stock": 1.2,
            "eps": 0
        },
        "1992": {
            "cash": 0,
            "stock": 1,
            "eps": 0
        },
        "1993": {
            "cash": 0.2,
            "stock": 0,
            "eps": 0
        },
        "1994": {
            "cash": 0,
            "stock": 0.5,
            "eps": 0
        },
        "1995": {
            "cash": 0.5,
            "stock": 0.5,
            "eps": 0
        },
        "1996": {
            "cash": 0,
            "stock": 0.5,
            "eps": 0
        },
        "1997": {
            "cash": 0,
            "stock": 0.5,
            "eps": 0
        },
        "1998": {
            "cash": 0,
            "stock": 0.2,
            "eps": 0
        },
        "2001": {
            "cash": 0,
            "stock": 0,
            "eps": 0.14
        },
        "2002": {
            "cash": 0.1,
            "stock": 0.1,
            "eps": 0.23
        },
        "2003": {
            "cash": 0.12,
            "stock": 0,
            "eps": 0.12
        },
        "2004": {
            "cash": 0.12,
            "stock": 0,
            "eps": -0.12
        },
        "2005": {
            "cash": 0,
            "stock": 0,
            "eps": 0.2
        },
        "2006": {
            "cash": 0.15,
            "stock": 0,
            "eps": 0.36
        },
        "2007": {
            "cash": 0.22,
            "stock": 0,
            "eps": 0.63
        },
        "2008": {
            "cash": 0.3,
            "stock": 0.3,
            "eps": -0.13
        },
        "2009": {
            "cash": 0,
            "stock": 0,
            "eps": 0.91
        },
        "2010": {
            "cash": 0.32,
            "stock": 0.35,
            "eps": 0.8
        },
        "2011": {
            "cash": 0.95,
            "stock": 0.8,
            "eps": 1.88
        },
        "2012": {
            "cash": 0,
            "stock": 0,
            "eps": -0.19
        },
        "2013": {
            "cash": 0.1,
            "stock": 0.2,
            "eps": 0.08
        },
        "2014": {
            "cash": 0.15,
            "stock": 0,
            "eps": 0.43
        },
        "2015": {
            "cash": 0.18,
            "stock": 0.18,
            "eps": 0.3
        },
        "2016": {
            "cash": 0.25,
            "stock": 0,
            "eps": 0.5
        },
        "2017": {
            "cash": 0.3,
            "stock": 0.1,
            "eps": 0.43
        },
        "2018": {
            "cash": 0.3,
            "stock": 0,
            "eps": -0.03
        },
        "2019": {
            "cash": 0.1,
            "stock": 0,
            "eps": 0.64
        },
        "2020": {
            "cash": 0.4,
            "stock": 0,
            "eps": 1.9
        },
        "2021": {
            "cash": 1,
            "stock": 0,
            "eps": 1
        },
        "2022": {
            "cash": 1.1,
            "stock": 0,
            "eps": 1
        },
        "2023": {
            "cash": 0.5,
            "stock": 0.3,
            "eps": 0.71
        }
    },
    "dividends": {
        "1991-04-29": {
            "cash": 0,
            "stock": 1.2
        },
        "1992-04-11": {
            "cash": 0,
            "stock": 1
        },
        "1993-04-17": {
            "cash": 0.2,
            "stock": 0
        },
        "1994-04-16": {
            "cash": 0,
            "stock": 0.5
        },
        "1995-04-15": {
            "cash": 0.5,
            "stock": 0.5
        },
        "1996-04-13": {
            "cash": 0,
            "stock": 0.5
        },
        "1997-04-19": {
            "cash": 0,
            "stock": 0.5
        },
        "1998-05-02": {
            "cash": 0,
            "stock": 0.2
        },
        "2002-06-07": {
            "cash": 0.1,
            "stock": 0.1
        },
        "2003-03-14": {
            "cash": 0.12,
            "stock": 0
        },
        "2004-03-17": {
            "cash": 0.12,
            "stock": 0
        },
        "2006-03-14": {
            "cash": 0.15,
            "stock": 0
        },
        "2007-03-07": {
            "cash": 0.22,
            "stock": 0
        },
        "2008-04-16": {
            "cash": 0.3,
            "stock": 0.3
        },
        "2010-04-28": {
            "cash": 0.32,
            "stock": 0.35
        },
        "2011-01-01": {
            "cash": 0.5,
            "stock": 0.5
        },
        "2011-04-29": {
            "cash": 0.45,
            "stock": 0.3
        },
        "2013-04-19": {
            "cash": 0.1,
            "stock": 0.2
        },
        "2014-08-13": {
            "cash": 0.15,
            "stock": 0
        },
        "2015-08-13": {
            "cash": 0.18,
            "stock": 0.18
        },
        "2016-08-03": {
            "cash": 0.25,
            "stock": 0
        },
        "2017-08-22": {
            "cash": 0.3,
            "stock": 0.1
        },
        "2018-08-09": {
            "cash": 0.3,
            "stock": 0
        },
        "2019-08-07": {
            "cash": 0.1,
            "stock": 0
        },
        "2020-07-29": {
            "cash": 0.4,
            "stock": 0
        },
        "2021-08-30": {
            "cash": 1,
            "stock": 0
        },
        "2022-07-21": {
            "cash": 1.1,
            "stock": 0
        },
        "2023-07-11": {
            "cash": 0.5,
            "stock": 0.3
        }
    },
    "prices": {
        "200101": "4.96",
        "200102": "5.16",
        "200103": "4.92",
        "200104": "4.78",
        "200105": "4.59",
        "200106": "4.60",
        "200107": "4.37",
        "200108": "4.48",
        "200109": "4.43",
        "200110": "4.40",
        "200111": "4.51",
        "200112": "4.63",
        "200201": "4.53",
        "200202": "4.87",
        "200203": "5.15",
        "200204": "5.59",
        "200205": "5.32",
        "200206": "5.40",
        "200207": "5.12",
        "200208": "4.83",
        "200209": "4.40",
        "200210": "4.28",
        "200211": "4.56",
        "200212": "4.86",
        "200301": "5.72",
        "200302": "5.30",
        "200303": "4.95",
        "200304": "4.92",
        "200305": "4.70",
        "200306": "5.18",
        "200307": "5.26",
        "200308": "5.10",
        "200309": "4.92",
        "200310": "5.17",
        "200311": "5.45",
        "200312": "5.29",
        "200401": "5.71",
        "200402": "7.89",
        "200403": "8.47",
        "200404": "8.33",
        "200405": "6.86",
        "200406": "6.53",
        "200407": "6.17",
        "200408": "5.97",
        "200409": "6.11",
        "200410": "5.99",
        "200411": "5.75",
        "200412": "5.72",
        "200501": "6.08",
        "200502": "5.82",
        "200503": "5.86",
        "200504": "5.28",
        "200505": "5.11",
        "200506": "5.46",
        "200507": "5.36",
        "200508": "5.12",
        "200509": "5.10",
        "200510": "4.84",
        "200511": "4.66",
        "200512": "4.74",
        "200601": "4.93",
        "200602": "4.89",
        "200603": "4.77",
        "200604": "4.97",
        "200605": "5.69",
        "200606": "4.98",
        "200607": "4.83",
        "200608": "5.02",
        "200609": "5.03",
        "200610": "5.70",
        "200611": "6.42",
        "200612": "8.20",
        "200701": "8.50",
        "200702": "8.84",
        "200703": "8.43",
        "200704": "9.07",
        "200705": "8.85",
        "200706": "9.22",
        "200707": "13.27",
        "200708": "11.83",
        "200709": "12.18",
        "200710": "12.44",
        "200711": "10.69",
        "200712": "9.73",
        "200801": "9.95",
        "200802": "11.40",
        "200803": "13.25",
        "200804": "15.38",
        "200805": "18.00",
        "200806": "16.43",
        "200807": "13.76",
        "200808": "10.50",
        "200809": "7.91",
        "200810": "7.13",
        "200811": "6.80",
        "200812": "7.63",
        "200901": "7.39",
        "200902": "7.11",
        "200903": "7.46",
        "200904": "9.08",
        "200905": "9.64",
        "200906": "11.30",
        "200907": "11.37",
        "200908": "11.02",
        "200909": "11.58",
        "200910": "12.03",
        "200911": "12.39",
        "200912": "12.75",
        "201001": "13.16",
        "201002": "11.25",
        "201003": "12.12",
        "201004": "12.49",
        "201005": "11.53",
        "201006": "12.16",
        "201007": "12.90",
        "201008": "14.16",
        "201009": "13.22",
        "201010": "14.31",
        "201011": "14.27",
        "201012": "14.38",
        "201101": "14.78",
        "201102": "14.73",
        "201103": "14.55",
        "201104": "15.40",
        "201105": "15.99",
        "201106": "15.72",
        "201107": "16.00",
        "201108": "15.97",
        "201109": "16.79",
        "201110": "16.62",
        "201111": "16.77",
        "201112": "15.98",
        "201201": "15.81",
        "201202": "16.21",
        "201203": "16.64",
        "201204": "15.66",
        "201205": "15.02",
        "201206": "15.08",
        "201207": "15.83",
        "201208": "15.36",
        "201209": "15.44",
        "201210": "14.98",
        "201211": "15.30",
        "201212": "15.32",
        "201301": "15.26",
        "201302": "15.18",
        "201303": "15.29",
        "201304": "14.98",
        "201305": "15.07",
        "201306": "14.98",
        "201307": "15.00",
        "201308": "14.94",
        "201309": "14.94",
        "201310": "15.55",
        "201311": "15.35",
        "201312": "14.81",
        "201401": "14.71",
        "201402": "14.47",
        "201403": "14.94",
        "201404": "15.60",
        "201405": "15.27",
        "201406": "15.30",
        "201407": "16.95",
        "201408": "16.70",
        "201409": "16.77",
        "201410": "15.38",
        "201411": "15.28",
        "201412": "15.05",
        "201501": "15.04",
        "201502": "15.00",
        "201503": "14.99",
        "201504": "15.21",
        "201505": "15.40",
        "201506": "14.67",
        "201507": "14.94",
        "201508": "14.80",
        "201509": "14.70",
        "201510": "14.82",
        "201511": "14.75",
        "201512": "14.65",
        "201601": "14.66",
        "201602": "14.52",
        "201603": "15.27",
        "201604": "15.19",
        "201605": "15.15",
        "201606": "15.24",
        "201607": "15.41",
        "201608": "15.32",
        "201609": "15.31",
        "201610": "15.28",
        "201611": "15.65",
        "201612": "15.54",
        "201701": "15.79",
        "201702": "16.01",
        "201703": "16.46",
        "201704": "16.44",
        "201705": "16.39",
        "201706": "16.81",
        "201707": "17.86",
        "201708": "17.75",
        "201709": "17.77",
        "201710": "17.88",
        "201711": "17.80",
        "201712": "17.84",
        "201801": "17.72",
        "201802": "17.71",
        "201803": "18.35",
        "201804": "18.59",
        "201805": "18.62",
        "201806": "18.66",
        "201807": "18.37",
        "201808": "18.33",
        "201809": "18.52",
        "201810": "18.34",
        "201811": "18.27",
        "201812": "18.24",
        "201901": "18.14",
        "201902": "18.49",
        "201903": "18.40",
        "201904": "18.33",
        "201905": "18.12",
        "201906": "18.05",
        "201907": "18.06",
        "201908": "18.01",
        "201909": "18.08",
        "201910": "18.00",
        "201911": "17.97",
        "201912": "18.21",
        "202001": "18.58",
        "202002": "18.07",
        "202003": "17.88",
        "202004": "18.36",
        "202005": "18.91",
        "202006": "20.84",
        "202007": "20.66",
        "202008": "19.58",
        "202009": "19.22",
        "202010": "18.97",
        "202011": "19.07",
        "202012": "20.32",
        "202101": "19.88",
        "202102": "19.35",
        "202103": "20.53",
        "202104": "23.26",
        "202105": "24.05",
        "202106": "23.95",
        "202107": "22.96",
        "202108": "20.90",
        "202109": "20.14",
        "202110": "21.24",
        "202111": "20.86",
        "202112": "20.02",
        "202201": "19.81",
        "202202": "20.25",
        "202203": "20.22",
        "202204": "23.97",
        "202205": "23.22",
        "202206": "21.49",
        "202207": "19.89",
        "202208": "20.98",
        "202209": "20.39",
        "202210": "19.15",
        "202211": "19.19",
        "202212": "19.02",
        "202301": "19.06",
        "202302": "20.08",
        "202303": "21.44",
        "202304": "21.41",
        "202305": "21.12",
        "202306": "21.10",
        "202307": "20.58",
        "202308": "20.09",
        "202309": "20.08",
        "202310": "19.29",
        "202311": "19.19",
        "202312": "19.40"
    },
    "quarters": {
        "20011": {
            "year_quarter": 20011,
            "year": 2001,
            "quarter": 1,
            "eps": -0.02,
            "eps_growth_year": -116.67,
            "eps_4q": -0.02,
            "eps_4q_growth_year": -115.24,
            "roe": -0.22,
            "roe_4q": -0.22,
            "gross_profit": 115767,
            "gross_margin": 11.59,
            "gross_margin_4q_avg": 11.59,
            "net_income": -6069,
            "net_income_4q": null,
            "revenue": 998734,
            "revenue_4q": null,
            "common_shares": 2463300,
            "book_valuer_per_share": 11.08,
            "book_valuer_per_share_4q_avg": 11.08,
            "equity": 2730045,
            "current_ratio": 360.71,
            "debt_ratio": 30.08,
            "inventory_turnover_ratio": 1.82,
            "account_receivable_turnover_ratio": null,
            "reinvestment_rate": null,
            "research_to_sale_ratio": null,
            "price_fair": 0,
            "eps_avg_yearly": 0,
            "eps_latest_yearly": 0,
            "eps_growth_yearly": 0
        },
        "20012": {
            "year_quarter": 20012,
            "year": 2001,
            "quarter": 2,
            "eps": 0.06,
            "eps_growth_year": 500,
            "eps_4q": 0.03,
            "eps_4q_growth_year": -81.08,
            "roe": 0.58,
            "roe_4q": 0.36,
            "gross_profit": 112598,
            "gross_margin": 11.39,
            "gross_margin_4q_avg": 11.49,
            "net_income": 15879,
            "net_income_4q": null,
            "revenue": 988313,
            "revenue_4q": null,
            "common_shares": 2463300,
            "book_valuer_per_share": 11.15,
            "book_valuer_per_share_4q_avg": 11.12,
            "equity": 2747438,
            "current_ratio": 299.33,
            "debt_ratio": 33.2,
            "inventory_turnover_ratio": 1.82,
            "account_receivable_turnover_ratio": null,
            "reinvestment_rate": null,
            "research_to_sale_ratio": null,
            "price_fair": 0,
            "eps_avg_yearly": 0,
            "eps_latest_yearly": 0,
            "eps_growth_yearly": 0
        },
        "20013": {
            "year_quarter": 20013,
            "year": 2001,
            "quarter": 3,
            "eps": 0,
            "eps_growth_year": null,
            "eps_4q": 0.1,
            "eps_4q_growth_year": -30.45,
            "roe": 0.02,
            "roe_4q": 0.38,
            "gross_profit": 125131,
            "gross_margin": 12.5,
            "gross_margin_4q_avg": 11.83,
            "net_income": 673,
            "net_income_4q": null,
            "revenue": 1001386,
            "revenue_4q": null,
            "common_shares": 2463300,
            "book_valuer_per_share": 11.16,
            "book_valuer_per_share_4q_avg": 11.13,
            "equity": 2750215,
            "current_ratio": 266.99,
            "debt_ratio": 30.85,
            "inventory_turnover_ratio": 1.66,
            "account_receivable_turnover_ratio": null,
            "reinvestment_rate": null,
            "research_to_sale_ratio": null,
            "price_fair": 0,
            "eps_avg_yearly": 0,
            "eps_latest_yearly": 0,
            "eps_growth_yearly": 0
        },
        "20014": {
            "year_quarter": 20014,
            "year": 2001,
            "quarter": 4,
            "eps": 0.1,
            "eps_growth_year": 66.67,
            "eps_4q": 0.14,
            "eps_4q_growth_year": 14.55,
            "roe": 0.86,
            "roe_4q": 1.24,
            "gross_profit": 91692,
            "gross_margin": 9.36,
            "gross_margin_4q_avg": 11.21,
            "net_income": 23796,
            "net_income_4q": null,
            "revenue": 979597,
            "revenue_4q": null,
            "common_shares": 2463300,
            "book_valuer_per_share": 11.27,
            "book_valuer_per_share_4q_avg": 11.17,
            "equity": 2775554,
            "current_ratio": 223.2,
            "debt_ratio": 33.62,
            "inventory_turnover_ratio": 1.7,
            "account_receivable_turnover_ratio": null,
            "reinvestment_rate": null,
            "research_to_sale_ratio": null,
            "price_fair": 0,
            "eps_avg_yearly": 0,
            "eps_latest_yearly": 0,
            "eps_growth_yearly": 0
        },
        "20021": {
            "year_quarter": 20021,
            "year": 2002,
            "quarter": 1,
            "eps": 0.03,
            "eps_growth_year": null,
            "eps_4q": 0.18,
            "eps_4q_growth_year": null,
            "roe": 0.3,
            "roe_4q": 1.7599999999999998,
            "gross_profit": 92661,
            "gross_margin": 9.55,
            "gross_margin_4q_avg": 10.7,
            "net_income": 8182,
            "net_income_4q": null,
            "revenue": 970048,
            "revenue_4q": null,
            "common_shares": 2463300,
            "book_valuer_per_share": 11.15,
            "book_valuer_per_share_4q_avg": 11.18,
            "equity": 2747369,
            "current_ratio": 234.87,
            "debt_ratio": 31.86,
            "inventory_turnover_ratio": 1.67,
            "account_receivable_turnover_ratio": null,
            "reinvestment_rate": null,
            "research_to_sale_ratio": null,
            "price_fair": 0.36,
            "eps_avg_yearly": 0.12,
            "eps_latest_yearly": 0.12,
            "eps_growth_yearly": -280
        },
        "20022": {
            "year_quarter": 20022,
            "year": 2002,
            "quarter": 2,
            "eps": -0.02,
            "eps_growth_year": -133.33,
            "eps_4q": 0.11,
            "eps_4q_growth_year": 261.13,
            "roe": -0.2,
            "roe_4q": 0.98,
            "gross_profit": 97982,
            "gross_margin": 9.82,
            "gross_margin_4q_avg": 10.31,
            "net_income": -5481,
            "net_income_4q": null,
            "revenue": 997684,
            "revenue_4q": null,
            "common_shares": 2450260,
            "book_valuer_per_share": 11.08,
            "book_valuer_per_share_4q_avg": 11.17,
            "equity": 2715552,
            "current_ratio": 290.98,
            "debt_ratio": 36.26,
            "inventory_turnover_ratio": 1.8,
            "account_receivable_turnover_ratio": null,
            "reinvestment_rate": null,
            "research_to_sale_ratio": null,
            "price_fair": 0.36,
            "eps_avg_yearly": 0.12,
            "eps_latest_yearly": 0.12,
            "eps_growth_yearly": -280
        },
        "20023": {
            "year_quarter": 20023,
            "year": 2002,
            "quarter": 3,
            "eps": 0.02,
            "eps_growth_year": null,
            "eps_4q": 0.13,
            "eps_4q_growth_year": 31.88,
            "roe": 0.18,
            "roe_4q": 1.14,
            "gross_profit": 108843,
            "gross_margin": 10.17,
            "gross_margin_4q_avg": 9.73,
            "net_income": 4867,
            "net_income_4q": null,
            "revenue": 1070630,
            "revenue_4q": null,
            "common_shares": 2450260,
            "book_valuer_per_share": 11.11,
            "book_valuer_per_share_4q_avg": 11.15,
            "equity": 2722107,
            "current_ratio": 254.02,
            "debt_ratio": 37.66,
            "inventory_turnover_ratio": 1.73,
            "account_receivable_turnover_ratio": null,
            "reinvestment_rate": null,
            "research_to_sale_ratio": null,
            "price_fair": 0.36,
            "eps_avg_yearly": 0.12,
            "eps_latest_yearly": 0.12,
            "eps_growth_yearly": -280
        },
        "20024": {
            "year_quarter": 20024,
            "year": 2002,
            "quarter": 4,
            "eps": 0.2,
            "eps_growth_year": 100,
            "eps_4q": 0.23,
            "eps_4q_growth_year": 61.36,
            "roe": 1.7,
            "roe_4q": 1.98,
            "gross_profit": 142763,
            "gross_margin": 12.66,
            "gross_margin_4q_avg": 10.55,
            "net_income": 46654,
            "net_income_4q": null,
            "revenue": 1127732,
            "revenue_4q": null,
            "common_shares": 2450260,
            "book_valuer_per_share": 11.31,
            "book_valuer_per_share_4q_avg": 11.16,
            "equity": 2770793,
            "current_ratio": 308.08,
            "debt_ratio": 34.72,
            "inventory_turnover_ratio": 1.67,
            "account_receivable_turnover_ratio": null,
            "reinvestment_rate": -357.15,
            "research_to_sale_ratio": null,
            "price_fair": 16.1,
            "eps_avg_yearly": 0.46,
            "eps_latest_yearly": 0.8,
            "eps_growth_yearly": 1660
        },
        "20031": {
            "year_quarter": 20031,
            "year": 2003,
            "quarter": 1,
            "eps": 0,
            "eps_growth_year": -100,
            "eps_4q": 0.17,
            "eps_4q_growth_year": -2.84,
            "roe": 0.03,
            "roe_4q": 1.71,
            "gross_profit": 123693,
            "gross_margin": 9.84,
            "gross_margin_4q_avg": 10.62,
            "net_income": 1024,
            "net_income_4q": null,
            "revenue": 1257018,
            "revenue_4q": null,
            "common_shares": 2722294,
            "book_valuer_per_share": 11.7,
            "book_valuer_per_share_4q_avg": 11.3,
            "equity": 3184431,
            "current_ratio": 293.47,
            "debt_ratio": 36.25,
            "inventory_turnover_ratio": 1.73,
            "account_receivable_turnover_ratio": null,
            "reinvestment_rate": 74.05,
            "research_to_sale_ratio": null,
            "price_fair": 16.1,
            "eps_avg_yearly": 0.46,
            "eps_latest_yearly": 0.8,
            "eps_growth_yearly": 1660
        },
        "20032": {
            "year_quarter": 20032,
            "year": 2003,
            "quarter": 2,
            "eps": 0.01,
            "eps_growth_year": null,
            "eps_4q": 0.2,
            "eps_4q_growth_year": 79.54,
            "roe": 0.05,
            "roe_4q": 1.96,
            "gross_profit": 120401,
            "gross_margin": 9.92,
            "gross_margin_4q_avg": 10.65,
            "net_income": 1651,
            "net_income_4q": null,
            "revenue": 1214101,
            "revenue_4q": null,
            "common_shares": 2722294,
            "book_valuer_per_share": 11.57,
            "book_valuer_per_share_4q_avg": 11.42,
            "equity": 3150576,
            "current_ratio": 311.42,
            "debt_ratio": 35.78,
            "inventory_turnover_ratio": 1.56,
            "account_receivable_turnover_ratio": null,
            "reinvestment_rate": 96.35,
            "research_to_sale_ratio": null,
            "price_fair": 16.1,
            "eps_avg_yearly": 0.46,
            "eps_latest_yearly": 0.8,
            "eps_growth_yearly": 1660
        },
        "20033": {
            "year_quarter": 20033,
            "year": 2003,
            "quarter": 3,
            "eps": 0.01,
            "eps_growth_year": -50,
            "eps_4q": 0.19,
            "eps_4q_growth_year": 49.34,
            "roe": 0.1,
            "roe_4q": 1.88,
            "gross_profit": 112683,
            "gross_margin": 8.88,
            "gross_margin_4q_avg": 10.33,
            "net_income": 3067,
            "net_income_4q": null,
            "revenue": 1269519,
            "revenue_4q": null,
            "common_shares": 2722294,
            "book_valuer_per_share": 11.58,
            "book_valuer_per_share_4q_avg": 11.54,
            "equity": 3153013,
            "current_ratio": 284.18,
            "debt_ratio": 36.17,
            "inventory_turnover_ratio": 1.69,
            "account_receivable_turnover_ratio": null,
            "reinvestment_rate": 93.13,
            "research_to_sale_ratio": null,
            "price_fair": 11.2,
            "eps_avg_yearly": 0.32,
            "eps_latest_yearly": 0.04,
            "eps_growth_yearly": 1106.67
        },
        "20034": {
            "year_quarter": 20034,
            "year": 2003,
            "quarter": 4,
            "eps": 0.1,
            "eps_growth_year": -50,
            "eps_4q": 0.12,
            "eps_4q_growth_year": -47.29,
            "roe": 0.81,
            "roe_4q": 0.9900000000000001,
            "gross_profit": 138005,
            "gross_margin": 9.66,
            "gross_margin_4q_avg": 9.58,
            "net_income": 25485,
            "net_income_4q": null,
            "revenue": 1428863,
            "revenue_4q": null,
            "common_shares": 2722294,
            "book_valuer_per_share": 11.67,
            "book_valuer_per_share_4q_avg": 11.63,
            "equity": 3178269,
            "current_ratio": 325.05,
            "debt_ratio": 39.8,
            "inventory_turnover_ratio": 1.84,
            "account_receivable_turnover_ratio": null,
            "reinvestment_rate": 89.5,
            "research_to_sale_ratio": null,
            "price_fair": 11.9,
            "eps_avg_yearly": 0.34,
            "eps_latest_yearly": 0.4,
            "eps_growth_yearly": 1730
        },
        "20041": {
            "year_quarter": 20041,
            "year": 2004,
            "quarter": 1,
            "eps": 0.22,
            "eps_growth_year": null,
            "eps_4q": 0.33,
            "eps_4q_growth_year": 91.54,
            "roe": 1.86,
            "roe_4q": 2.82,
            "gross_profit": 146783,
            "gross_margin": 10.25,
            "gross_margin_4q_avg": 9.68,
            "net_income": 59783,
            "net_income_4q": null,
            "revenue": 1431616,
            "revenue_4q": null,
            "common_shares": 2722294,
            "book_valuer_per_share": 11.89,
            "book_valuer_per_share_4q_avg": 11.68,
            "equity": 3237137,
            "current_ratio": 383.59,
            "debt_ratio": 36.99,
            "inventory_turnover_ratio": 1.77,
            "account_receivable_turnover_ratio": null,
            "reinvestment_rate": 73.97,
            "research_to_sale_ratio": null,
            "price_fair": 15.68,
            "eps_avg_yearly": 0.45,
            "eps_latest_yearly": 0.88,
            "eps_growth_yearly": 1480
        },
        "20042": {
            "year_quarter": 20042,
            "year": 2004,
            "quarter": 2,
            "eps": -0.15,
            "eps_growth_year": -1600,
            "eps_4q": 0.18,
            "eps_4q_growth_year": -11.92,
            "roe": -1.27,
            "roe_4q": 1.5000000000000002,
            "gross_profit": 98910,
            "gross_margin": 7.35,
            "gross_margin_4q_avg": 9.04,
            "net_income": -40598,
            "net_income_4q": null,
            "revenue": 1345403,
            "revenue_4q": null,
            "common_shares": 2722294,
            "book_valuer_per_share": 11.61,
            "book_valuer_per_share_4q_avg": 11.69,
            "equity": 3161477,
            "current_ratio": 274.12,
            "debt_ratio": 41.17,
            "inventory_turnover_ratio": 1.44,
            "account_receivable_turnover_ratio": null,
            "reinvestment_rate": 88.86,
            "research_to_sale_ratio": null,
            "price_fair": 15.68,
            "eps_avg_yearly": 0.45,
            "eps_latest_yearly": 0.88,
            "eps_growth_yearly": 1480
        },
        "20043": {
            "year_quarter": 20043,
            "year": 2004,
            "quarter": 3,
            "eps": -0.21,
            "eps_growth_year": -2200,
            "eps_4q": -0.04,
            "eps_4q_growth_year": -121.94,
            "roe": -1.74,
            "roe_4q": -0.33999999999999964,
            "gross_profit": 44583,
            "gross_margin": 3.21,
            "gross_margin_4q_avg": 7.62,
            "net_income": -56164,
            "net_income_4q": null,
            "revenue": 1387362,
            "revenue_4q": null,
            "common_shares": 2722294,
            "book_valuer_per_share": 12.11,
            "book_valuer_per_share_4q_avg": 11.82,
            "equity": 3297998,
            "current_ratio": 353.67,
            "debt_ratio": 36.3,
            "inventory_turnover_ratio": 1.47,
            "account_receivable_turnover_ratio": null,
            "reinvestment_rate": 125.39,
            "research_to_sale_ratio": null,
            "price_fair": 15.68,
            "eps_avg_yearly": 0.45,
            "eps_latest_yearly": 0.88,
            "eps_growth_yearly": 1480
        },
        "20044": {
            "year_quarter": 20044,
            "year": 2004,
            "quarter": 4,
            "eps": 0.02,
            "eps_growth_year": -80,
            "eps_4q": -0.15,
            "eps_4q_growth_year": -225.17,
            "roe": 0.13,
            "roe_4q": -1.0199999999999998,
            "gross_profit": 160493,
            "gross_margin": 11.3,
            "gross_margin_4q_avg": 8.03,
            "net_income": 4266,
            "net_income_4q": null,
            "revenue": 1420820,
            "revenue_4q": null,
            "common_shares": 2722294,
            "book_valuer_per_share": 12.14,
            "book_valuer_per_share_4q_avg": 11.94,
            "equity": 3304475,
            "current_ratio": 284.86,
            "debt_ratio": 38.74,
            "inventory_turnover_ratio": 1.66,
            "account_receivable_turnover_ratio": null,
            "reinvestment_rate": 139.99,
            "research_to_sale_ratio": null,
            "price_fair": 15.68,
            "eps_avg_yearly": 0.45,
            "eps_latest_yearly": 0.88,
            "eps_growth_yearly": 1480
        },
        "20051": {
            "year_quarter": 20051,
            "year": 2005,
            "quarter": 1,
            "eps": 0.08,
            "eps_growth_year": -63.64,
            "eps_4q": -0.27,
            "eps_4q_growth_year": -181.58,
            "roe": 0.64,
            "roe_4q": -2.24,
            "gross_profit": 164177,
            "gross_margin": 12.16,
            "gross_margin_4q_avg": 8.51,
            "net_income": 21132,
            "net_income_4q": null,
            "revenue": 1350015,
            "revenue_4q": null,
            "common_shares": 2722294,
            "book_valuer_per_share": 12.21,
            "book_valuer_per_share_4q_avg": 12.02,
            "equity": 3324183,
            "current_ratio": 421.15,
            "debt_ratio": 33.88,
            "inventory_turnover_ratio": 1.86,
            "account_receivable_turnover_ratio": null,
            "reinvestment_rate": 99.89,
            "research_to_sale_ratio": null,
            "price_fair": 14.93,
            "eps_avg_yearly": 0.43,
            "eps_latest_yearly": 0.32,
            "eps_growth_yearly": 1433.33
        },
        "20052": {
            "year_quarter": 20052,
            "year": 2005,
            "quarter": 2,
            "eps": -0.04,
            "eps_growth_year": null,
            "eps_4q": -0.15,
            "eps_4q_growth_year": -185.22,
            "roe": -0.3,
            "roe_4q": -1.27,
            "gross_profit": 144033,
            "gross_margin": 11.02,
            "gross_margin_4q_avg": 9.42,
            "net_income": -9916,
            "net_income_4q": null,
            "revenue": 1306489,
            "revenue_4q": null,
            "common_shares": 2722294,
            "book_valuer_per_share": 12.11,
            "book_valuer_per_share_4q_avg": 12.14,
            "equity": 3295509,
            "current_ratio": 323.35,
            "debt_ratio": 36.52,
            "inventory_turnover_ratio": 1.72,
            "account_receivable_turnover_ratio": null,
            "reinvestment_rate": 96.7,
            "research_to_sale_ratio": null,
            "price_fair": 14.93,
            "eps_avg_yearly": 0.43,
            "eps_latest_yearly": 0.32,
            "eps_growth_yearly": 1433.33
        },
        "20053": {
            "year_quarter": 20053,
            "year": 2005,
            "quarter": 3,
            "eps": 0.08,
            "eps_growth_year": null,
            "eps_4q": 0.14,
            "eps_4q_growth_year": null,
            "roe": 0.63,
            "roe_4q": 1.1,
            "gross_profit": 147590,
            "gross_margin": 10.5,
            "gross_margin_4q_avg": 11.25,
            "net_income": 20858,
            "net_income_4q": null,
            "revenue": 1406179,
            "revenue_4q": null,
            "common_shares": 2722294,
            "book_valuer_per_share": 12.2,
            "book_valuer_per_share_4q_avg": 12.17,
            "equity": 3321485,
            "current_ratio": 471.67,
            "debt_ratio": 32.09,
            "inventory_turnover_ratio": 1.83,
            "account_receivable_turnover_ratio": null,
            "reinvestment_rate": 93.54,
            "research_to_sale_ratio": null,
            "price_fair": 14.93,
            "eps_avg_yearly": 0.43,
            "eps_latest_yearly": 0.32,
            "eps_growth_yearly": 1433.33
        },
        "20054": {
            "year_quarter": 20054,
            "year": 2005,
            "quarter": 4,
            "eps": 0.08,
            "eps_growth_year": 300,
            "eps_4q": 0.2,
            "eps_4q_growth_year": null,
            "roe": 0.65,
            "roe_4q": 1.62,
            "gross_profit": 149508,
            "gross_margin": 10.7,
            "gross_margin_4q_avg": 11.1,
            "net_income": 21618,
            "net_income_4q": null,
            "revenue": 1397409,
            "revenue_4q": null,
            "common_shares": 2722294,
            "book_valuer_per_share": 12.27,
            "book_valuer_per_share_4q_avg": 12.2,
            "equity": 3374030,
            "current_ratio": 289.1,
            "debt_ratio": 36.64,
            "inventory_turnover_ratio": 1.75,
            "account_receivable_turnover_ratio": null,
            "reinvestment_rate": 641.13,
            "research_to_sale_ratio": null,
            "price_fair": 14.4,
            "eps_avg_yearly": 0.41,
            "eps_latest_yearly": 0.32,
            "eps_growth_yearly": 1228.57
        },
        "20061": {
            "year_quarter": 20061,
            "year": 2006,
            "quarter": 1,
            "eps": 0.06,
            "eps_growth_year": -25,
            "eps_4q": 0.18,
            "eps_4q_growth_year": null,
            "roe": 0.47,
            "roe_4q": 1.45,
            "gross_profit": 131782,
            "gross_margin": 10.14,
            "gross_margin_4q_avg": 10.59,
            "net_income": 15871,
            "net_income_4q": null,
            "revenue": 1300086,
            "revenue_4q": null,
            "common_shares": 2722294,
            "book_valuer_per_share": 12.33,
            "book_valuer_per_share_4q_avg": 12.23,
            "equity": 3356448,
            "current_ratio": 383.06,
            "debt_ratio": 31.94,
            "inventory_turnover_ratio": 1.43,
            "account_receivable_turnover_ratio": null,
            "reinvestment_rate": 105.79,
            "research_to_sale_ratio": null,
            "price_fair": 15,
            "eps_avg_yearly": 0.43,
            "eps_latest_yearly": 0.24,
            "eps_growth_yearly": 1254.29
        },
        "20062": {
            "year_quarter": 20062,
            "year": 2006,
            "quarter": 2,
            "eps": 0.12,
            "eps_growth_year": null,
            "eps_4q": 0.35,
            "eps_4q_growth_year": null,
            "roe": 0.92,
            "roe_4q": 2.67,
            "gross_profit": 150626,
            "gross_margin": 11.71,
            "gross_margin_4q_avg": 10.76,
            "net_income": 30783,
            "net_income_4q": null,
            "revenue": 1286786,
            "revenue_4q": null,
            "common_shares": 2722294,
            "book_valuer_per_share": 12.28,
            "book_valuer_per_share_4q_avg": 12.27,
            "equity": 3343741,
            "current_ratio": 291.76,
            "debt_ratio": 33.43,
            "inventory_turnover_ratio": 1.31,
            "account_receivable_turnover_ratio": null,
            "reinvestment_rate": 84.23,
            "research_to_sale_ratio": null,
            "price_fair": 15.23,
            "eps_avg_yearly": 0.44,
            "eps_latest_yearly": 0.48,
            "eps_growth_yearly": 1147.5
        },
        "20063": {
            "year_quarter": 20063,
            "year": 2006,
            "quarter": 3,
            "eps": 0.08,
            "eps_growth_year": 0,
            "eps_4q": 0.34,
            "eps_4q_growth_year": 140.51,
            "roe": 0.64,
            "roe_4q": 2.68,
            "gross_profit": 154083,
            "gross_margin": 10.86,
            "gross_margin_4q_avg": 10.85,
            "net_income": 21400,
            "net_income_4q": null,
            "revenue": 1418697,
            "revenue_4q": null,
            "common_shares": 2663184,
            "book_valuer_per_share": 12.63,
            "book_valuer_per_share_4q_avg": 12.38,
            "equity": 3362388,
            "current_ratio": 347.6,
            "debt_ratio": 30.92,
            "inventory_turnover_ratio": 1.46,
            "account_receivable_turnover_ratio": null,
            "reinvestment_rate": 80.44,
            "research_to_sale_ratio": null,
            "price_fair": 14.78,
            "eps_avg_yearly": 0.42,
            "eps_latest_yearly": 0.32,
            "eps_growth_yearly": 1005.19
        },
        "20064": {
            "year_quarter": 20064,
            "year": 2006,
            "quarter": 4,
            "eps": 0.1,
            "eps_growth_year": 25,
            "eps_4q": 0.35,
            "eps_4q_growth_year": 76.26,
            "roe": 0.8,
            "roe_4q": 2.83,
            "gross_profit": 146500,
            "gross_margin": 9.33,
            "gross_margin_4q_avg": 10.51,
            "net_income": 27197,
            "net_income_4q": null,
            "revenue": 1570010,
            "revenue_4q": null,
            "common_shares": 2663184,
            "book_valuer_per_share": 12.72,
            "book_valuer_per_share_4q_avg": 12.49,
            "equity": 3420767,
            "current_ratio": 265.31,
            "debt_ratio": 35.02,
            "inventory_turnover_ratio": 1.71,
            "account_receivable_turnover_ratio": null,
            "reinvestment_rate": 459.99,
            "research_to_sale_ratio": null,
            "price_fair": 13.22,
            "eps_avg_yearly": 0.38,
            "eps_latest_yearly": 0.4,
            "eps_growth_yearly": 616.3
        },
        "20071": {
            "year_quarter": 20071,
            "year": 2007,
            "quarter": 1,
            "eps": 0.03,
            "eps_growth_year": -50,
            "eps_4q": 0.29,
            "eps_4q_growth_year": 59.63,
            "roe": 0.27,
            "roe_4q": 2.63,
            "gross_profit": 135490,
            "gross_margin": 8.73,
            "gross_margin_4q_avg": 10.16,
            "net_income": 9080,
            "net_income_4q": null,
            "revenue": 1552039,
            "revenue_4q": null,
            "common_shares": 2663184,
            "book_valuer_per_share": 12.77,
            "book_valuer_per_share_4q_avg": 12.6,
            "equity": 3399790,
            "current_ratio": 323.04,
            "debt_ratio": 30.77,
            "inventory_turnover_ratio": 1.56,
            "account_receivable_turnover_ratio": null,
            "reinvestment_rate": -192.02,
            "research_to_sale_ratio": null,
            "price_fair": 12.32,
            "eps_avg_yearly": 0.35,
            "eps_latest_yearly": 0.12,
            "eps_growth_yearly": 526.67
        },
        "20072": {
            "year_quarter": 20072,
            "year": 2007,
            "quarter": 2,
            "eps": 0.1,
            "eps_growth_year": -16.67,
            "eps_4q": 0.31,
            "eps_4q_growth_year": -10.24,
            "roe": 0.8,
            "roe_4q": 2.5100000000000002,
            "gross_profit": 148966,
            "gross_margin": 8.71,
            "gross_margin_4q_avg": 9.41,
            "net_income": 27224,
            "net_income_4q": null,
            "revenue": 1711078,
            "revenue_4q": null,
            "common_shares": 2663184,
            "book_valuer_per_share": 12.64,
            "book_valuer_per_share_4q_avg": 12.69,
            "equity": 3366213,
            "current_ratio": 354.77,
            "debt_ratio": 28.4,
            "inventory_turnover_ratio": 1.71,
            "account_receivable_turnover_ratio": null,
            "reinvestment_rate": -157.08,
            "research_to_sale_ratio": null,
            "price_fair": 12.47,
            "eps_avg_yearly": 0.36,
            "eps_latest_yearly": 0.4,
            "eps_growth_yearly": 563.64
        },
        "20073": {
            "year_quarter": 20073,
            "year": 2007,
            "quarter": 3,
            "eps": 0.14,
            "eps_growth_year": 75,
            "eps_4q": 0.37,
            "eps_4q_growth_year": 10.87,
            "roe": 1.13,
            "roe_4q": 3,
            "gross_profit": 177926,
            "gross_margin": 9.02,
            "gross_margin_4q_avg": 8.95,
            "net_income": 38373,
            "net_income_4q": null,
            "revenue": 1972318,
            "revenue_4q": null,
            "common_shares": 2663184,
            "book_valuer_per_share": 12.79,
            "book_valuer_per_share_4q_avg": 12.73,
            "equity": 3405316,
            "current_ratio": 258.02,
            "debt_ratio": 34.42,
            "inventory_turnover_ratio": 1.78,
            "account_receivable_turnover_ratio": null,
            "reinvestment_rate": -126.68,
            "research_to_sale_ratio": null,
            "price_fair": 14.13,
            "eps_avg_yearly": 0.4,
            "eps_latest_yearly": 0.56,
            "eps_growth_yearly": 578.18
        },
        "20074": {
            "year_quarter": 20074,
            "year": 2007,
            "quarter": 4,
            "eps": 0.36,
            "eps_growth_year": 260,
            "eps_4q": 0.64,
            "eps_4q_growth_year": 83.95,
            "roe": 2.73,
            "roe_4q": 4.93,
            "gross_profit": 309469,
            "gross_margin": 12.97,
            "gross_margin_4q_avg": 9.86,
            "net_income": 94578,
            "net_income_4q": null,
            "revenue": 2385414,
            "revenue_4q": null,
            "common_shares": 2663184,
            "book_valuer_per_share": 13.11,
            "book_valuer_per_share_4q_avg": 12.83,
            "equity": 3517897,
            "current_ratio": 282.32,
            "debt_ratio": 38.69,
            "inventory_turnover_ratio": 1.84,
            "account_receivable_turnover_ratio": null,
            "reinvestment_rate": 104.56,
            "research_to_sale_ratio": null,
            "price_fair": 17.44,
            "eps_avg_yearly": 0.5,
            "eps_latest_yearly": 1.44,
            "eps_growth_yearly": 308.05
        },
        "20081": {
            "year_quarter": 20081,
            "year": 2008,
            "quarter": 1,
            "eps": 0.38,
            "eps_growth_year": 1166.67,
            "eps_4q": 1.02,
            "eps_4q_growth_year": 248.03,
            "roe": 2.75,
            "roe_4q": 7.41,
            "gross_profit": 272575,
            "gross_margin": 10.99,
            "gross_margin_4q_avg": 10.42,
            "net_income": 98016,
            "net_income_4q": null,
            "revenue": 2479237,
            "revenue_4q": null,
            "common_shares": 2663184,
            "book_valuer_per_share": 13.49,
            "book_valuer_per_share_4q_avg": 13.01,
            "equity": 3613502,
            "current_ratio": 266.69,
            "debt_ratio": 39.81,
            "inventory_turnover_ratio": 1.71,
            "account_receivable_turnover_ratio": null,
            "reinvestment_rate": 98.18,
            "research_to_sale_ratio": null,
            "price_fair": 19.47,
            "eps_avg_yearly": 0.56,
            "eps_latest_yearly": 1.52,
            "eps_growth_yearly": 266.44
        },
        "20082": {
            "year_quarter": 20082,
            "year": 2008,
            "quarter": 2,
            "eps": 0.05,
            "eps_growth_year": -50,
            "eps_4q": 0.9,
            "eps_4q_growth_year": 190.16,
            "roe": 0.39,
            "roe_4q": 7,
            "gross_profit": 156964,
            "gross_margin": 6.36,
            "gross_margin_4q_avg": 9.84,
            "net_income": 13801,
            "net_income_4q": null,
            "revenue": 2468715,
            "revenue_4q": null,
            "common_shares": 2663184,
            "book_valuer_per_share": 13.21,
            "book_valuer_per_share_4q_avg": 13.15,
            "equity": 3540056,
            "current_ratio": 255.6,
            "debt_ratio": 41.9,
            "inventory_turnover_ratio": 1.43,
            "account_receivable_turnover_ratio": null,
            "reinvestment_rate": 94.23,
            "research_to_sale_ratio": null,
            "price_fair": 18.43,
            "eps_avg_yearly": 0.53,
            "eps_latest_yearly": 0.2,
            "eps_growth_yearly": 215.29
        },
        "20083": {
            "year_quarter": 20083,
            "year": 2008,
            "quarter": 3,
            "eps": -0.02,
            "eps_growth_year": -114.29,
            "eps_4q": 0.75,
            "eps_4q_growth_year": 102.22,
            "roe": -0.16,
            "roe_4q": 5.71,
            "gross_profit": 168666,
            "gross_margin": 6.66,
            "gross_margin_4q_avg": 9.25,
            "net_income": -5633,
            "net_income_4q": null,
            "revenue": 2532096,
            "revenue_4q": null,
            "common_shares": 2743080,
            "book_valuer_per_share": 12.82,
            "book_valuer_per_share_4q_avg": 13.16,
            "equity": 3538243,
            "current_ratio": 235.37,
            "debt_ratio": 43.97,
            "inventory_turnover_ratio": 1.3,
            "account_receivable_turnover_ratio": null,
            "reinvestment_rate": 89.63,
            "research_to_sale_ratio": null,
            "price_fair": 18.43,
            "eps_avg_yearly": 0.53,
            "eps_latest_yearly": 0.2,
            "eps_growth_yearly": 215.29
        },
        "20084": {
            "year_quarter": 20084,
            "year": 2008,
            "quarter": 4,
            "eps": -0.54,
            "eps_growth_year": -250,
            "eps_4q": -0.1,
            "eps_4q_growth_year": -115.61,
            "roe": -4.4,
            "roe_4q": -1.4200000000000008,
            "gross_profit": -71409,
            "gross_margin": -2.85,
            "gross_margin_4q_avg": 5.29,
            "net_income": -152641,
            "net_income_4q": null,
            "revenue": 2503054,
            "revenue_4q": null,
            "common_shares": 2743080,
            "book_valuer_per_share": 12.33,
            "book_valuer_per_share_4q_avg": 12.96,
            "equity": 3396452,
            "current_ratio": 254.14,
            "debt_ratio": 41.83,
            "inventory_turnover_ratio": 1.46,
            "account_receivable_turnover_ratio": 5.04,
            "reinvestment_rate": 140.36,
            "research_to_sale_ratio": null,
            "price_fair": 18.43,
            "eps_avg_yearly": 0.53,
            "eps_latest_yearly": 0.2,
            "eps_growth_yearly": 215.29
        },
        "20091": {
            "year_quarter": 20091,
            "year": 2009,
            "quarter": 1,
            "eps": 0.21,
            "eps_growth_year": -44.74,
            "eps_4q": -0.31,
            "eps_4q_growth_year": -130.08,
            "roe": 1.64,
            "roe_4q": -2.5300000000000007,
            "gross_profit": 183609,
            "gross_margin": 7.91,
            "gross_margin_4q_avg": 4.52,
            "net_income": 56012,
            "net_income_4q": null,
            "revenue": 2322100,
            "revenue_4q": null,
            "common_shares": 2743080,
            "book_valuer_per_share": 12.54,
            "book_valuer_per_share_4q_avg": 12.73,
            "equity": 3454266,
            "current_ratio": 328.95,
            "debt_ratio": 38.84,
            "inventory_turnover_ratio": 1.4,
            "account_receivable_turnover_ratio": 2.36,
            "reinvestment_rate": 123.74,
            "research_to_sale_ratio": null,
            "price_fair": 19.09,
            "eps_avg_yearly": 0.55,
            "eps_latest_yearly": 0.2,
            "eps_growth_yearly": 125.77
        },
        "20092": {
            "year_quarter": 20092,
            "year": 2009,
            "quarter": 2,
            "eps": 0.36,
            "eps_growth_year": 620,
            "eps_4q": 0.01,
            "eps_4q_growth_year": -98.54,
            "roe": 2.87,
            "roe_4q": -0.05000000000000057,
            "gross_profit": 272707,
            "gross_margin": 11.28,
            "gross_margin_4q_avg": 5.75,
            "net_income": 100618,
            "net_income_4q": null,
            "revenue": 2417739,
            "revenue_4q": null,
            "common_shares": 2743080,
            "book_valuer_per_share": 12.9,
            "book_valuer_per_share_4q_avg": 12.65,
            "equity": 3553273,
            "current_ratio": 302.05,
            "debt_ratio": 40.27,
            "inventory_turnover_ratio": 1.45,
            "account_receivable_turnover_ratio": 2.47,
            "reinvestment_rate": 101.62,
            "research_to_sale_ratio": null,
            "price_fair": 21.7,
            "eps_avg_yearly": 0.62,
            "eps_latest_yearly": 1.44,
            "eps_growth_yearly": 139.09
        },
        "20093": {
            "year_quarter": 20093,
            "year": 2009,
            "quarter": 3,
            "eps": 0.14,
            "eps_growth_year": null,
            "eps_4q": 0.17,
            "eps_4q_growth_year": -77.18,
            "roe": 1.06,
            "roe_4q": 1.17,
            "gross_profit": 175998,
            "gross_margin": 7.67,
            "gross_margin_4q_avg": 6,
            "net_income": 37790,
            "net_income_4q": null,
            "revenue": 2295723,
            "revenue_4q": null,
            "common_shares": 2743080,
            "book_valuer_per_share": 13.03,
            "book_valuer_per_share_4q_avg": 12.7,
            "equity": 3590121,
            "current_ratio": 353.89,
            "debt_ratio": 36.67,
            "inventory_turnover_ratio": 1.35,
            "account_receivable_turnover_ratio": 2.29,
            "reinvestment_rate": 96.84,
            "research_to_sale_ratio": null,
            "price_fair": 21.54,
            "eps_avg_yearly": 0.62,
            "eps_latest_yearly": 0.56,
            "eps_growth_yearly": 109.59
        },
        "20094": {
            "year_quarter": 20094,
            "year": 2009,
            "quarter": 4,
            "eps": 0.2,
            "eps_growth_year": null,
            "eps_4q": 0.91,
            "eps_4q_growth_year": null,
            "roe": 1.51,
            "roe_4q": 7.08,
            "gross_profit": 196155,
            "gross_margin": 7.73,
            "gross_margin_4q_avg": 8.65,
            "net_income": 54760,
            "net_income_4q": null,
            "revenue": 2536344,
            "revenue_4q": null,
            "common_shares": 2743080,
            "book_valuer_per_share": 13.23,
            "book_valuer_per_share_4q_avg": 12.93,
            "equity": 3644412,
            "current_ratio": 315.1,
            "debt_ratio": 38.39,
            "inventory_turnover_ratio": 1.74,
            "account_receivable_turnover_ratio": 4.93,
            "reinvestment_rate": 30.7,
            "research_to_sale_ratio": null,
            "price_fair": 22.83,
            "eps_avg_yearly": 0.65,
            "eps_latest_yearly": 0.8,
            "eps_growth_yearly": 122.78
        },
        "20101": {
            "year_quarter": 20101,
            "year": 2010,
            "quarter": 1,
            "eps": 0.11,
            "eps_growth_year": -47.62,
            "eps_4q": 0.81,
            "eps_4q_growth_year": null,
            "roe": 0.82,
            "roe_4q": 6.26,
            "gross_profit": 171021,
            "gross_margin": 7.96,
            "gross_margin_4q_avg": 8.66,
            "net_income": 29865,
            "net_income_4q": null,
            "revenue": 2147754,
            "revenue_4q": null,
            "common_shares": 2743080,
            "book_valuer_per_share": 13.34,
            "book_valuer_per_share_4q_avg": 13.13,
            "equity": 3674478,
            "current_ratio": 419.71,
            "debt_ratio": 34.05,
            "inventory_turnover_ratio": 1.68,
            "account_receivable_turnover_ratio": 2.17,
            "reinvestment_rate": 149.27,
            "research_to_sale_ratio": 0.2,
            "price_fair": 23.37,
            "eps_avg_yearly": 0.67,
            "eps_latest_yearly": 0.44,
            "eps_growth_yearly": 116.62
        },
        "20102": {
            "year_quarter": 20102,
            "year": 2010,
            "quarter": 2,
            "eps": 0.13,
            "eps_growth_year": -63.35,
            "eps_4q": 0.56,
            "eps_4q_growth_year": 4160.97,
            "roe": 1.03,
            "roe_4q": 4.42,
            "gross_profit": 174495,
            "gross_margin": 7.97,
            "gross_margin_4q_avg": 7.83,
            "net_income": 37750,
            "net_income_4q": null,
            "revenue": 2190178,
            "revenue_4q": null,
            "common_shares": 2743080,
            "book_valuer_per_share": 13.16,
            "book_valuer_per_share_4q_avg": 13.19,
            "equity": 3625453,
            "current_ratio": 413.84,
            "debt_ratio": 35.65,
            "inventory_turnover_ratio": 1.56,
            "account_receivable_turnover_ratio": 2.28,
            "reinvestment_rate": 148.48,
            "research_to_sale_ratio": 0.29,
            "price_fair": 23.48,
            "eps_avg_yearly": 0.67,
            "eps_latest_yearly": 0.52,
            "eps_growth_yearly": 91.45
        },
        "20103": {
            "year_quarter": 20103,
            "year": 2010,
            "quarter": 3,
            "eps": 0.21,
            "eps_growth_year": 52.22,
            "eps_4q": 0.65,
            "eps_4q_growth_year": 276.47,
            "roe": 1.64,
            "roe_4q": 5,
            "gross_profit": 206995,
            "gross_margin": 8.33,
            "gross_margin_4q_avg": 8,
            "net_income": 59934,
            "net_income_4q": null,
            "revenue": 2484427,
            "revenue_4q": null,
            "common_shares": 2839087,
            "book_valuer_per_share": 12.93,
            "book_valuer_per_share_4q_avg": 13.17,
            "equity": 3684450,
            "current_ratio": 349.76,
            "debt_ratio": 36.18,
            "inventory_turnover_ratio": 1.65,
            "account_receivable_turnover_ratio": 2.41,
            "reinvestment_rate": 139.66,
            "research_to_sale_ratio": 0.22,
            "price_fair": 24.88,
            "eps_avg_yearly": 0.71,
            "eps_latest_yearly": 0.84,
            "eps_growth_yearly": 120.64
        },
        "20104": {
            "year_quarter": 20104,
            "year": 2010,
            "quarter": 4,
            "eps": 0.35,
            "eps_growth_year": 73.68,
            "eps_4q": 0.8,
            "eps_4q_growth_year": -11.74,
            "roe": 2.63,
            "roe_4q": 6.12,
            "gross_profit": 240269,
            "gross_margin": 9.71,
            "gross_margin_4q_avg": 8.49,
            "net_income": 97833,
            "net_income_4q": null,
            "revenue": 2474776,
            "revenue_4q": null,
            "common_shares": 2839087,
            "book_valuer_per_share": 13.16,
            "book_valuer_per_share_4q_avg": 13.15,
            "equity": 3747904,
            "current_ratio": 357,
            "debt_ratio": 35.6,
            "inventory_turnover_ratio": 1.6,
            "account_receivable_turnover_ratio": 2.22,
            "reinvestment_rate": 36.48,
            "research_to_sale_ratio": 0.32,
            "price_fair": 27.57,
            "eps_avg_yearly": 0.79,
            "eps_latest_yearly": 1.4,
            "eps_growth_yearly": 133.46
        },
        "20111": {
            "year_quarter": 20111,
            "year": 2011,
            "quarter": 1,
            "eps": 0.05,
            "eps_growth_year": -54.55,
            "eps_4q": 0.74,
            "eps_4q_growth_year": -8.67,
            "roe": 0.35,
            "roe_4q": 5.65,
            "gross_profit": 155850,
            "gross_margin": 6.65,
            "gross_margin_4q_avg": 8.17,
            "net_income": 12985,
            "net_income_4q": null,
            "revenue": 2343639,
            "revenue_4q": null,
            "common_shares": 2839087,
            "book_valuer_per_share": 13.2,
            "book_valuer_per_share_4q_avg": 13.11,
            "equity": 3761189,
            "current_ratio": 303.04,
            "debt_ratio": 37.31,
            "inventory_turnover_ratio": 1.54,
            "account_receivable_turnover_ratio": 2.1,
            "reinvestment_rate": 135.77,
            "research_to_sale_ratio": 0.26,
            "price_fair": 27.78,
            "eps_avg_yearly": 0.79,
            "eps_latest_yearly": 0.2,
            "eps_growth_yearly": 128.63
        },
        "20112": {
            "year_quarter": 20112,
            "year": 2011,
            "quarter": 2,
            "eps": 2.08,
            "eps_growth_year": 1479.56,
            "eps_4q": 2.68,
            "eps_4q_growth_year": 374.21,
            "roe": 15.67,
            "roe_4q": 20.29,
            "gross_profit": 101778,
            "gross_margin": 4.23,
            "gross_margin_4q_avg": 7.23,
            "net_income": 615003,
            "net_income_4q": null,
            "revenue": 2403708,
            "revenue_4q": null,
            "common_shares": 2839087,
            "book_valuer_per_share": 14.35,
            "book_valuer_per_share_4q_avg": 13.41,
            "equity": 4090380,
            "current_ratio": 278.11,
            "debt_ratio": 37.73,
            "inventory_turnover_ratio": 1.42,
            "account_receivable_turnover_ratio": 2.19,
            "reinvestment_rate": 52.72,
            "research_to_sale_ratio": 0.22,
            "price_fair": 49.11,
            "eps_avg_yearly": 1.4,
            "eps_latest_yearly": 8.32,
            "eps_growth_yearly": 1306.06
        },
        "20113": {
            "year_quarter": 20113,
            "year": 2011,
            "quarter": 3,
            "eps": -0.01,
            "eps_growth_year": -102.49,
            "eps_4q": 2.46,
            "eps_4q_growth_year": 281.51,
            "roe": -0.05,
            "roe_4q": 18.599999999999998,
            "gross_profit": 139369,
            "gross_margin": 4.84,
            "gross_margin_4q_avg": 6.36,
            "net_income": -1919,
            "net_income_4q": null,
            "revenue": 2876912,
            "revenue_4q": null,
            "common_shares": 2924260,
            "book_valuer_per_share": 13.93,
            "book_valuer_per_share_4q_avg": 13.66,
            "equity": 4089067,
            "current_ratio": 315.46,
            "debt_ratio": 33.99,
            "inventory_turnover_ratio": 1.66,
            "account_receivable_turnover_ratio": 2.45,
            "reinvestment_rate": 57.99,
            "research_to_sale_ratio": 0.18,
            "price_fair": 51.57,
            "eps_avg_yearly": 1.47,
            "eps_latest_yearly": 8.32,
            "eps_growth_yearly": 1401.57
        },
        "20114": {
            "year_quarter": 20114,
            "year": 2011,
            "quarter": 4,
            "eps": -0.24,
            "eps_growth_year": -169.09,
            "eps_4q": 1.89,
            "eps_4q_growth_year": 135.78,
            "roe": -1.75,
            "roe_4q": 14.219999999999999,
            "gross_profit": 42733,
            "gross_margin": 1.51,
            "gross_margin_4q_avg": 4.31,
            "net_income": -70879,
            "net_income_4q": null,
            "revenue": 2831481,
            "revenue_4q": null,
            "common_shares": 2924260,
            "book_valuer_per_share": 13.66,
            "book_valuer_per_share_4q_avg": 13.79,
            "equity": 4008059,
            "current_ratio": 292.09,
            "debt_ratio": 38.91,
            "inventory_turnover_ratio": 1.82,
            "account_receivable_turnover_ratio": 2.24,
            "reinvestment_rate": 14.45,
            "research_to_sale_ratio": 0.19,
            "price_fair": 51.67,
            "eps_avg_yearly": 1.48,
            "eps_latest_yearly": 8.32,
            "eps_growth_yearly": 1471.84
        },
        "20121": {
            "year_quarter": 20121,
            "year": 2012,
            "quarter": 1,
            "eps": -0.11,
            "eps_growth_year": -320,
            "eps_4q": 1.73,
            "eps_4q_growth_year": 133.35,
            "roe": -0.83,
            "roe_4q": 13.04,
            "gross_profit": 87831,
            "gross_margin": 3.7,
            "gross_margin_4q_avg": 3.57,
            "net_income": -33129,
            "net_income_4q": null,
            "revenue": 2373445,
            "revenue_4q": null,
            "common_shares": 2924260,
            "book_valuer_per_share": 13.55,
            "book_valuer_per_share_4q_avg": 13.87,
            "equity": 3969738,
            "current_ratio": 301.83,
            "debt_ratio": 37.59,
            "inventory_turnover_ratio": 1.4,
            "account_receivable_turnover_ratio": 1.98,
            "reinvestment_rate": 17.05,
            "research_to_sale_ratio": 0.15,
            "price_fair": 51.52,
            "eps_avg_yearly": 1.47,
            "eps_latest_yearly": 8.32,
            "eps_growth_yearly": 1616.8
        },
        "20122": {
            "year_quarter": 20122,
            "year": 2012,
            "quarter": 2,
            "eps": 0.06,
            "eps_growth_year": -97.19,
            "eps_4q": -0.28,
            "eps_4q_growth_year": -110.42,
            "roe": 0.45,
            "roe_4q": -2.1799999999999997,
            "gross_profit": 151483,
            "gross_margin": 6.12,
            "gross_margin_4q_avg": 4.04,
            "net_income": 17590,
            "net_income_4q": null,
            "revenue": 2475820,
            "revenue_4q": null,
            "common_shares": 2924260,
            "book_valuer_per_share": 13.11,
            "book_valuer_per_share_4q_avg": 13.56,
            "equity": 3841194,
            "current_ratio": 321.09,
            "debt_ratio": 35.87,
            "inventory_turnover_ratio": 1.38,
            "account_receivable_turnover_ratio": 2.13,
            "reinvestment_rate": 17.38,
            "research_to_sale_ratio": 0.2,
            "price_fair": 56.47,
            "eps_avg_yearly": 1.61,
            "eps_latest_yearly": 8.32,
            "eps_growth_yearly": 1835.04
        },
        "20123": {
            "year_quarter": 20123,
            "year": 2012,
            "quarter": 3,
            "eps": 0.17,
            "eps_growth_year": null,
            "eps_4q": -0.11,
            "eps_4q_growth_year": -104.38,
            "roe": 1.31,
            "roe_4q": -0.82,
            "gross_profit": 199245,
            "gross_margin": 6.93,
            "gross_margin_4q_avg": 4.57,
            "net_income": 50741,
            "net_income_4q": null,
            "revenue": 2876146,
            "revenue_4q": null,
            "common_shares": 3070473,
            "book_valuer_per_share": 12.65,
            "book_valuer_per_share_4q_avg": 13.24,
            "equity": 3891847,
            "current_ratio": 328.05,
            "debt_ratio": 34.66,
            "inventory_turnover_ratio": 1.59,
            "account_receivable_turnover_ratio": 2.33,
            "reinvestment_rate": 16.46,
            "research_to_sale_ratio": 0.13,
            "price_fair": 53.2,
            "eps_avg_yearly": 1.52,
            "eps_latest_yearly": 0.68,
            "eps_growth_yearly": 1724.87
        },
        "20124": {
            "year_quarter": 20124,
            "year": 2012,
            "quarter": 4,
            "eps": -0.31,
            "eps_growth_year": null,
            "eps_4q": -0.19,
            "eps_4q_growth_year": -109.96,
            "roe": -2.57,
            "roe_4q": -1.6399999999999997,
            "gross_profit": 881,
            "gross_margin": 0.03,
            "gross_margin_4q_avg": 4.2,
            "net_income": -98910,
            "net_income_4q": null,
            "revenue": 2713516,
            "revenue_4q": null,
            "common_shares": 3070473,
            "book_valuer_per_share": 12.34,
            "book_valuer_per_share_4q_avg": 12.91,
            "equity": 3792384,
            "current_ratio": 276.35,
            "debt_ratio": 38.78,
            "inventory_turnover_ratio": 1.54,
            "account_receivable_turnover_ratio": 2.17,
            "reinvestment_rate": 18.08,
            "research_to_sale_ratio": 0.21,
            "price_fair": 53.2,
            "eps_avg_yearly": 1.52,
            "eps_latest_yearly": 0.68,
            "eps_growth_yearly": 1724.87
        },
        "20131": {
            "year_quarter": 20131,
            "year": 2013,
            "quarter": 1,
            "eps": -0.11,
            "eps_growth_year": null,
            "eps_4q": -0.19,
            "eps_4q_growth_year": -111.11,
            "roe": -0.92,
            "roe_4q": -1.7299999999999998,
            "gross_profit": 98611,
            "gross_margin": 4.21,
            "gross_margin_4q_avg": 4.32,
            "net_income": -34655,
            "net_income_4q": null,
            "revenue": 2342164,
            "revenue_4q": null,
            "common_shares": 3070473,
            "book_valuer_per_share": 12.07,
            "book_valuer_per_share_4q_avg": 12.54,
            "equity": 3709377,
            "current_ratio": 357.43,
            "debt_ratio": 34.52,
            "inventory_turnover_ratio": 1.35,
            "account_receivable_turnover_ratio": 2.1,
            "reinvestment_rate": 23.26,
            "research_to_sale_ratio": 0.27,
            "price_fair": 53.2,
            "eps_avg_yearly": 1.52,
            "eps_latest_yearly": 0.68,
            "eps_growth_yearly": 1724.87
        },
        "20132": {
            "year_quarter": 20132,
            "year": 2013,
            "quarter": 2,
            "eps": -0.04,
            "eps_growth_year": -168.32,
            "eps_4q": -0.28,
            "eps_4q_growth_year": null,
            "roe": -0.39,
            "roe_4q": -2.57,
            "gross_profit": 115313,
            "gross_margin": 4.33,
            "gross_margin_4q_avg": 3.88,
            "net_income": -14262,
            "net_income_4q": null,
            "revenue": 2663652,
            "revenue_4q": null,
            "common_shares": 3070473,
            "book_valuer_per_share": 11.94,
            "book_valuer_per_share_4q_avg": 12.25,
            "equity": 3664276,
            "current_ratio": 267.74,
            "debt_ratio": 38.95,
            "inventory_turnover_ratio": 1.55,
            "account_receivable_turnover_ratio": 2.49,
            "reinvestment_rate": 25.33,
            "research_to_sale_ratio": 0.17,
            "price_fair": 53.51,
            "eps_avg_yearly": 1.53,
            "eps_latest_yearly": 0.68,
            "eps_growth_yearly": 1884.78
        },
        "20133": {
            "year_quarter": 20133,
            "year": 2013,
            "quarter": 3,
            "eps": 0.02,
            "eps_growth_year": -87.94,
            "eps_4q": -0.42,
            "eps_4q_growth_year": null,
            "roe": 0.15,
            "roe_4q": -3.73,
            "gross_profit": 144328,
            "gross_margin": 5.3,
            "gross_margin_4q_avg": 3.47,
            "net_income": 5515,
            "net_income_4q": null,
            "revenue": 2722035,
            "revenue_4q": null,
            "common_shares": 3131882,
            "book_valuer_per_share": 11.72,
            "book_valuer_per_share_4q_avg": 12.02,
            "equity": 3669998,
            "current_ratio": 399.61,
            "debt_ratio": 34.45,
            "inventory_turnover_ratio": 1.62,
            "account_receivable_turnover_ratio": 2.38,
            "reinvestment_rate": 31.59,
            "research_to_sale_ratio": 0.48,
            "price_fair": 57.75,
            "eps_avg_yearly": 1.65,
            "eps_latest_yearly": 0.68,
            "eps_growth_yearly": 2150.93
        },
        "20134": {
            "year_quarter": 20134,
            "year": 2013,
            "quarter": 4,
            "eps": 0.21,
            "eps_growth_year": null,
            "eps_4q": 0.09,
            "eps_4q_growth_year": null,
            "roe": 1.82,
            "roe_4q": 0.66,
            "gross_profit": 175797,
            "gross_margin": 6.32,
            "gross_margin_4q_avg": 5.04,
            "net_income": 67289,
            "net_income_4q": null,
            "revenue": 2783022,
            "revenue_4q": null,
            "common_shares": 3131882,
            "book_valuer_per_share": 11.93,
            "book_valuer_per_share_4q_avg": 11.92,
            "equity": 3735876,
            "current_ratio": 488.37,
            "debt_ratio": 31.61,
            "inventory_turnover_ratio": 2.01,
            "account_receivable_turnover_ratio": 2.53,
            "reinvestment_rate": -1.3,
            "research_to_sale_ratio": -0.08,
            "price_fair": 57.93,
            "eps_avg_yearly": 1.66,
            "eps_latest_yearly": 0.84,
            "eps_growth_yearly": 2604.5
        },
        "20141": {
            "year_quarter": 20141,
            "year": 2014,
            "quarter": 1,
            "eps": 0.14,
            "eps_growth_year": null,
            "eps_4q": 0.33,
            "eps_4q_growth_year": null,
            "roe": 1.15,
            "roe_4q": 2.7299999999999995,
            "gross_profit": 189630,
            "gross_margin": 7.71,
            "gross_margin_4q_avg": 5.92,
            "net_income": 43045,
            "net_income_4q": null,
            "revenue": 2459447,
            "revenue_4q": null,
            "common_shares": 3131882,
            "book_valuer_per_share": 12.07,
            "book_valuer_per_share_4q_avg": 11.92,
            "equity": 3778983,
            "current_ratio": 325.82,
            "debt_ratio": 36.15,
            "inventory_turnover_ratio": 1.63,
            "account_receivable_turnover_ratio": 2.3,
            "reinvestment_rate": 0.33,
            "research_to_sale_ratio": 0.26,
            "price_fair": 58.45,
            "eps_avg_yearly": 1.67,
            "eps_latest_yearly": 0.56,
            "eps_growth_yearly": 2610.34
        },
        "20142": {
            "year_quarter": 20142,
            "year": 2014,
            "quarter": 2,
            "eps": 0.03,
            "eps_growth_year": null,
            "eps_4q": 0.4,
            "eps_4q_growth_year": null,
            "roe": 0.22,
            "roe_4q": 3.34,
            "gross_profit": 156176,
            "gross_margin": 5.99,
            "gross_margin_4q_avg": 6.33,
            "net_income": 8198,
            "net_income_4q": null,
            "revenue": 2606452,
            "revenue_4q": null,
            "common_shares": 3131882,
            "book_valuer_per_share": 11.88,
            "book_valuer_per_share_4q_avg": 11.9,
            "equity": 3738577,
            "current_ratio": 327.57,
            "debt_ratio": 40.17,
            "inventory_turnover_ratio": 1.37,
            "account_receivable_turnover_ratio": 2.45,
            "reinvestment_rate": -0.96,
            "research_to_sale_ratio": 0.23,
            "price_fair": 56.7,
            "eps_avg_yearly": 1.62,
            "eps_latest_yearly": 0.12,
            "eps_growth_yearly": 2561.96
        },
        "20143": {
            "year_quarter": 20143,
            "year": 2014,
            "quarter": 3,
            "eps": 0,
            "eps_growth_year": -100,
            "eps_4q": 0.38,
            "eps_4q_growth_year": null,
            "roe": 0.01,
            "roe_4q": 3.2,
            "gross_profit": 149887,
            "gross_margin": 5.47,
            "gross_margin_4q_avg": 6.37,
            "net_income": 558,
            "net_income_4q": null,
            "revenue": 2737717,
            "revenue_4q": null,
            "common_shares": 3131882,
            "book_valuer_per_share": 11.89,
            "book_valuer_per_share_4q_avg": 11.94,
            "equity": 3741130,
            "current_ratio": 356.3,
            "debt_ratio": 37.63,
            "inventory_turnover_ratio": 1.55,
            "account_receivable_turnover_ratio": 2.4,
            "reinvestment_rate": 36.72,
            "research_to_sale_ratio": 0.22,
            "price_fair": 60.6,
            "eps_avg_yearly": 1.73,
            "eps_latest_yearly": 0.12,
            "eps_growth_yearly": 2892.79
        },
        "20144": {
            "year_quarter": 20144,
            "year": 2014,
            "quarter": 4,
            "eps": 0.26,
            "eps_growth_year": 21.73,
            "eps_4q": 0.43,
            "eps_4q_growth_year": 377.75,
            "roe": 1.9,
            "roe_4q": 3.28,
            "gross_profit": 238842,
            "gross_margin": 8.72,
            "gross_margin_4q_avg": 6.97,
            "net_income": 72998,
            "net_income_4q": null,
            "revenue": 2739973,
            "revenue_4q": null,
            "common_shares": 3131882,
            "book_valuer_per_share": 12.1,
            "book_valuer_per_share_4q_avg": 11.99,
            "equity": 3944066,
            "current_ratio": 336.14,
            "debt_ratio": 37.49,
            "inventory_turnover_ratio": 1.84,
            "account_receivable_turnover_ratio": 2.32,
            "reinvestment_rate": 40.69,
            "research_to_sale_ratio": 0.28,
            "price_fair": 62.53,
            "eps_avg_yearly": 1.79,
            "eps_latest_yearly": 0.12,
            "eps_growth_yearly": 3330.48
        },
        "20151": {
            "year_quarter": 20151,
            "year": 2015,
            "quarter": 1,
            "eps": 0.07,
            "eps_growth_year": -50,
            "eps_4q": 0.36,
            "eps_4q_growth_year": 8.49,
            "roe": 0.48,
            "roe_4q": 2.61,
            "gross_profit": 185973,
            "gross_margin": 8,
            "gross_margin_4q_avg": 7.05,
            "net_income": 18988,
            "net_income_4q": null,
            "revenue": 2325248,
            "revenue_4q": null,
            "common_shares": 3131882,
            "book_valuer_per_share": 12.16,
            "book_valuer_per_share_4q_avg": 12.01,
            "equity": 3957891,
            "current_ratio": 279.66,
            "debt_ratio": 39.38,
            "inventory_turnover_ratio": 1.47,
            "account_receivable_turnover_ratio": 2.17,
            "reinvestment_rate": 60.5,
            "research_to_sale_ratio": 0.27,
            "price_fair": 63,
            "eps_avg_yearly": 1.8,
            "eps_latest_yearly": 0.28,
            "eps_growth_yearly": 3338.9
        },
        "20152": {
            "year_quarter": 20152,
            "year": 2015,
            "quarter": 2,
            "eps": -0.01,
            "eps_growth_year": -133.33,
            "eps_4q": 0.32,
            "eps_4q_growth_year": -20.15,
            "roe": -0.18,
            "roe_4q": 2.2099999999999995,
            "gross_profit": 163617,
            "gross_margin": 7.1,
            "gross_margin_4q_avg": 7.32,
            "net_income": -7122,
            "net_income_4q": null,
            "revenue": 2305696,
            "revenue_4q": null,
            "common_shares": 3131882,
            "book_valuer_per_share": 11.97,
            "book_valuer_per_share_4q_avg": 12.03,
            "equity": 3893323,
            "current_ratio": 240.07,
            "debt_ratio": 40.83,
            "inventory_turnover_ratio": 1.49,
            "account_receivable_turnover_ratio": 2.21,
            "reinvestment_rate": 1497.06,
            "research_to_sale_ratio": 0.32,
            "price_fair": 17.36,
            "eps_avg_yearly": 0.5,
            "eps_latest_yearly": 0.28,
            "eps_growth_yearly": 758.68
        },
        "20153": {
            "year_quarter": 20153,
            "year": 2015,
            "quarter": 3,
            "eps": 0.08,
            "eps_growth_year": null,
            "eps_4q": 0.39,
            "eps_4q_growth_year": 2.91,
            "roe": 0.38,
            "roe_4q": 2.58,
            "gross_profit": 226203,
            "gross_margin": 9.06,
            "gross_margin_4q_avg": 8.22,
            "net_income": 14699,
            "net_income_4q": null,
            "revenue": 2497043,
            "revenue_4q": null,
            "common_shares": 3188256,
            "book_valuer_per_share": 11.84,
            "book_valuer_per_share_4q_avg": 12.02,
            "equity": 3910922,
            "current_ratio": 217.63,
            "debt_ratio": 42.63,
            "inventory_turnover_ratio": 1.72,
            "account_receivable_turnover_ratio": 2.24,
            "reinvestment_rate": 1191.66,
            "research_to_sale_ratio": 0.3,
            "price_fair": 17.36,
            "eps_avg_yearly": 0.5,
            "eps_latest_yearly": 0.28,
            "eps_growth_yearly": 758.68
        },
        "20154": {
            "year_quarter": 20154,
            "year": 2015,
            "quarter": 4,
            "eps": 0.16,
            "eps_growth_year": -36.12,
            "eps_4q": 0.31,
            "eps_4q_growth_year": -28.67,
            "roe": 0.92,
            "roe_4q": 1.6,
            "gross_profit": 242311,
            "gross_margin": 9.3,
            "gross_margin_4q_avg": 8.37,
            "net_income": 35854,
            "net_income_4q": null,
            "revenue": 2604999,
            "revenue_4q": null,
            "common_shares": 3188256,
            "book_valuer_per_share": 11.94,
            "book_valuer_per_share_4q_avg": 11.98,
            "equity": 3923965,
            "current_ratio": 204.34,
            "debt_ratio": 49.05,
            "inventory_turnover_ratio": 1.49,
            "account_receivable_turnover_ratio": 2.34,
            "reinvestment_rate": 648.76,
            "research_to_sale_ratio": 0.34,
            "price_fair": 18.2,
            "eps_avg_yearly": 0.52,
            "eps_latest_yearly": 0.64,
            "eps_growth_yearly": 698.9
        },
        "20161": {
            "year_quarter": 20161,
            "year": 2016,
            "quarter": 1,
            "eps": 0.13,
            "eps_growth_year": 85.71,
            "eps_4q": 0.36,
            "eps_4q_growth_year": 0.14,
            "roe": 0.68,
            "roe_4q": 1.8,
            "gross_profit": 233118,
            "gross_margin": 8.85,
            "gross_margin_4q_avg": 8.58,
            "net_income": 26721,
            "net_income_4q": null,
            "revenue": 2633013,
            "revenue_4q": null,
            "common_shares": 3188256,
            "book_valuer_per_share": 12.07,
            "book_valuer_per_share_4q_avg": 11.96,
            "equity": 3950911,
            "current_ratio": 202.89,
            "debt_ratio": 47.67,
            "inventory_turnover_ratio": 1.38,
            "account_receivable_turnover_ratio": 2.47,
            "reinvestment_rate": 508.3,
            "research_to_sale_ratio": 0.29,
            "price_fair": 18.2,
            "eps_avg_yearly": 0.52,
            "eps_latest_yearly": 0.52,
            "eps_growth_yearly": 588.34
        },
        "20162": {
            "year_quarter": 20162,
            "year": 2016,
            "quarter": 2,
            "eps": 0.14,
            "eps_growth_year": null,
            "eps_4q": 0.51,
            "eps_4q_growth_year": 58.89,
            "roe": 0.5,
            "roe_4q": 2.48,
            "gross_profit": 261666,
            "gross_margin": 9.76,
            "gross_margin_4q_avg": 9.24,
            "net_income": 19693,
            "net_income_4q": null,
            "revenue": 2680385,
            "revenue_4q": null,
            "common_shares": 3188256,
            "book_valuer_per_share": 11.95,
            "book_valuer_per_share_4q_avg": 11.95,
            "equity": 3889351,
            "current_ratio": 239.04,
            "debt_ratio": 51.84,
            "inventory_turnover_ratio": 1.45,
            "account_receivable_turnover_ratio": 2.39,
            "reinvestment_rate": 506.19,
            "research_to_sale_ratio": 0.37,
            "price_fair": 18.38,
            "eps_avg_yearly": 0.53,
            "eps_latest_yearly": 0.56,
            "eps_growth_yearly": 518.65
        },
        "20163": {
            "year_quarter": 20163,
            "year": 2016,
            "quarter": 3,
            "eps": 0.12,
            "eps_growth_year": 50,
            "eps_4q": 0.55,
            "eps_4q_growth_year": 38.18,
            "roe": 0.16,
            "roe_4q": 2.2600000000000002,
            "gross_profit": 229124,
            "gross_margin": 8.6,
            "gross_margin_4q_avg": 9.13,
            "net_income": 6134,
            "net_income_4q": null,
            "revenue": 2665231,
            "revenue_4q": null,
            "common_shares": 3188256,
            "book_valuer_per_share": 12.06,
            "book_valuer_per_share_4q_avg": 12.01,
            "equity": 3893529,
            "current_ratio": 232.43,
            "debt_ratio": 51.22,
            "inventory_turnover_ratio": 1.49,
            "account_receivable_turnover_ratio": 2.27,
            "reinvestment_rate": 540.57,
            "research_to_sale_ratio": 0.28,
            "price_fair": 17.5,
            "eps_avg_yearly": 0.5,
            "eps_latest_yearly": 0.48,
            "eps_growth_yearly": 419.84
        },
        "20164": {
            "year_quarter": 20164,
            "year": 2016,
            "quarter": 4,
            "eps": 0.11,
            "eps_growth_year": -33.99,
            "eps_4q": 0.49,
            "eps_4q_growth_year": 59.81,
            "roe": 0.13,
            "roe_4q": 1.4700000000000002,
            "gross_profit": 256934,
            "gross_margin": 8.6,
            "gross_margin_4q_avg": 8.95,
            "net_income": 5062,
            "net_income_4q": null,
            "revenue": 2986913,
            "revenue_4q": null,
            "common_shares": 3188256,
            "book_valuer_per_share": 12.09,
            "book_valuer_per_share_4q_avg": 12.04,
            "equity": 3876860,
            "current_ratio": 211.92,
            "debt_ratio": 51.71,
            "inventory_turnover_ratio": 1.88,
            "account_receivable_turnover_ratio": 2.47,
            "reinvestment_rate": 388.34,
            "research_to_sale_ratio": 0.32,
            "price_fair": 17.27,
            "eps_avg_yearly": 0.49,
            "eps_latest_yearly": 0.44,
            "eps_growth_yearly": 369.49
        },
        "20171": {
            "year_quarter": 20171,
            "year": 2017,
            "quarter": 1,
            "eps": 0.11,
            "eps_growth_year": -15.38,
            "eps_4q": 0.48,
            "eps_4q_growth_year": 31.17,
            "roe": 0.07,
            "roe_4q": 0.86,
            "gross_profit": 231522,
            "gross_margin": 8.16,
            "gross_margin_4q_avg": 8.78,
            "net_income": 2862,
            "net_income_4q": null,
            "revenue": 2835806,
            "revenue_4q": null,
            "common_shares": 3188256,
            "book_valuer_per_share": 12.19,
            "book_valuer_per_share_4q_avg": 12.07,
            "equity": 3875155,
            "current_ratio": 186.74,
            "debt_ratio": 52.21,
            "inventory_turnover_ratio": 1.68,
            "account_receivable_turnover_ratio": 2.42,
            "reinvestment_rate": 346.13,
            "research_to_sale_ratio": 0.27,
            "price_fair": 17.08,
            "eps_avg_yearly": 0.49,
            "eps_latest_yearly": 0.44,
            "eps_growth_yearly": 332.54
        },
        "20172": {
            "year_quarter": 20172,
            "year": 2017,
            "quarter": 2,
            "eps": -0.02,
            "eps_growth_year": -114.29,
            "eps_4q": 0.32,
            "eps_4q_growth_year": -37.22,
            "roe": -0.89,
            "roe_4q": -0.53,
            "gross_profit": 159204,
            "gross_margin": 6.35,
            "gross_margin_4q_avg": 7.93,
            "net_income": -34344,
            "net_income_4q": null,
            "revenue": 2508528,
            "revenue_4q": null,
            "common_shares": 3188256,
            "book_valuer_per_share": 11.88,
            "book_valuer_per_share_4q_avg": 12.06,
            "equity": 3854489,
            "current_ratio": 196.64,
            "debt_ratio": 52.87,
            "inventory_turnover_ratio": 1.28,
            "account_receivable_turnover_ratio": 2.37,
            "reinvestment_rate": 347.97,
            "research_to_sale_ratio": 0.33,
            "price_fair": 17.08,
            "eps_avg_yearly": 0.49,
            "eps_latest_yearly": 0.44,
            "eps_growth_yearly": 332.54
        },
        "20173": {
            "year_quarter": 20173,
            "year": 2017,
            "quarter": 3,
            "eps": 0.09,
            "eps_growth_year": -25,
            "eps_4q": 0.29,
            "eps_4q_growth_year": -46,
            "roe": 0.34,
            "roe_4q": -0.35000000000000003,
            "gross_profit": 245012,
            "gross_margin": 9.17,
            "gross_margin_4q_avg": 8.07,
            "net_income": 13120,
            "net_income_4q": null,
            "revenue": 2672024,
            "revenue_4q": null,
            "common_shares": 3220139,
            "book_valuer_per_share": 11.86,
            "book_valuer_per_share_4q_avg": 12.01,
            "equity": 3868607,
            "current_ratio": 180.74,
            "debt_ratio": 53.31,
            "inventory_turnover_ratio": 1.33,
            "account_receivable_turnover_ratio": 2.5,
            "reinvestment_rate": 350.73,
            "research_to_sale_ratio": 0.38,
            "price_fair": 17.08,
            "eps_avg_yearly": 0.49,
            "eps_latest_yearly": 0.44,
            "eps_growth_yearly": 332.54
        },
        "20174": {
            "year_quarter": 20174,
            "year": 2017,
            "quarter": 4,
            "eps": 0.25,
            "eps_growth_year": 130.52,
            "eps_4q": 0.44,
            "eps_4q_growth_year": -10.69,
            "roe": 1.88,
            "roe_4q": 1.3999999999999997,
            "gross_profit": 260722,
            "gross_margin": 9.29,
            "gross_margin_4q_avg": 8.24,
            "net_income": 73345,
            "net_income_4q": null,
            "revenue": 2806430,
            "revenue_4q": null,
            "common_shares": 3220139,
            "book_valuer_per_share": 12.12,
            "book_valuer_per_share_4q_avg": 12.01,
            "equity": 3947659,
            "current_ratio": 197.91,
            "debt_ratio": 53.35,
            "inventory_turnover_ratio": 1.43,
            "account_receivable_turnover_ratio": 2.46,
            "reinvestment_rate": 346.53,
            "research_to_sale_ratio": 0.36,
            "price_fair": 16.96,
            "eps_avg_yearly": 0.5,
            "eps_latest_yearly": 1,
            "eps_growth_yearly": 23.65
        },
        "20181": {
            "year_quarter": 20181,
            "year": 2018,
            "quarter": 1,
            "eps": 0.15,
            "eps_growth_year": 36.36,
            "eps_4q": 0.48,
            "eps_4q_growth_year": -0.22,
            "roe": 1.13,
            "roe_4q": 2.4599999999999995,
            "gross_profit": 268613,
            "gross_margin": 9.32,
            "gross_margin_4q_avg": 8.53,
            "net_income": 44951,
            "net_income_4q": null,
            "revenue": 2880708,
            "revenue_4q": null,
            "common_shares": 3220139,
            "book_valuer_per_share": 12.25,
            "book_valuer_per_share_4q_avg": 12.03,
            "equity": 3984614,
            "current_ratio": 207.64,
            "debt_ratio": 50.35,
            "inventory_turnover_ratio": 1.66,
            "account_receivable_turnover_ratio": 2.49,
            "reinvestment_rate": 356.11,
            "research_to_sale_ratio": 0.31,
            "price_fair": 15.74,
            "eps_avg_yearly": 0.51,
            "eps_latest_yearly": 0.6,
            "eps_growth_yearly": 20.98
        },
        "20182": {
            "year_quarter": 20182,
            "year": 2018,
            "quarter": 2,
            "eps": 0.11,
            "eps_growth_year": null,
            "eps_4q": 0.6,
            "eps_4q_growth_year": 87.82,
            "roe": 0.39,
            "roe_4q": 3.7399999999999998,
            "gross_profit": 238101,
            "gross_margin": 8.02,
            "gross_margin_4q_avg": 8.95,
            "net_income": 15508,
            "net_income_4q": null,
            "revenue": 2969625,
            "revenue_4q": null,
            "common_shares": 3220139,
            "book_valuer_per_share": 12.06,
            "book_valuer_per_share_4q_avg": 12.07,
            "equity": 3903476,
            "current_ratio": 178.06,
            "debt_ratio": 53.73,
            "inventory_turnover_ratio": 1.91,
            "account_receivable_turnover_ratio": 2.54,
            "reinvestment_rate": 354.19,
            "research_to_sale_ratio": 0.35,
            "price_fair": 18.9,
            "eps_avg_yearly": 0.54,
            "eps_latest_yearly": 0.44,
            "eps_growth_yearly": 41.74
        },
        "20183": {
            "year_quarter": 20183,
            "year": 2018,
            "quarter": 3,
            "eps": -0.34,
            "eps_growth_year": -477.78,
            "eps_4q": 0.17,
            "eps_4q_growth_year": -43.15,
            "roe": -3.87,
            "roe_4q": -0.4700000000000002,
            "gross_profit": 88870,
            "gross_margin": 3.1,
            "gross_margin_4q_avg": 7.43,
            "net_income": -148142,
            "net_income_4q": null,
            "revenue": 2863513,
            "revenue_4q": null,
            "common_shares": 3220139,
            "book_valuer_per_share": 11.71,
            "book_valuer_per_share_4q_avg": 12.04,
            "equity": 3753443,
            "current_ratio": 158.75,
            "debt_ratio": 56.19,
            "inventory_turnover_ratio": 1.73,
            "account_receivable_turnover_ratio": 2.35,
            "reinvestment_rate": 383.4,
            "research_to_sale_ratio": 0.39,
            "price_fair": 18.9,
            "eps_avg_yearly": 0.54,
            "eps_latest_yearly": 0.44,
            "eps_growth_yearly": 41.74
        },
        "20184": {
            "year_quarter": 20184,
            "year": 2018,
            "quarter": 4,
            "eps": 0.05,
            "eps_growth_year": -80.89,
            "eps_4q": -0.03,
            "eps_4q_growth_year": -107.98,
            "roe": -0.21,
            "roe_4q": -2.56,
            "gross_profit": 194488,
            "gross_margin": 6.49,
            "gross_margin_4q_avg": 6.73,
            "net_income": -7940,
            "net_income_4q": null,
            "revenue": 2996138,
            "revenue_4q": null,
            "common_shares": 3220139,
            "book_valuer_per_share": 11.76,
            "book_valuer_per_share_4q_avg": 11.95,
            "equity": 3816632,
            "current_ratio": 170.13,
            "debt_ratio": 55.18,
            "inventory_turnover_ratio": 1.82,
            "account_receivable_turnover_ratio": 2.37,
            "reinvestment_rate": 445.74,
            "research_to_sale_ratio": 0.37,
            "price_fair": 18.9,
            "eps_avg_yearly": 0.54,
            "eps_latest_yearly": 0.44,
            "eps_growth_yearly": 41.74
        },
        "20191": {
            "year_quarter": 20191,
            "year": 2019,
            "quarter": 1,
            "eps": 0.1,
            "eps_growth_year": -33.33,
            "eps_4q": -0.08,
            "eps_4q_growth_year": -117.77,
            "roe": 0.39,
            "roe_4q": -3.3,
            "gross_profit": 263446,
            "gross_margin": 8.88,
            "gross_margin_4q_avg": 6.62,
            "net_income": 15063,
            "net_income_4q": null,
            "revenue": 2966586,
            "revenue_4q": null,
            "common_shares": 3220139,
            "book_valuer_per_share": 11.86,
            "book_valuer_per_share_4q_avg": 11.85,
            "equity": 3832796,
            "current_ratio": 162.72,
            "debt_ratio": 54.51,
            "inventory_turnover_ratio": 1.89,
            "account_receivable_turnover_ratio": 2.35,
            "reinvestment_rate": 390.98,
            "research_to_sale_ratio": 0.32,
            "price_fair": 19.32,
            "eps_avg_yearly": 0.55,
            "eps_latest_yearly": 0.4,
            "eps_growth_yearly": 110.97
        },
        "20192": {
            "year_quarter": 20192,
            "year": 2019,
            "quarter": 2,
            "eps": 0.04,
            "eps_growth_year": -63.64,
            "eps_4q": -0.16,
            "eps_4q_growth_year": -125.92,
            "roe": -0.21,
            "roe_4q": -3.9,
            "gross_profit": 230130,
            "gross_margin": 7.64,
            "gross_margin_4q_avg": 6.53,
            "net_income": -8042,
            "net_income_4q": null,
            "revenue": 3012203,
            "revenue_4q": null,
            "common_shares": 3220139,
            "book_valuer_per_share": 11.73,
            "book_valuer_per_share_4q_avg": 11.77,
            "equity": 3829128,
            "current_ratio": 148.04,
            "debt_ratio": 56.94,
            "inventory_turnover_ratio": 1.73,
            "account_receivable_turnover_ratio": 2.41,
            "reinvestment_rate": 322.71,
            "research_to_sale_ratio": 0.28,
            "price_fair": 18.07,
            "eps_avg_yearly": 0.52,
            "eps_latest_yearly": 0.16,
            "eps_growth_yearly": 79.07
        },
        "20193": {
            "year_quarter": 20193,
            "year": 2019,
            "quarter": 3,
            "eps": 0.09,
            "eps_growth_year": null,
            "eps_4q": 0.27,
            "eps_4q_growth_year": 63.18,
            "roe": 0.32,
            "roe_4q": 0.29000000000000004,
            "gross_profit": 256905,
            "gross_margin": 8.38,
            "gross_margin_4q_avg": 7.85,
            "net_income": 12387,
            "net_income_4q": null,
            "revenue": 3065634,
            "revenue_4q": null,
            "common_shares": 3220139,
            "book_valuer_per_share": 11.81,
            "book_valuer_per_share_4q_avg": 11.79,
            "equity": 3839914,
            "current_ratio": 165.96,
            "debt_ratio": 56.67,
            "inventory_turnover_ratio": 1.63,
            "account_receivable_turnover_ratio": 2.4,
            "reinvestment_rate": 277.86,
            "research_to_sale_ratio": 0.33,
            "price_fair": 17.62,
            "eps_avg_yearly": 0.5,
            "eps_latest_yearly": 0.36,
            "eps_growth_yearly": 114.14
        },
        "20194": {
            "year_quarter": 20194,
            "year": 2019,
            "quarter": 4,
            "eps": 0.41,
            "eps_growth_year": 748.64,
            "eps_4q": 0.63,
            "eps_4q_growth_year": null,
            "roe": 3.13,
            "roe_4q": 3.63,
            "gross_profit": 245445,
            "gross_margin": 7.63,
            "gross_margin_4q_avg": 8.13,
            "net_income": 121971,
            "net_income_4q": null,
            "revenue": 3214831,
            "revenue_4q": null,
            "common_shares": 3220139,
            "book_valuer_per_share": 12.21,
            "book_valuer_per_share_4q_avg": 11.9,
            "equity": 3959291,
            "current_ratio": 164.58,
            "debt_ratio": 55.7,
            "inventory_turnover_ratio": 1.67,
            "account_receivable_turnover_ratio": 2.46,
            "reinvestment_rate": 146.31,
            "research_to_sale_ratio": 0.36,
            "price_fair": 20.53,
            "eps_avg_yearly": 0.59,
            "eps_latest_yearly": 1.64,
            "eps_growth_yearly": 199.33
        },
        "20201": {
            "year_quarter": 20201,
            "year": 2020,
            "quarter": 1,
            "eps": 0.83,
            "eps_growth_year": 730,
            "eps_4q": 1.36,
            "eps_4q_growth_year": null,
            "roe": 6.07,
            "roe_4q": 9.309999999999999,
            "gross_profit": 273980,
            "gross_margin": 9.17,
            "gross_margin_4q_avg": 8.21,
            "net_income": 247965,
            "net_income_4q": null,
            "revenue": 2988617,
            "revenue_4q": null,
            "common_shares": 3220139,
            "book_valuer_per_share": 13.03,
            "book_valuer_per_share_4q_avg": 12.2,
            "equity": 4206044,
            "current_ratio": 186.65,
            "debt_ratio": 52.02,
            "inventory_turnover_ratio": 1.63,
            "account_receivable_turnover_ratio": 2.32,
            "reinvestment_rate": 78.56,
            "research_to_sale_ratio": 0.29,
            "price_fair": 28.7,
            "eps_avg_yearly": 0.82,
            "eps_latest_yearly": 3.32,
            "eps_growth_yearly": 239.73
        },
        "20202": {
            "year_quarter": 20202,
            "year": 2020,
            "quarter": 2,
            "eps": 0.23,
            "eps_growth_year": 475,
            "eps_4q": 1.56,
            "eps_4q_growth_year": null,
            "roe": 1.48,
            "roe_4q": 11,
            "gross_profit": 300989,
            "gross_margin": 10.31,
            "gross_margin_4q_avg": 8.87,
            "net_income": 62181,
            "net_income_4q": null,
            "revenue": 2919411,
            "revenue_4q": null,
            "common_shares": 3220139,
            "book_valuer_per_share": 12.86,
            "book_valuer_per_share_4q_avg": 12.48,
            "equity": 4184194,
            "current_ratio": 184.99,
            "debt_ratio": 51.92,
            "inventory_turnover_ratio": 1.66,
            "account_receivable_turnover_ratio": 2.32,
            "reinvestment_rate": 52.92,
            "research_to_sale_ratio": 0.29,
            "price_fair": 29.75,
            "eps_avg_yearly": 0.85,
            "eps_latest_yearly": 0.92,
            "eps_growth_yearly": 213.07
        },
        "20203": {
            "year_quarter": 20203,
            "year": 2020,
            "quarter": 3,
            "eps": 0.41,
            "eps_growth_year": 355.56,
            "eps_4q": 1.88,
            "eps_4q_growth_year": 589.79,
            "roe": 3.03,
            "roe_4q": 13.71,
            "gross_profit": 392680,
            "gross_margin": 12.87,
            "gross_margin_4q_avg": 10,
            "net_income": 128883,
            "net_income_4q": null,
            "revenue": 3052020,
            "revenue_4q": null,
            "common_shares": 3220139,
            "book_valuer_per_share": 13.28,
            "book_valuer_per_share_4q_avg": 12.85,
            "equity": 4315277,
            "current_ratio": 211.28,
            "debt_ratio": 49.66,
            "inventory_turnover_ratio": 1.59,
            "account_receivable_turnover_ratio": 2.33,
            "reinvestment_rate": 43.09,
            "research_to_sale_ratio": 0.28,
            "price_fair": 33.13,
            "eps_avg_yearly": 0.95,
            "eps_latest_yearly": 1.64,
            "eps_growth_yearly": 243.91
        },
        "20204": {
            "year_quarter": 20204,
            "year": 2020,
            "quarter": 4,
            "eps": 0.43,
            "eps_growth_year": 7.27,
            "eps_4q": 1.91,
            "eps_4q_growth_year": 203.26,
            "roe": 2.88,
            "roe_4q": 13.46,
            "gross_profit": 390353,
            "gross_margin": 11.6,
            "gross_margin_4q_avg": 10.99,
            "net_income": 126204,
            "net_income_4q": null,
            "revenue": 3364117,
            "revenue_4q": null,
            "common_shares": 3220139,
            "book_valuer_per_share": 13.72,
            "book_valuer_per_share_4q_avg": 13.22,
            "equity": 4443414,
            "current_ratio": 206.63,
            "debt_ratio": 48.03,
            "inventory_turnover_ratio": 1.86,
            "account_receivable_turnover_ratio": 2.46,
            "reinvestment_rate": 31.35,
            "research_to_sale_ratio": 0.3,
            "price_fair": 36.87,
            "eps_avg_yearly": 1.05,
            "eps_latest_yearly": 1.72,
            "eps_growth_yearly": 248.32
        },
        "20211": {
            "year_quarter": 20211,
            "year": 2021,
            "quarter": 1,
            "eps": 0.73,
            "eps_growth_year": -12.05,
            "eps_4q": 1.81,
            "eps_4q_growth_year": 33.51,
            "roe": 4.96,
            "roe_4q": 12.35,
            "gross_profit": 513206,
            "gross_margin": 13.79,
            "gross_margin_4q_avg": 12.14,
            "net_income": 227993,
            "net_income_4q": null,
            "revenue": 3720354,
            "revenue_4q": null,
            "common_shares": 3220139,
            "book_valuer_per_share": 14.45,
            "book_valuer_per_share_4q_avg": 13.58,
            "equity": 4744328,
            "current_ratio": 251.6,
            "debt_ratio": 45.23,
            "inventory_turnover_ratio": 2.05,
            "account_receivable_turnover_ratio": 2.54,
            "reinvestment_rate": 17.96,
            "research_to_sale_ratio": 0.24,
            "price_fair": 44.1,
            "eps_avg_yearly": 1.26,
            "eps_latest_yearly": 2.92,
            "eps_growth_yearly": 271.57
        },
        "20212": {
            "year_quarter": 20212,
            "year": 2021,
            "quarter": 2,
            "eps": 0.15,
            "eps_growth_year": -34.78,
            "eps_4q": 1.73,
            "eps_4q_growth_year": 10.94,
            "roe": 0.75,
            "roe_4q": 11.62,
            "gross_profit": 302274,
            "gross_margin": 8.78,
            "gross_margin_4q_avg": 11.76,
            "net_income": 35535,
            "net_income_4q": null,
            "revenue": 3442221,
            "revenue_4q": null,
            "common_shares": 3220139,
            "book_valuer_per_share": 14.59,
            "book_valuer_per_share_4q_avg": 14.01,
            "equity": 4777739,
            "current_ratio": 198.45,
            "debt_ratio": 49.54,
            "inventory_turnover_ratio": 1.46,
            "account_receivable_turnover_ratio": 2.28,
            "reinvestment_rate": 13.26,
            "research_to_sale_ratio": 0.24,
            "price_fair": 42.32,
            "eps_avg_yearly": 1.21,
            "eps_latest_yearly": 0.6,
            "eps_growth_yearly": 226.24
        },
        "20213": {
            "year_quarter": 20213,
            "year": 2021,
            "quarter": 3,
            "eps": -0.09,
            "eps_growth_year": -121.95,
            "eps_4q": 1.23,
            "eps_4q_growth_year": -34.89,
            "roe": -0.82,
            "roe_4q": 7.77,
            "gross_profit": 216840,
            "gross_margin": 6.04,
            "gross_margin_4q_avg": 10.05,
            "net_income": -37796,
            "net_income_4q": null,
            "revenue": 3589843,
            "revenue_4q": null,
            "common_shares": 3220139,
            "book_valuer_per_share": 13.5,
            "book_valuer_per_share_4q_avg": 14.07,
            "equity": 4417906,
            "current_ratio": 200.16,
            "debt_ratio": 50.9,
            "inventory_turnover_ratio": 1.47,
            "account_receivable_turnover_ratio": 2.33,
            "reinvestment_rate": -2.64,
            "research_to_sale_ratio": 0.25,
            "price_fair": 42.32,
            "eps_avg_yearly": 1.21,
            "eps_latest_yearly": 0.6,
            "eps_growth_yearly": 226.24
        },
        "20214": {
            "year_quarter": 20214,
            "year": 2021,
            "quarter": 4,
            "eps": 0.21,
            "eps_growth_year": -51.25,
            "eps_4q": 1,
            "eps_4q_growth_year": -47.53,
            "roe": 1.25,
            "roe_4q": 6.140000000000001,
            "gross_profit": 328728,
            "gross_margin": 8.16,
            "gross_margin_4q_avg": 9.19,
            "net_income": 55624,
            "net_income_4q": null,
            "revenue": 4026364,
            "revenue_4q": null,
            "common_shares": 3220139,
            "book_valuer_per_share": 13.72,
            "book_valuer_per_share_4q_avg": 14.07,
            "equity": 4474177,
            "current_ratio": 184.84,
            "debt_ratio": 51.1,
            "inventory_turnover_ratio": 1.94,
            "account_receivable_turnover_ratio": 2.34,
            "reinvestment_rate": -11.65,
            "research_to_sale_ratio": 0.24,
            "price_fair": 42.93,
            "eps_avg_yearly": 1.23,
            "eps_latest_yearly": 0.6,
            "eps_growth_yearly": 185.83
        },
        "20221": {
            "year_quarter": 20221,
            "year": 2022,
            "quarter": 1,
            "eps": 0.63,
            "eps_growth_year": -13.7,
            "eps_4q": 0.9,
            "eps_4q_growth_year": -50.4,
            "roe": 4.23,
            "roe_4q": 5.41,
            "gross_profit": 531200,
            "gross_margin": 12.58,
            "gross_margin_4q_avg": 8.89,
            "net_income": 193331,
            "net_income_4q": null,
            "revenue": 4222653,
            "revenue_4q": null,
            "common_shares": 3220139,
            "book_valuer_per_share": 14.36,
            "book_valuer_per_share_4q_avg": 14.04,
            "equity": 4671758,
            "current_ratio": 189.64,
            "debt_ratio": 49.01,
            "inventory_turnover_ratio": 1.94,
            "account_receivable_turnover_ratio": 2.31,
            "reinvestment_rate": -17.04,
            "research_to_sale_ratio": 0.34,
            "price_fair": 48.53,
            "eps_avg_yearly": 1.39,
            "eps_latest_yearly": 2.52,
            "eps_growth_yearly": 265.83
        },
        "20222": {
            "year_quarter": 20222,
            "year": 2022,
            "quarter": 2,
            "eps": 0.42,
            "eps_growth_year": 180,
            "eps_4q": 1.17,
            "eps_4q_growth_year": -32.17,
            "roe": 2.93,
            "roe_4q": 7.59,
            "gross_profit": 424891,
            "gross_margin": 9.96,
            "gross_margin_4q_avg": 9.19,
            "net_income": 133710,
            "net_income_4q": null,
            "revenue": 4265712,
            "revenue_4q": null,
            "common_shares": 3220139,
            "book_valuer_per_share": 13.67,
            "book_valuer_per_share_4q_avg": 13.81,
            "equity": 4449824,
            "current_ratio": 152.37,
            "debt_ratio": 56.61,
            "inventory_turnover_ratio": 1.62,
            "account_receivable_turnover_ratio": 2.31,
            "reinvestment_rate": -19.95,
            "research_to_sale_ratio": 0.33,
            "price_fair": 52.15,
            "eps_avg_yearly": 1.49,
            "eps_latest_yearly": 1.68,
            "eps_growth_yearly": 263.61
        },
        "20223": {
            "year_quarter": 20223,
            "year": 2022,
            "quarter": 3,
            "eps": -0.1,
            "eps_growth_year": null,
            "eps_4q": 1.16,
            "eps_4q_growth_year": -5.48,
            "roe": -0.78,
            "roe_4q": 7.630000000000001,
            "gross_profit": 212912,
            "gross_margin": 5.12,
            "gross_margin_4q_avg": 8.96,
            "net_income": -34651,
            "net_income_4q": null,
            "revenue": 4161683,
            "revenue_4q": null,
            "common_shares": 3220139,
            "book_valuer_per_share": 13.57,
            "book_valuer_per_share_4q_avg": 13.83,
            "equity": 4416637,
            "current_ratio": 156.4,
            "debt_ratio": 57.37,
            "inventory_turnover_ratio": 1.36,
            "account_receivable_turnover_ratio": 2.21,
            "reinvestment_rate": -18.08,
            "research_to_sale_ratio": 0.33,
            "price_fair": 52.15,
            "eps_avg_yearly": 1.49,
            "eps_latest_yearly": 1.68,
            "eps_growth_yearly": 263.61
        },
        "20224": {
            "year_quarter": 20224,
            "year": 2022,
            "quarter": 4,
            "eps": 0.05,
            "eps_growth_year": -74.74,
            "eps_4q": 1,
            "eps_4q_growth_year": -0.27,
            "roe": 0.3,
            "roe_4q": 6.680000000000001,
            "gross_profit": 286024,
            "gross_margin": 6.58,
            "gross_margin_4q_avg": 8.56,
            "net_income": 13143,
            "net_income_4q": null,
            "revenue": 4349360,
            "revenue_4q": null,
            "common_shares": 3220139,
            "book_valuer_per_share": 13.63,
            "book_valuer_per_share_4q_avg": 13.81,
            "equity": 4433806,
            "current_ratio": 149.43,
            "debt_ratio": 56.85,
            "inventory_turnover_ratio": 1.47,
            "account_receivable_turnover_ratio": 2.25,
            "reinvestment_rate": -18.04,
            "research_to_sale_ratio": 0.32,
            "price_fair": 52.15,
            "eps_avg_yearly": 1.49,
            "eps_latest_yearly": 1.68,
            "eps_growth_yearly": 263.61
        },
        "20231": {
            "year_quarter": 20231,
            "year": 2023,
            "quarter": 1,
            "eps": 0.19,
            "eps_growth_year": -69.84,
            "eps_4q": 0.57,
            "eps_4q_growth_year": -37.18,
            "roe": 1.42,
            "roe_4q": 3.87,
            "gross_profit": 373645,
            "gross_margin": 8.8,
            "gross_margin_4q_avg": 7.62,
            "net_income": 63598,
            "net_income_4q": null,
            "revenue": 4245125,
            "revenue_4q": null,
            "common_shares": 3220139,
            "book_valuer_per_share": 13.83,
            "book_valuer_per_share_4q_avg": 13.68,
            "equity": 4498073,
            "current_ratio": 159.74,
            "debt_ratio": 52.58,
            "inventory_turnover_ratio": 1.6,
            "account_receivable_turnover_ratio": 2.3,
            "reinvestment_rate": -16.8,
            "research_to_sale_ratio": 0.3,
            "price_fair": 53.2,
            "eps_avg_yearly": 1.52,
            "eps_latest_yearly": 0.76,
            "eps_growth_yearly": 323.61
        },
        "20232": {
            "year_quarter": 20232,
            "year": 2023,
            "quarter": 2,
            "eps": 0.23,
            "eps_growth_year": -45.24,
            "eps_4q": 0.37,
            "eps_4q_growth_year": -68.26,
            "roe": 2.05,
            "roe_4q": 2.9899999999999993,
            "gross_profit": 330228,
            "gross_margin": 8.12,
            "gross_margin_4q_avg": 7.16,
            "net_income": 91328,
            "net_income_4q": null,
            "revenue": 4065809,
            "revenue_4q": null,
            "common_shares": 3220139,
            "book_valuer_per_share": 13.55,
            "book_valuer_per_share_4q_avg": 13.65,
            "equity": 4424288,
            "current_ratio": 145.77,
            "debt_ratio": 55.2,
            "inventory_turnover_ratio": 1.57,
            "account_receivable_turnover_ratio": 2.45,
            "reinvestment_rate": -13.04,
            "research_to_sale_ratio": 0.31,
            "price_fair": 55.42,
            "eps_avg_yearly": 1.58,
            "eps_latest_yearly": 0.92,
            "eps_growth_yearly": 350.63
        },
        "20233": {
            "year_quarter": 20233,
            "year": 2023,
            "quarter": 3,
            "eps": 0.29,
            "eps_growth_year": null,
            "eps_4q": 0.75,
            "eps_4q_growth_year": -34.97,
            "roe": 2.25,
            "roe_4q": 6.02,
            "gross_profit": 407406,
            "gross_margin": 10.01,
            "gross_margin_4q_avg": 8.38,
            "net_income": 100738,
            "net_income_4q": null,
            "revenue": 4070038,
            "revenue_4q": null,
            "common_shares": 3316634,
            "book_valuer_per_share": 13.45,
            "book_valuer_per_share_4q_avg": 13.62,
            "equity": 4528676,
            "current_ratio": 165.55,
            "debt_ratio": 53.97,
            "inventory_turnover_ratio": 1.48,
            "account_receivable_turnover_ratio": 2.4,
            "reinvestment_rate": -17.42,
            "research_to_sale_ratio": 0.25,
            "price_fair": 57.75,
            "eps_avg_yearly": 1.65,
            "eps_latest_yearly": 1.16,
            "eps_growth_yearly": 317.66
        }
    },
    "months": {
        "2001-06": {
            "month": "2001-06",
            "price": "4.60",
            "revenue": 342325
        },
        "2001-07": {
            "month": "2001-07",
            "price": "4.37",
            "revenue": 361253
        },
        "2001-08": {
            "month": "2001-08",
            "price": "4.48",
            "revenue": 333806
        },
        "2001-09": {
            "month": "2001-09",
            "price": "4.43",
            "revenue": 310143
        },
        "2001-10": {
            "month": "2001-10",
            "price": "4.40",
            "revenue": 325877
        },
        "2001-11": {
            "month": "2001-11",
            "price": "4.51",
            "revenue": 329826
        },
        "2001-12": {
            "month": "2001-12",
            "price": "4.63",
            "revenue": 320705
        },
        "2002-01": {
            "month": "2002-01",
            "price": "4.53",
            "revenue": 340364
        },
        "2002-02": {
            "month": "2002-02",
            "price": "4.87",
            "revenue": 290447
        },
        "2002-03": {
            "month": "2002-03",
            "price": "5.15",
            "revenue": 332577
        },
        "2002-04": {
            "month": "2002-04",
            "price": "5.59",
            "revenue": 325477
        },
        "2002-05": {
            "month": "2002-05",
            "price": "5.32",
            "revenue": 350373
        },
        "2002-06": {
            "month": "2002-06",
            "price": "5.40",
            "revenue": 317951
        },
        "2002-07": {
            "month": "2002-07",
            "price": "5.12",
            "revenue": 340868
        },
        "2002-08": {
            "month": "2002-08",
            "price": "4.83",
            "revenue": 392009
        },
        "2002-09": {
            "month": "2002-09",
            "price": "4.40",
            "revenue": 334200
        },
        "2002-10": {
            "month": "2002-10",
            "price": "4.28",
            "revenue": 370351
        },
        "2002-11": {
            "month": "2002-11",
            "price": "4.56",
            "revenue": 368728
        },
        "2002-12": {
            "month": "2002-12",
            "price": "4.86",
            "revenue": 387145
        },
        "2003-01": {
            "month": "2003-01",
            "price": "5.72",
            "revenue": 456857
        },
        "2003-02": {
            "month": "2003-02",
            "price": "5.30",
            "revenue": 350408
        },
        "2003-03": {
            "month": "2003-03",
            "price": "4.95",
            "revenue": 449289
        },
        "2003-04": {
            "month": "2003-04",
            "price": "4.92",
            "revenue": 412117
        },
        "2003-05": {
            "month": "2003-05",
            "price": "4.70",
            "revenue": 416287
        },
        "2003-06": {
            "month": "2003-06",
            "price": "5.18",
            "revenue": 386349
        },
        "2003-07": {
            "month": "2003-07",
            "price": "5.26",
            "revenue": 404105
        },
        "2003-08": {
            "month": "2003-08",
            "price": "5.10",
            "revenue": 422544
        },
        "2003-09": {
            "month": "2003-09",
            "price": "4.92",
            "revenue": 442408
        },
        "2003-10": {
            "month": "2003-10",
            "price": "5.17",
            "revenue": 492668
        },
        "2003-11": {
            "month": "2003-11",
            "price": "5.45",
            "revenue": 433303
        },
        "2003-12": {
            "month": "2003-12",
            "price": "5.29",
            "revenue": 502865
        },
        "2004-01": {
            "month": "2004-01",
            "price": "5.71",
            "revenue": 447902
        },
        "2004-02": {
            "month": "2004-02",
            "price": "7.89",
            "revenue": 454454
        },
        "2004-03": {
            "month": "2004-03",
            "price": "8.47",
            "revenue": 527864
        },
        "2004-04": {
            "month": "2004-04",
            "price": "8.33",
            "revenue": 491558
        },
        "2004-05": {
            "month": "2004-05",
            "price": "6.86",
            "revenue": 422589
        },
        "2004-06": {
            "month": "2004-06",
            "price": "6.53",
            "revenue": 430144
        },
        "2004-07": {
            "month": "2004-07",
            "price": "6.17",
            "revenue": 445541
        },
        "2004-08": {
            "month": "2004-08",
            "price": "5.97",
            "revenue": 470062
        },
        "2004-09": {
            "month": "2004-09",
            "price": "6.11",
            "revenue": 471737
        },
        "2004-10": {
            "month": "2004-10",
            "price": "5.99",
            "revenue": 475055
        },
        "2004-11": {
            "month": "2004-11",
            "price": "5.75",
            "revenue": 466530
        },
        "2004-12": {
            "month": "2004-12",
            "price": "5.72",
            "revenue": 481057
        },
        "2005-01": {
            "month": "2005-01",
            "price": "6.08",
            "revenue": 496881
        },
        "2005-02": {
            "month": "2005-02",
            "price": "5.82",
            "revenue": 390734
        },
        "2005-03": {
            "month": "2005-03",
            "price": "5.86",
            "revenue": 460696
        },
        "2005-04": {
            "month": "2005-04",
            "price": "5.28",
            "revenue": 445699
        },
        "2005-05": {
            "month": "2005-05",
            "price": "5.11",
            "revenue": 421646
        },
        "2005-06": {
            "month": "2005-06",
            "price": "5.46",
            "revenue": 438140
        },
        "2005-07": {
            "month": "2005-07",
            "price": "5.36",
            "revenue": 443726
        },
        "2005-08": {
            "month": "2005-08",
            "price": "5.12",
            "revenue": 501341
        },
        "2005-09": {
            "month": "2005-09",
            "price": "5.10",
            "revenue": 461311
        },
        "2005-10": {
            "month": "2005-10",
            "price": "4.84",
            "revenue": 457129
        },
        "2005-11": {
            "month": "2005-11",
            "price": "4.66",
            "revenue": 447434
        },
        "2005-12": {
            "month": "2005-12",
            "price": "4.74",
            "revenue": 495496
        },
        "2006-01": {
            "month": "2006-01",
            "price": "4.93",
            "revenue": 459925
        },
        "2006-02": {
            "month": "2006-02",
            "price": "4.89",
            "revenue": 387361
        },
        "2006-03": {
            "month": "2006-03",
            "price": "4.77",
            "revenue": 452864
        },
        "2006-04": {
            "month": "2006-04",
            "price": "4.97",
            "revenue": 420106
        },
        "2006-05": {
            "month": "2006-05",
            "price": "5.69",
            "revenue": 419197
        },
        "2006-06": {
            "month": "2006-06",
            "price": "4.98",
            "revenue": 447482
        },
        "2006-07": {
            "month": "2006-07",
            "price": "4.83",
            "revenue": 456125
        },
        "2006-08": {
            "month": "2006-08",
            "price": "5.02",
            "revenue": 479473
        },
        "2006-09": {
            "month": "2006-09",
            "price": "5.03",
            "revenue": 483099
        },
        "2006-10": {
            "month": "2006-10",
            "price": "5.70",
            "revenue": 522150
        },
        "2006-11": {
            "month": "2006-11",
            "price": "6.42",
            "revenue": 528511
        },
        "2006-12": {
            "month": "2006-12",
            "price": "8.20",
            "revenue": 519392
        },
        "2007-01": {
            "month": "2007-01",
            "price": "8.50",
            "revenue": 551502
        },
        "2007-02": {
            "month": "2007-02",
            "price": "8.84",
            "revenue": 447937
        },
        "2007-03": {
            "month": "2007-03",
            "price": "8.43",
            "revenue": 552589
        },
        "2007-04": {
            "month": "2007-04",
            "price": "9.07",
            "revenue": 517336
        },
        "2007-05": {
            "month": "2007-05",
            "price": "8.85",
            "revenue": 599814
        },
        "2007-06": {
            "month": "2007-06",
            "price": "9.22",
            "revenue": 593999
        },
        "2007-07": {
            "month": "2007-07",
            "price": "13.27",
            "revenue": 631045
        },
        "2007-08": {
            "month": "2007-08",
            "price": "11.83",
            "revenue": 691160
        },
        "2007-09": {
            "month": "2007-09",
            "price": "12.18",
            "revenue": 650151
        },
        "2007-10": {
            "month": "2007-10",
            "price": "12.44",
            "revenue": 737420
        },
        "2007-11": {
            "month": "2007-11",
            "price": "10.69",
            "revenue": 829660
        },
        "2007-12": {
            "month": "2007-12",
            "price": "9.73",
            "revenue": 818334
        },
        "2008-01": {
            "month": "2008-01",
            "price": "9.95",
            "revenue": 875312
        },
        "2008-02": {
            "month": "2008-02",
            "price": "11.40",
            "revenue": 733111
        },
        "2008-03": {
            "month": "2008-03",
            "price": "13.25",
            "revenue": 805825
        },
        "2008-04": {
            "month": "2008-04",
            "price": "15.38",
            "revenue": 788675
        },
        "2008-05": {
            "month": "2008-05",
            "price": "18.00",
            "revenue": 785042
        },
        "2008-06": {
            "month": "2008-06",
            "price": "16.43",
            "revenue": 794982
        },
        "2008-07": {
            "month": "2008-07",
            "price": "13.76",
            "revenue": 826760
        },
        "2008-08": {
            "month": "2008-08",
            "price": "10.50",
            "revenue": 778484
        },
        "2008-09": {
            "month": "2008-09",
            "price": "7.91",
            "revenue": 806685
        },
        "2008-10": {
            "month": "2008-10",
            "price": "7.13",
            "revenue": 877044
        },
        "2008-11": {
            "month": "2008-11",
            "price": "6.80",
            "revenue": 731319
        },
        "2008-12": {
            "month": "2008-12",
            "price": "7.63",
            "revenue": 811921
        },
        "2009-01": {
            "month": "2009-01",
            "price": "7.39",
            "revenue": 727702
        },
        "2009-02": {
            "month": "2009-02",
            "price": "7.11",
            "revenue": 714345
        },
        "2009-03": {
            "month": "2009-03",
            "price": "7.46",
            "revenue": 805165
        },
        "2009-04": {
            "month": "2009-04",
            "price": "9.08",
            "revenue": 742181
        },
        "2009-05": {
            "month": "2009-05",
            "price": "9.64",
            "revenue": 821044
        },
        "2009-06": {
            "month": "2009-06",
            "price": "11.30",
            "revenue": 751814
        },
        "2009-07": {
            "month": "2009-07",
            "price": "11.37",
            "revenue": 718608
        },
        "2009-08": {
            "month": "2009-08",
            "price": "11.02",
            "revenue": 775230
        },
        "2009-09": {
            "month": "2009-09",
            "price": "11.58",
            "revenue": 710939
        },
        "2009-10": {
            "month": "2009-10",
            "price": "12.03",
            "revenue": 797405
        },
        "2009-11": {
            "month": "2009-11",
            "price": "12.39",
            "revenue": 806767
        },
        "2009-12": {
            "month": "2009-12",
            "price": "12.75",
            "revenue": 860649
        },
        "2010-01": {
            "month": "2010-01",
            "price": "13.16",
            "revenue": 731886
        },
        "2010-02": {
            "month": "2010-02",
            "price": "11.25",
            "revenue": 638380
        },
        "2010-03": {
            "month": "2010-03",
            "price": "12.12",
            "revenue": 725011
        },
        "2010-04": {
            "month": "2010-04",
            "price": "12.49",
            "revenue": 703953
        },
        "2010-05": {
            "month": "2010-05",
            "price": "11.53",
            "revenue": 686146
        },
        "2010-06": {
            "month": "2010-06",
            "price": "12.16",
            "revenue": 723683
        },
        "2010-07": {
            "month": "2010-07",
            "price": "12.90",
            "revenue": 794728
        },
        "2010-08": {
            "month": "2010-08",
            "price": "14.16",
            "revenue": 800517
        },
        "2010-09": {
            "month": "2010-09",
            "price": "13.22",
            "revenue": 793607
        },
        "2010-10": {
            "month": "2010-10",
            "price": "14.31",
            "revenue": 772320
        },
        "2010-11": {
            "month": "2010-11",
            "price": "14.27",
            "revenue": 843109
        },
        "2010-12": {
            "month": "2010-12",
            "price": "14.38",
            "revenue": 788906
        },
        "2011-01": {
            "month": "2011-01",
            "price": "14.78",
            "revenue": 783323
        },
        "2011-02": {
            "month": "2011-02",
            "price": "14.73",
            "revenue": 673246
        },
        "2011-03": {
            "month": "2011-03",
            "price": "14.55",
            "revenue": 838672
        },
        "2011-04": {
            "month": "2011-04",
            "price": "15.40",
            "revenue": 771072
        },
        "2011-05": {
            "month": "2011-05",
            "price": "15.99",
            "revenue": 774530
        },
        "2011-06": {
            "month": "2011-06",
            "price": "15.72",
            "revenue": 803544
        },
        "2011-07": {
            "month": "2011-07",
            "price": "16.00",
            "revenue": 907913
        },
        "2011-08": {
            "month": "2011-08",
            "price": "15.97",
            "revenue": 913024
        },
        "2011-09": {
            "month": "2011-09",
            "price": "16.79",
            "revenue": 983079
        },
        "2011-10": {
            "month": "2011-10",
            "price": "16.62",
            "revenue": 943133
        },
        "2011-11": {
            "month": "2011-11",
            "price": "16.77",
            "revenue": 905288
        },
        "2011-12": {
            "month": "2011-12",
            "price": "15.98",
            "revenue": 922393
        },
        "2012-01": {
            "month": "2012-01",
            "price": "15.81",
            "revenue": 777964
        },
        "2012-02": {
            "month": "2012-02",
            "price": "16.21",
            "revenue": 695993
        },
        "2012-03": {
            "month": "2012-03",
            "price": "16.64",
            "revenue": 872715
        },
        "2012-04": {
            "month": "2012-04",
            "price": "15.66",
            "revenue": 818072
        },
        "2012-05": {
            "month": "2012-05",
            "price": "15.02",
            "revenue": 761385
        },
        "2012-06": {
            "month": "2012-06",
            "price": "15.08",
            "revenue": 865219
        },
        "2012-07": {
            "month": "2012-07",
            "price": "15.83",
            "revenue": 1003085
        },
        "2012-08": {
            "month": "2012-08",
            "price": "15.36",
            "revenue": 987649
        },
        "2012-09": {
            "month": "2012-09",
            "price": "15.44",
            "revenue": 845161
        },
        "2012-10": {
            "month": "2012-10",
            "price": "14.98",
            "revenue": 907449
        },
        "2012-11": {
            "month": "2012-11",
            "price": "15.30",
            "revenue": 894955
        },
        "2012-12": {
            "month": "2012-12",
            "price": "15.32",
            "revenue": 856767
        },
        "2013-01": {
            "month": "2013-01",
            "price": "15.26",
            "revenue": 964510
        },
        "2013-02": {
            "month": "2013-02",
            "price": "15.18",
            "revenue": 667854
        },
        "2013-03": {
            "month": "2013-03",
            "price": "15.29",
            "revenue": 713899
        },
        "2013-04": {
            "month": "2013-04",
            "price": "14.98",
            "revenue": 907277
        },
        "2013-05": {
            "month": "2013-05",
            "price": "15.07",
            "revenue": 847110
        },
        "2013-06": {
            "month": "2013-06",
            "price": "14.98",
            "revenue": 905491
        },
        "2013-07": {
            "month": "2013-07",
            "price": "15.00",
            "revenue": 960546
        },
        "2013-08": {
            "month": "2013-08",
            "price": "14.94",
            "revenue": 891943
        },
        "2013-09": {
            "month": "2013-09",
            "price": "14.94",
            "revenue": 872071
        },
        "2013-10": {
            "month": "2013-10",
            "price": "15.55",
            "revenue": 1063170
        },
        "2013-11": {
            "month": "2013-11",
            "price": "15.35",
            "revenue": 893732
        },
        "2013-12": {
            "month": "2013-12",
            "price": "14.81",
            "revenue": 835272
        },
        "2014-01": {
            "month": "2014-01",
            "price": "14.71",
            "revenue": 910962
        },
        "2014-02": {
            "month": "2014-02",
            "price": "14.47",
            "revenue": 674944
        },
        "2014-03": {
            "month": "2014-03",
            "price": "14.94",
            "revenue": 872199
        },
        "2014-04": {
            "month": "2014-04",
            "price": "15.60",
            "revenue": 936262
        },
        "2014-05": {
            "month": "2014-05",
            "price": "15.27",
            "revenue": 880194
        },
        "2014-06": {
            "month": "2014-06",
            "price": "15.30",
            "revenue": 782352
        },
        "2014-07": {
            "month": "2014-07",
            "price": "16.95",
            "revenue": 930389
        },
        "2014-08": {
            "month": "2014-08",
            "price": "16.70",
            "revenue": 908118
        },
        "2014-09": {
            "month": "2014-09",
            "price": "16.77",
            "revenue": 906692
        },
        "2014-10": {
            "month": "2014-10",
            "price": "15.38",
            "revenue": 959206
        },
        "2014-11": {
            "month": "2014-11",
            "price": "15.28",
            "revenue": 839615
        },
        "2014-12": {
            "month": "2014-12",
            "price": "15.05",
            "revenue": 939855
        },
        "2015-01": {
            "month": "2015-01",
            "price": "15.04",
            "revenue": 833595
        },
        "2015-02": {
            "month": "2015-02",
            "price": "15.00",
            "revenue": 700237
        },
        "2015-03": {
            "month": "2015-03",
            "price": "14.99",
            "revenue": 780920
        },
        "2015-04": {
            "month": "2015-04",
            "price": "15.21",
            "revenue": 757601
        },
        "2015-05": {
            "month": "2015-05",
            "price": "15.40",
            "revenue": 717340
        },
        "2015-06": {
            "month": "2015-06",
            "price": "14.67",
            "revenue": 841818
        },
        "2015-07": {
            "month": "2015-07",
            "price": "14.94",
            "revenue": 875546
        },
        "2015-08": {
            "month": "2015-08",
            "price": "14.80",
            "revenue": 841093
        },
        "2015-09": {
            "month": "2015-09",
            "price": "14.70",
            "revenue": 779711
        },
        "2015-10": {
            "month": "2015-10",
            "price": "14.82",
            "revenue": 971412
        },
        "2015-11": {
            "month": "2015-11",
            "price": "14.75",
            "revenue": 851050
        },
        "2015-12": {
            "month": "2015-12",
            "price": "14.65",
            "revenue": 859986
        },
        "2016-01": {
            "month": "2016-01",
            "price": "14.66",
            "revenue": 899361
        },
        "2016-02": {
            "month": "2016-02",
            "price": "14.52",
            "revenue": 856686
        },
        "2016-03": {
            "month": "2016-03",
            "price": "15.27",
            "revenue": 864594
        },
        "2016-04": {
            "month": "2016-04",
            "price": "15.19",
            "revenue": 872985
        },
        "2016-05": {
            "month": "2016-05",
            "price": "15.15",
            "revenue": 877293
        },
        "2016-06": {
            "month": "2016-06",
            "price": "15.24",
            "revenue": 985653
        },
        "2016-07": {
            "month": "2016-07",
            "price": "15.41",
            "revenue": 890385
        },
        "2016-08": {
            "month": "2016-08",
            "price": "15.32",
            "revenue": 907307
        },
        "2016-09": {
            "month": "2016-09",
            "price": "15.31",
            "revenue": 863652
        },
        "2016-10": {
            "month": "2016-10",
            "price": "15.28",
            "revenue": 894761
        },
        "2016-11": {
            "month": "2016-11",
            "price": "15.65",
            "revenue": 1037996
        },
        "2016-12": {
            "month": "2016-12",
            "price": "15.54",
            "revenue": 1005328
        },
        "2017-01": {
            "month": "2017-01",
            "price": "15.79",
            "revenue": 1008902
        },
        "2017-02": {
            "month": "2017-02",
            "price": "16.01",
            "revenue": 856122
        },
        "2017-03": {
            "month": "2017-03",
            "price": "16.46",
            "revenue": 963379
        },
        "2017-04": {
            "month": "2017-04",
            "price": "16.44",
            "revenue": 836562
        },
        "2017-05": {
            "month": "2017-05",
            "price": "16.39",
            "revenue": 824973
        },
        "2017-06": {
            "month": "2017-06",
            "price": "16.81",
            "revenue": 862947
        },
        "2017-07": {
            "month": "2017-07",
            "price": "17.86",
            "revenue": 822215
        },
        "2017-08": {
            "month": "2017-08",
            "price": "17.75",
            "revenue": 937701
        },
        "2017-09": {
            "month": "2017-09",
            "price": "17.77",
            "revenue": 905236
        },
        "2017-10": {
            "month": "2017-10",
            "price": "17.88",
            "revenue": 911115
        },
        "2017-11": {
            "month": "2017-11",
            "price": "17.80",
            "revenue": 917403
        },
        "2017-12": {
            "month": "2017-12",
            "price": "17.84",
            "revenue": 979504
        },
        "2018-01": {
            "month": "2018-01",
            "price": "17.72",
            "revenue": 1008526
        },
        "2018-02": {
            "month": "2018-02",
            "price": "17.71",
            "revenue": 808692
        },
        "2018-03": {
            "month": "2018-03",
            "price": "18.35",
            "revenue": 1053098
        },
        "2018-04": {
            "month": "2018-04",
            "price": "18.59",
            "revenue": 1019797
        },
        "2018-05": {
            "month": "2018-05",
            "price": "18.62",
            "revenue": 1040713
        },
        "2018-06": {
            "month": "2018-06",
            "price": "18.66",
            "revenue": 920626
        },
        "2018-07": {
            "month": "2018-07",
            "price": "18.37",
            "revenue": 946749
        },
        "2018-08": {
            "month": "2018-08",
            "price": "18.33",
            "revenue": 981360
        },
        "2018-09": {
            "month": "2018-09",
            "price": "18.52",
            "revenue": 934908
        },
        "2018-10": {
            "month": "2018-10",
            "price": "18.34",
            "revenue": 1019854
        },
        "2018-11": {
            "month": "2018-11",
            "price": "18.27",
            "revenue": 996487
        },
        "2018-12": {
            "month": "2018-12",
            "price": "18.24",
            "revenue": 981256
        },
        "2019-01": {
            "month": "2019-01",
            "price": "18.14",
            "revenue": 1199814
        },
        "2019-02": {
            "month": "2019-02",
            "price": "18.49",
            "revenue": 715431
        },
        "2019-03": {
            "month": "2019-03",
            "price": "18.40",
            "revenue": 1055161
        },
        "2019-04": {
            "month": "2019-04",
            "price": "18.33",
            "revenue": 1038477
        },
        "2019-05": {
            "month": "2019-05",
            "price": "18.12",
            "revenue": 1049658
        },
        "2019-06": {
            "month": "2019-06",
            "price": "18.05",
            "revenue": 953087
        },
        "2019-07": {
            "month": "2019-07",
            "price": "18.06",
            "revenue": 1038836
        },
        "2019-08": {
            "month": "2019-08",
            "price": "18.01",
            "revenue": 999824
        },
        "2019-09": {
            "month": "2019-09",
            "price": "18.08",
            "revenue": 994450
        },
        "2019-10": {
            "month": "2019-10",
            "price": "18.00",
            "revenue": 1083064
        },
        "2019-11": {
            "month": "2019-11",
            "price": "17.97",
            "revenue": 976184
        },
        "2019-12": {
            "month": "2019-12",
            "price": "18.21",
            "revenue": 1144475
        },
        "2020-01": {
            "month": "2020-01",
            "price": "18.58",
            "revenue": 1016959
        },
        "2020-02": {
            "month": "2020-02",
            "price": "18.07",
            "revenue": 911889
        },
        "2020-03": {
            "month": "2020-03",
            "price": "17.88",
            "revenue": 1060891
        },
        "2020-04": {
            "month": "2020-04",
            "price": "18.36",
            "revenue": 1017898
        },
        "2020-05": {
            "month": "2020-05",
            "price": "18.91",
            "revenue": 922349
        },
        "2020-06": {
            "month": "2020-06",
            "price": "20.84",
            "revenue": 987280
        },
        "2020-07": {
            "month": "2020-07",
            "price": "20.66",
            "revenue": 980279
        },
        "2020-08": {
            "month": "2020-08",
            "price": "19.58",
            "revenue": 975254
        },
        "2020-09": {
            "month": "2020-09",
            "price": "19.22",
            "revenue": 1086298
        },
        "2020-10": {
            "month": "2020-10",
            "price": "18.97",
            "revenue": 1099296
        },
        "2020-11": {
            "month": "2020-11",
            "price": "19.07",
            "revenue": 1086305
        },
        "2020-12": {
            "month": "2020-12",
            "price": "20.32",
            "revenue": 1185413
        },
        "2021-01": {
            "month": "2021-01",
            "price": "19.88",
            "revenue": 1326083
        },
        "2021-02": {
            "month": "2021-02",
            "price": "19.35",
            "revenue": 1134676
        },
        "2021-03": {
            "month": "2021-03",
            "price": "20.53",
            "revenue": 1257299
        },
        "2021-04": {
            "month": "2021-04",
            "price": "23.26",
            "revenue": 1240389
        },
        "2021-05": {
            "month": "2021-05",
            "price": "24.05",
            "revenue": 1176668
        },
        "2021-06": {
            "month": "2021-06",
            "price": "23.95",
            "revenue": 1024656
        },
        "2021-07": {
            "month": "2021-07",
            "price": "22.96",
            "revenue": 1263633
        },
        "2021-08": {
            "month": "2021-08",
            "price": "20.90",
            "revenue": 1167521
        },
        "2021-09": {
            "month": "2021-09",
            "price": "20.14",
            "revenue": 1192316
        },
        "2021-10": {
            "month": "2021-10",
            "price": "21.24",
            "revenue": 1209578
        },
        "2021-11": {
            "month": "2021-11",
            "price": "20.86",
            "revenue": 1403710
        },
        "2021-12": {
            "month": "2021-12",
            "price": "20.02",
            "revenue": 1383471
        },
        "2022-01": {
            "month": "2022-01",
            "price": "19.81",
            "revenue": 1433167
        },
        "2022-02": {
            "month": "2022-02",
            "price": "20.25",
            "revenue": 1130681
        },
        "2022-03": {
            "month": "2022-03",
            "price": "20.22",
            "revenue": 1651054
        },
        "2022-04": {
            "month": "2022-04",
            "price": "23.97",
            "revenue": 1479641
        },
        "2022-05": {
            "month": "2022-05",
            "price": "23.22",
            "revenue": 1451392
        },
        "2022-06": {
            "month": "2022-06",
            "price": "21.49",
            "revenue": 1345756
        },
        "2022-07": {
            "month": "2022-07",
            "price": "19.89",
            "revenue": 1321525
        },
        "2022-08": {
            "month": "2022-08",
            "price": "20.98",
            "revenue": 1352250
        },
        "2022-09": {
            "month": "2022-09",
            "price": "20.39",
            "revenue": 1486102
        },
        "2022-10": {
            "month": "2022-10",
            "price": "19.15",
            "revenue": 1443910
        },
        "2022-11": {
            "month": "2022-11",
            "price": "19.19",
            "revenue": 1445798
        },
        "2022-12": {
            "month": "2022-12",
            "price": "19.02",
            "revenue": 1495331
        },
        "2023-01": {
            "month": "2023-01",
            "price": "19.06",
            "revenue": 1334658
        },
        "2023-02": {
            "month": "2023-02",
            "price": "20.08",
            "revenue": 1293812
        },
        "2023-03": {
            "month": "2023-03",
            "price": "21.44",
            "revenue": 1621081
        },
        "2023-04": {
            "month": "2023-04",
            "price": "21.41",
            "revenue": 1297059
        },
        "2023-05": {
            "month": "2023-05",
            "price": "21.12",
            "revenue": 1442360
        },
        "2023-06": {
            "month": "2023-06",
            "price": "21.10",
            "revenue": 1330443
        },
        "2023-07": {
            "month": "2023-07",
            "price": "20.58",
            "revenue": 1403695
        },
        "2023-08": {
            "month": "2023-08",
            "price": "20.09",
            "revenue": 1366116
        },
        "2023-09": {
            "month": "2023-09",
            "price": "20.08",
            "revenue": 1310734
        },
        "2023-10": {
            "month": "2023-10",
            "price": "19.29",
            "revenue": 1280865
        },
        "2023-11": {
            "month": "2023-11",
            "price": "19.19",
            "revenue": 1419631
        }
    }
}
