{
    "summary": {
        "stock_name": "台榮",
        "stock_id": "1220",
        "category": "食品",
        "main_business": "飼料製造販賣<br>果糖製造販賣<br>玉米澱粉製造販賣",
        "website_url": "http://www.tairoun.com.tw/",
        "ceo": "陳英凱",
        "pe_ratio": 100,
        "report_year_from": 2001,
        "report_year_to": 2023,
        "age": 22,
        "eps_negative_percentage": 39,
        "eps_growth_avg": {
            "last_all": -1.74,
            "last_2y": -9.51,
            "last_4y": 5.47,
            "last_8y": 11.92,
            "last_12y": 6.45,
            "last_16y": -1.74,
            "last_20y": -1.74,
            "at_2006_last_3y": null,
            "at_2007_last_3y": -100,
            "at_2008_last_3y": -100,
            "at_2009_last_3y": -100,
            "at_2010_last_3y": -100,
            "at_2011_last_3y": 31.75,
            "at_2012_last_3y": 14.67,
            "at_2013_last_3y": -9.97,
            "at_2014_last_3y": -9,
            "at_2015_last_3y": 8.07,
            "at_2016_last_3y": 18.74,
            "at_2017_last_3y": 20,
            "at_2018_last_3y": 26.16,
            "at_2019_last_3y": 10.48,
            "at_2020_last_3y": 11.83,
            "at_2021_last_3y": 25.15,
            "at_2022_last_3y": 2.18,
            "at_2023_last_3y": 2.18,
            "at_2006_last_all": null,
            "at_2007_last_all": -100,
            "at_2008_last_all": -100,
            "at_2009_last_all": -100,
            "at_2010_last_all": -100,
            "at_2011_last_all": -34.13,
            "at_2012_last_all": -23.55,
            "at_2013_last_all": -32.48,
            "at_2014_last_all": -27.2,
            "at_2015_last_all": -6,
            "at_2016_last_all": 0.62,
            "at_2017_last_all": -6.24,
            "at_2018_last_all": -3.48,
            "at_2019_last_all": 0.59,
            "at_2020_last_all": 4.69,
            "at_2021_last_all": 4.22,
            "at_2022_last_all": -1.74,
            "at_2023_last_all": -1.74
        },
        "latest_eps": 0.03,
        "latest_price": 14.95,
        "latest_roe": 1.14,
        "latest_gross_margin": 7.79,
        "latest_equity": 2433553,
        "latest_revenue": 656102,
        "latest_gross_profit": 51106,
        "latest_net_income": -478,
        "latest_debt_ratio": 18.59,
        "latest_current_ratio": 458.74,
        "latest_account_receivable_turnover_ratio": 0.94,
        "latest_inventory_turnover_ratio": 0.87,
        "latest_reinvestment_rate": 36.96,
        "latest_research_to_sale_ratio": null
    },
    "eps_dividends": {
        "1990": {
            "cash": 0.3,
            "stock": 1.5,
            "eps": 0
        },
        "1991": {
            "cash": 0.8,
            "stock": 0,
            "eps": 0
        },
        "1992": {
            "cash": 0,
            "stock": 1.5,
            "eps": 0
        },
        "1993": {
            "cash": 0,
            "stock": 0.5,
            "eps": 0
        },
        "1994": {
            "cash": 0,
            "stock": 0.5,
            "eps": 0
        },
        "1995": {
            "cash": 0,
            "stock": 0.3,
            "eps": 0
        },
        "1998": {
            "cash": 0,
            "stock": 0.8,
            "eps": 0
        },
        "1999": {
            "cash": 0,
            "stock": 0.85,
            "eps": 0
        },
        "2000": {
            "cash": 0.3,
            "stock": 0.6,
            "eps": 0
        },
        "2001": {
            "cash": 0,
            "stock": 0,
            "eps": -0.28
        },
        "2002": {
            "cash": 0,
            "stock": 0,
            "eps": -0.59
        },
        "2003": {
            "cash": 0,
            "stock": 0,
            "eps": -1.15
        },
        "2004": {
            "cash": 0,
            "stock": 0,
            "eps": -0.55
        },
        "2005": {
            "cash": 0,
            "stock": 0,
            "eps": -0.2
        },
        "2006": {
            "cash": 0,
            "stock": 0,
            "eps": 0.51
        },
        "2007": {
            "cash": 0,
            "stock": 0,
            "eps": -0.2
        },
        "2008": {
            "cash": 0,
            "stock": 0,
            "eps": -0.84
        },
        "2009": {
            "cash": 0,
            "stock": 0,
            "eps": -0.25
        },
        "2010": {
            "cash": 0,
            "stock": 0,
            "eps": 0.63
        },
        "2011": {
            "cash": 0,
            "stock": 0,
            "eps": 0.83
        },
        "2012": {
            "cash": 0,
            "stock": 0,
            "eps": 0.81
        },
        "2013": {
            "cash": 0.4,
            "stock": 0,
            "eps": 0.33
        },
        "2014": {
            "cash": 0.35,
            "stock": 0,
            "eps": 0.31
        },
        "2015": {
            "cash": 0.3,
            "stock": 0,
            "eps": 0.67
        },
        "2016": {
            "cash": 0.5,
            "stock": 0,
            "eps": 0.94
        },
        "2017": {
            "cash": 0.65,
            "stock": 0,
            "eps": 0.43
        },
        "2018": {
            "cash": 0.4,
            "stock": 0,
            "eps": 0.51
        },
        "2019": {
            "cash": 0.46,
            "stock": 0,
            "eps": 0.7
        },
        "2020": {
            "cash": 0.6,
            "stock": 0,
            "eps": 1.02
        },
        "2021": {
            "cash": 1,
            "stock": 0,
            "eps": 1.01
        },
        "2022": {
            "cash": 1,
            "stock": 0,
            "eps": 0.27
        },
        "2023": {
            "cash": 0.2,
            "stock": 0,
            "eps": -0.04
        }
    },
    "dividends": {
        "1990-03-10": {
            "cash": 0.3,
            "stock": 1.5
        },
        "1991-03-14": {
            "cash": 0.8,
            "stock": 0
        },
        "1992-05-09": {
            "cash": 0,
            "stock": 1.5
        },
        "1993-06-26": {
            "cash": 0,
            "stock": 0.5
        },
        "1994-05-24": {
            "cash": 0,
            "stock": 0.5
        },
        "1995-05-29": {
            "cash": 0,
            "stock": 0.3
        },
        "1998-05-05": {
            "cash": 0,
            "stock": 0.8
        },
        "1999-05-27": {
            "cash": 0,
            "stock": 0.85
        },
        "2000-05-06": {
            "cash": 0.3,
            "stock": 0.6
        },
        "2013-03-25": {
            "cash": 0.4,
            "stock": 0
        },
        "2014-06-19": {
            "cash": 0.35,
            "stock": 0
        },
        "2015-08-07": {
            "cash": 0.3,
            "stock": 0
        },
        "2016-08-05": {
            "cash": 0.5,
            "stock": 0
        },
        "2017-08-10": {
            "cash": 0.65,
            "stock": 0
        },
        "2018-08-15": {
            "cash": 0.4,
            "stock": 0
        },
        "2019-08-23": {
            "cash": 0.46,
            "stock": 0
        },
        "2020-08-28": {
            "cash": 0.6,
            "stock": 0
        },
        "2021-09-24": {
            "cash": 1,
            "stock": 0
        },
        "2022-08-19": {
            "cash": 1,
            "stock": 0
        },
        "2023-03-23": {
            "cash": 0.2,
            "stock": 0
        }
    },
    "prices": {
        "200101": "6.29",
        "200102": "6.73",
        "200103": "6.46",
        "200104": "6.07",
        "200105": "5.51",
        "200106": "5.45",
        "200107": "5.35",
        "200108": "5.14",
        "200109": "5.10",
        "200110": "5.32",
        "200111": "6.10",
        "200112": "6.00",
        "200201": "5.70",
        "200202": "5.79",
        "200203": "6.08",
        "200204": "6.46",
        "200205": "5.98",
        "200206": "6.04",
        "200207": "5.63",
        "200208": "5.35",
        "200209": "4.94",
        "200210": "4.64",
        "200211": "5.06",
        "200212": "4.98",
        "200301": "5.34",
        "200302": "5.18",
        "200303": "5.01",
        "200304": "4.77",
        "200305": "4.20",
        "200306": "4.30",
        "200307": "4.36",
        "200308": "4.35",
        "200309": "4.11",
        "200310": "4.15",
        "200311": "4.45",
        "200312": "4.24",
        "200401": "4.77",
        "200402": "7.06",
        "200403": "7.05",
        "200404": "7.12",
        "200405": "6.24",
        "200406": "5.61",
        "200407": "5.10",
        "200408": "4.85",
        "200409": "4.85",
        "200410": "4.74",
        "200411": "4.60",
        "200412": "4.95",
        "200501": "5.82",
        "200502": "5.98",
        "200503": "5.98",
        "200504": "5.73",
        "200505": "5.93",
        "200506": "5.94",
        "200507": "5.97",
        "200508": "5.89",
        "200509": "5.87",
        "200510": "5.76",
        "200511": "5.71",
        "200512": "5.73",
        "200601": "5.83",
        "200602": "6.22",
        "200603": "5.94",
        "200604": "6.60",
        "200605": "7.79",
        "200606": "7.43",
        "200607": "7.80",
        "200608": "7.69",
        "200609": "7.57",
        "200610": "7.62",
        "200611": "7.57",
        "200612": "8.27",
        "200701": "8.58",
        "200702": "8.29",
        "200703": "8.00",
        "200704": "9.48",
        "200705": "8.84",
        "200706": "9.07",
        "200707": "12.79",
        "200708": "11.78",
        "200709": "11.32",
        "200710": "11.35",
        "200711": "9.83",
        "200712": "9.14",
        "200801": "9.88",
        "200802": "10.42",
        "200803": "11.74",
        "200804": "11.68",
        "200805": "12.29",
        "200806": "10.13",
        "200807": "8.09",
        "200808": "7.20",
        "200809": "5.94",
        "200810": "5.15",
        "200811": "5.36",
        "200812": "5.28",
        "200901": "5.17",
        "200902": "5.24",
        "200903": "5.53",
        "200904": "6.26",
        "200905": "6.41",
        "200906": "6.47",
        "200907": "6.21",
        "200908": "7.08",
        "200909": "7.08",
        "200910": "7.23",
        "200911": "7.23",
        "200912": "8.11",
        "201001": "10.24",
        "201002": "9.29",
        "201003": "9.27",
        "201004": "10.02",
        "201005": "9.60",
        "201006": "9.31",
        "201007": "10.84",
        "201008": "14.10",
        "201009": "12.75",
        "201010": "13.19",
        "201011": "13.25",
        "201012": "13.48",
        "201101": "13.92",
        "201102": "13.54",
        "201103": "13.13",
        "201104": "13.64",
        "201105": "14.16",
        "201106": "13.02",
        "201107": "13.72",
        "201108": "12.21",
        "201109": "11.04",
        "201110": "10.39",
        "201111": "10.40",
        "201112": "9.65",
        "201201": "9.48",
        "201202": "10.35",
        "201203": "11.06",
        "201204": "10.01",
        "201205": "10.14",
        "201206": "9.98",
        "201207": "10.12",
        "201208": "10.72",
        "201209": "10.94",
        "201210": "10.68",
        "201211": "10.32",
        "201212": "10.54",
        "201301": "10.58",
        "201302": "10.58",
        "201303": "10.60",
        "201304": "10.69",
        "201305": "10.78",
        "201306": "10.79",
        "201307": "10.70",
        "201308": "10.37",
        "201309": "9.85",
        "201310": "9.92",
        "201311": "9.92",
        "201312": "9.86",
        "201401": "10.00",
        "201402": "10.02",
        "201403": "10.25",
        "201404": "10.25",
        "201405": "10.14",
        "201406": "10.19",
        "201407": "10.46",
        "201408": "10.12",
        "201409": "10.09",
        "201410": "10.03",
        "201411": "10.09",
        "201412": "10.28",
        "201501": "10.43",
        "201502": "10.45",
        "201503": "10.69",
        "201504": "10.79",
        "201505": "10.68",
        "201506": "10.35",
        "201507": "10.11",
        "201508": "10.03",
        "201509": "9.89",
        "201510": "9.86",
        "201511": "10.29",
        "201512": "10.57",
        "201601": "10.55",
        "201602": "10.53",
        "201603": "10.61",
        "201604": "10.54",
        "201605": "10.54",
        "201606": "11.42",
        "201607": "10.86",
        "201608": "10.80",
        "201609": "11.01",
        "201610": "10.45",
        "201611": "10.62",
        "201612": "10.87",
        "201701": "10.73",
        "201702": "11.12",
        "201703": "11.05",
        "201704": "10.99",
        "201705": "10.88",
        "201706": "10.82",
        "201707": "10.46",
        "201708": "10.19",
        "201709": "10.30",
        "201710": "10.27",
        "201711": "10.32",
        "201712": "10.39",
        "201801": "10.57",
        "201802": "10.52",
        "201803": "10.95",
        "201804": "11.56",
        "201805": "12.11",
        "201806": "12.26",
        "201807": "12.11",
        "201808": "11.85",
        "201809": "11.82",
        "201810": "11.90",
        "201811": "11.76",
        "201812": "11.17",
        "201901": "10.95",
        "201902": "10.80",
        "201903": "11.06",
        "201904": "11.26",
        "201905": "11.22",
        "201906": "11.20",
        "201907": "11.08",
        "201908": "10.28",
        "201909": "10.00",
        "201910": "10.01",
        "201911": "10.35",
        "201912": "10.57",
        "202001": "10.54",
        "202002": "10.35",
        "202003": "9.88",
        "202004": "10.37",
        "202005": "10.64",
        "202006": "10.97",
        "202007": "11.52",
        "202008": "11.32",
        "202009": "11.52",
        "202010": "11.81",
        "202011": "12.15",
        "202012": "12.46",
        "202101": "12.09",
        "202102": "12.03",
        "202103": "12.82",
        "202104": "15.85",
        "202105": "16.64",
        "202106": "16.99",
        "202107": "17.21",
        "202108": "16.41",
        "202109": "15.19",
        "202110": "15.52",
        "202111": "15.45",
        "202112": "15.48",
        "202201": "15.86",
        "202202": "16.69",
        "202203": "16.79",
        "202204": "20.08",
        "202205": "18.87",
        "202206": "16.90",
        "202207": "15.94",
        "202208": "15.98",
        "202209": "15.23",
        "202210": "13.94",
        "202211": "14.65",
        "202212": "15.20",
        "202301": "15.52",
        "202302": "15.72",
        "202303": "17.19",
        "202304": "16.67",
        "202305": "15.42"
    },
    "quarters": {
        "20011": {
            "year_quarter": 20011,
            "year": 2001,
            "quarter": 1,
            "eps": -0.1,
            "eps_growth_year": -242.86,
            "eps_4q": 0.12,
            "eps_4q_growth_year": -91.14,
            "roe": -0.82,
            "roe_4q": -0.82,
            "gross_profit": 27596,
            "gross_margin": 6.42,
            "gross_margin_4q_avg": 6.42,
            "net_income": -17916,
            "revenue": 429855,
            "common_shares": 1790779,
            "book_valuer_per_share": 12.19,
            "book_valuer_per_share_4q_avg": 12.19,
            "equity": 2182950,
            "current_ratio": 231.82,
            "debt_ratio": 28.48,
            "inventory_turnover_ratio": 2.14,
            "account_receivable_turnover_ratio": null,
            "reinvestment_rate": null,
            "research_to_sale_ratio": null,
            "price_fair": 0,
            "eps_avg_yearly": 0,
            "eps_latest_yearly": 0,
            "eps_growth_yearly": 0
        },
        "20012": {
            "year_quarter": 20012,
            "year": 2001,
            "quarter": 2,
            "eps": -0.03,
            "eps_growth_year": null,
            "eps_4q": 0.17,
            "eps_4q_growth_year": -61.64,
            "roe": -0.23,
            "roe_4q": -1.05,
            "gross_profit": 39298,
            "gross_margin": 8.11,
            "gross_margin_4q_avg": 7.27,
            "net_income": -4873,
            "revenue": 484534,
            "common_shares": 1790779,
            "book_valuer_per_share": 11.93,
            "book_valuer_per_share_4q_avg": 12.06,
            "equity": 2137250,
            "current_ratio": 211.14,
            "debt_ratio": 27.27,
            "inventory_turnover_ratio": 2.24,
            "account_receivable_turnover_ratio": null,
            "reinvestment_rate": null,
            "research_to_sale_ratio": null,
            "price_fair": 0,
            "eps_avg_yearly": 0,
            "eps_latest_yearly": 0,
            "eps_growth_yearly": 0
        },
        "20013": {
            "year_quarter": 20013,
            "year": 2001,
            "quarter": 3,
            "eps": 0.11,
            "eps_growth_year": -73.81,
            "eps_4q": -0.15,
            "eps_4q_growth_year": -167.6,
            "roe": 0.89,
            "roe_4q": -0.15999999999999992,
            "gross_profit": 69615,
            "gross_margin": 13.01,
            "gross_margin_4q_avg": 9.18,
            "net_income": 19191,
            "revenue": 535259,
            "common_shares": 1790779,
            "book_valuer_per_share": 12.04,
            "book_valuer_per_share_4q_avg": 12.05,
            "equity": 2156441,
            "current_ratio": 204.64,
            "debt_ratio": 26.27,
            "inventory_turnover_ratio": 2.36,
            "account_receivable_turnover_ratio": null,
            "reinvestment_rate": null,
            "research_to_sale_ratio": null,
            "price_fair": 0,
            "eps_avg_yearly": 0,
            "eps_latest_yearly": 0,
            "eps_growth_yearly": 0
        },
        "20014": {
            "year_quarter": 20014,
            "year": 2001,
            "quarter": 4,
            "eps": -0.26,
            "eps_growth_year": null,
            "eps_4q": -0.28,
            "eps_4q_growth_year": -196.55,
            "roe": -2.18,
            "roe_4q": -2.34,
            "gross_profit": 24063,
            "gross_margin": 5.85,
            "gross_margin_4q_avg": 8.35,
            "net_income": -46383,
            "revenue": 411500,
            "common_shares": 1770779,
            "book_valuer_per_share": 11.85,
            "book_valuer_per_share_4q_avg": 12,
            "equity": 2097725,
            "current_ratio": 184.92,
            "debt_ratio": 26.73,
            "inventory_turnover_ratio": 1.74,
            "account_receivable_turnover_ratio": null,
            "reinvestment_rate": null,
            "research_to_sale_ratio": null,
            "price_fair": 0,
            "eps_avg_yearly": 0,
            "eps_latest_yearly": 0,
            "eps_growth_yearly": 0
        },
        "20021": {
            "year_quarter": 20021,
            "year": 2002,
            "quarter": 1,
            "eps": -0.19,
            "eps_growth_year": null,
            "eps_4q": -0.38,
            "eps_4q_growth_year": -408.64,
            "roe": -1.58,
            "roe_4q": -3.1,
            "gross_profit": -1602,
            "gross_margin": -0.43,
            "gross_margin_4q_avg": 6.64,
            "net_income": -32815,
            "revenue": 375910,
            "common_shares": 1770779,
            "book_valuer_per_share": 11.66,
            "book_valuer_per_share_4q_avg": 11.87,
            "equity": 2064910,
            "current_ratio": 208.28,
            "debt_ratio": 23.85,
            "inventory_turnover_ratio": 1.67,
            "account_receivable_turnover_ratio": null,
            "reinvestment_rate": null,
            "research_to_sale_ratio": null,
            "price_fair": 0,
            "eps_avg_yearly": 0,
            "eps_latest_yearly": 0,
            "eps_growth_yearly": 0
        },
        "20022": {
            "year_quarter": 20022,
            "year": 2002,
            "quarter": 2,
            "eps": -0.04,
            "eps_growth_year": null,
            "eps_4q": -0.37,
            "eps_4q_growth_year": -325.77,
            "roe": -0.3,
            "roe_4q": -3.1700000000000004,
            "gross_profit": 21148,
            "gross_margin": 4.74,
            "gross_margin_4q_avg": 5.79,
            "net_income": -6287,
            "revenue": 446077,
            "common_shares": 1770779,
            "book_valuer_per_share": 11.62,
            "book_valuer_per_share_4q_avg": 11.79,
            "equity": 2057190,
            "current_ratio": 192,
            "debt_ratio": 25.97,
            "inventory_turnover_ratio": 1.95,
            "account_receivable_turnover_ratio": null,
            "reinvestment_rate": null,
            "research_to_sale_ratio": null,
            "price_fair": 0,
            "eps_avg_yearly": 0,
            "eps_latest_yearly": 0,
            "eps_growth_yearly": 0
        },
        "20023": {
            "year_quarter": 20023,
            "year": 2002,
            "quarter": 3,
            "eps": -0.11,
            "eps_growth_year": -200,
            "eps_4q": -0.59,
            "eps_4q_growth_year": null,
            "roe": -0.96,
            "roe_4q": -5.02,
            "gross_profit": 26702,
            "gross_margin": 5.53,
            "gross_margin_4q_avg": 3.92,
            "net_income": -19590,
            "revenue": 482515,
            "common_shares": 1770779,
            "book_valuer_per_share": 11.51,
            "book_valuer_per_share_4q_avg": 11.66,
            "equity": 2037599,
            "current_ratio": 175.8,
            "debt_ratio": 28.68,
            "inventory_turnover_ratio": 1.96,
            "account_receivable_turnover_ratio": null,
            "reinvestment_rate": null,
            "research_to_sale_ratio": null,
            "price_fair": 0,
            "eps_avg_yearly": 0,
            "eps_latest_yearly": 0,
            "eps_growth_yearly": 0
        },
        "20024": {
            "year_quarter": 20024,
            "year": 2002,
            "quarter": 4,
            "eps": -0.25,
            "eps_growth_year": null,
            "eps_4q": -0.58,
            "eps_4q_growth_year": null,
            "roe": -2.21,
            "roe_4q": -5.05,
            "gross_profit": 3141,
            "gross_margin": 0.71,
            "gross_margin_4q_avg": 2.64,
            "net_income": -44478,
            "revenue": 439472,
            "common_shares": 1770779,
            "book_valuer_per_share": 11.26,
            "book_valuer_per_share_4q_avg": 11.51,
            "equity": 1994684,
            "current_ratio": 168.75,
            "debt_ratio": 29.84,
            "inventory_turnover_ratio": 1.76,
            "account_receivable_turnover_ratio": null,
            "reinvestment_rate": -153.21,
            "research_to_sale_ratio": null,
            "price_fair": 0,
            "eps_avg_yearly": 0,
            "eps_latest_yearly": 0,
            "eps_growth_yearly": 0
        },
        "20031": {
            "year_quarter": 20031,
            "year": 2003,
            "quarter": 1,
            "eps": -0.46,
            "eps_growth_year": null,
            "eps_4q": -0.85,
            "eps_4q_growth_year": null,
            "roe": -4.2,
            "roe_4q": -7.67,
            "gross_profit": -20993,
            "gross_margin": -5.69,
            "gross_margin_4q_avg": 1.32,
            "net_income": -82009,
            "revenue": 368785,
            "common_shares": 1770779,
            "book_valuer_per_share": 10.8,
            "book_valuer_per_share_4q_avg": 11.3,
            "equity": 1912675,
            "current_ratio": 180.66,
            "debt_ratio": 26.76,
            "inventory_turnover_ratio": 1.64,
            "account_receivable_turnover_ratio": null,
            "reinvestment_rate": -927.2,
            "research_to_sale_ratio": null,
            "price_fair": 0,
            "eps_avg_yearly": 0,
            "eps_latest_yearly": 0,
            "eps_growth_yearly": 0
        },
        "20032": {
            "year_quarter": 20032,
            "year": 2003,
            "quarter": 2,
            "eps": -0.23,
            "eps_growth_year": null,
            "eps_4q": -1.06,
            "eps_4q_growth_year": null,
            "roe": -2.19,
            "roe_4q": -9.560000000000002,
            "gross_profit": -3843,
            "gross_margin": -0.87,
            "gross_margin_4q_avg": -0.08,
            "net_income": -41482,
            "revenue": 441600,
            "common_shares": 1770779,
            "book_valuer_per_share": 10.56,
            "book_valuer_per_share_4q_avg": 11.03,
            "equity": 1870806,
            "current_ratio": 182.33,
            "debt_ratio": 26.17,
            "inventory_turnover_ratio": 2.07,
            "account_receivable_turnover_ratio": null,
            "reinvestment_rate": null,
            "research_to_sale_ratio": null,
            "price_fair": 0,
            "eps_avg_yearly": 0,
            "eps_latest_yearly": 0,
            "eps_growth_yearly": 0
        },
        "20033": {
            "year_quarter": 20033,
            "year": 2003,
            "quarter": 3,
            "eps": -0.24,
            "eps_growth_year": null,
            "eps_4q": -1.19,
            "eps_4q_growth_year": null,
            "roe": -2.3,
            "roe_4q": -10.900000000000002,
            "gross_profit": 11566,
            "gross_margin": 2.25,
            "gross_margin_4q_avg": -0.9,
            "net_income": -42597,
            "revenue": 512952,
            "common_shares": 1770779,
            "book_valuer_per_share": 10.32,
            "book_valuer_per_share_4q_avg": 10.74,
            "equity": 1828210,
            "current_ratio": 172.76,
            "debt_ratio": 28.25,
            "inventory_turnover_ratio": 2.11,
            "account_receivable_turnover_ratio": null,
            "reinvestment_rate": null,
            "research_to_sale_ratio": null,
            "price_fair": 0,
            "eps_avg_yearly": 0,
            "eps_latest_yearly": 0,
            "eps_growth_yearly": 0
        },
        "20034": {
            "year_quarter": 20034,
            "year": 2003,
            "quarter": 4,
            "eps": -0.22,
            "eps_growth_year": null,
            "eps_4q": -1.16,
            "eps_4q_growth_year": null,
            "roe": -2.15,
            "roe_4q": -10.84,
            "gross_profit": -3482,
            "gross_margin": -0.68,
            "gross_margin_4q_avg": -1.25,
            "net_income": -38788,
            "revenue": 510589,
            "common_shares": 1770779,
            "book_valuer_per_share": 10.09,
            "book_valuer_per_share_4q_avg": 10.44,
            "equity": 1787243,
            "current_ratio": 169.26,
            "debt_ratio": 28.86,
            "inventory_turnover_ratio": 2.08,
            "account_receivable_turnover_ratio": null,
            "reinvestment_rate": null,
            "research_to_sale_ratio": null,
            "price_fair": 0,
            "eps_avg_yearly": 0,
            "eps_latest_yearly": 0,
            "eps_growth_yearly": 0
        },
        "20041": {
            "year_quarter": 20041,
            "year": 2004,
            "quarter": 1,
            "eps": -0.18,
            "eps_growth_year": null,
            "eps_4q": -0.88,
            "eps_4q_growth_year": null,
            "roe": -1.78,
            "roe_4q": -8.42,
            "gross_profit": -19688,
            "gross_margin": -4.33,
            "gross_margin_4q_avg": -0.91,
            "net_income": -31605,
            "revenue": 454423,
            "common_shares": 1770779,
            "book_valuer_per_share": 9.91,
            "book_valuer_per_share_4q_avg": 10.22,
            "equity": 1755638,
            "current_ratio": 169.67,
            "debt_ratio": 28.36,
            "inventory_turnover_ratio": 2.04,
            "account_receivable_turnover_ratio": null,
            "reinvestment_rate": null,
            "research_to_sale_ratio": null,
            "price_fair": 0,
            "eps_avg_yearly": 0,
            "eps_latest_yearly": 0,
            "eps_growth_yearly": 0
        },
        "20042": {
            "year_quarter": 20042,
            "year": 2004,
            "quarter": 2,
            "eps": -0.07,
            "eps_growth_year": null,
            "eps_4q": -0.71,
            "eps_4q_growth_year": null,
            "roe": -0.7,
            "roe_4q": -6.93,
            "gross_profit": 966,
            "gross_margin": 0.19,
            "gross_margin_4q_avg": -0.64,
            "net_income": -12230,
            "revenue": 512578,
            "common_shares": 1770779,
            "book_valuer_per_share": 9.84,
            "book_valuer_per_share_4q_avg": 10.04,
            "equity": 1742756,
            "current_ratio": 148.74,
            "debt_ratio": 33.23,
            "inventory_turnover_ratio": 1.99,
            "account_receivable_turnover_ratio": null,
            "reinvestment_rate": null,
            "research_to_sale_ratio": null,
            "price_fair": 0,
            "eps_avg_yearly": 0,
            "eps_latest_yearly": 0,
            "eps_growth_yearly": 0
        },
        "20043": {
            "year_quarter": 20043,
            "year": 2004,
            "quarter": 3,
            "eps": -0.25,
            "eps_growth_year": null,
            "eps_4q": -0.72,
            "eps_4q_growth_year": null,
            "roe": -2.56,
            "roe_4q": -7.1899999999999995,
            "gross_profit": -4789,
            "gross_margin": -0.77,
            "gross_margin_4q_avg": -1.4,
            "net_income": -44117,
            "revenue": 622120,
            "common_shares": 1770779,
            "book_valuer_per_share": 9.59,
            "book_valuer_per_share_4q_avg": 9.86,
            "equity": 1698639,
            "current_ratio": 146.84,
            "debt_ratio": 32.77,
            "inventory_turnover_ratio": 2.42,
            "account_receivable_turnover_ratio": null,
            "reinvestment_rate": null,
            "research_to_sale_ratio": null,
            "price_fair": 0,
            "eps_avg_yearly": 0,
            "eps_latest_yearly": 0,
            "eps_growth_yearly": 0
        },
        "20044": {
            "year_quarter": 20044,
            "year": 2004,
            "quarter": 4,
            "eps": -0.05,
            "eps_growth_year": null,
            "eps_4q": -0.55,
            "eps_4q_growth_year": null,
            "roe": -0.53,
            "roe_4q": -5.57,
            "gross_profit": 5638,
            "gross_margin": 0.9,
            "gross_margin_4q_avg": -1,
            "net_income": -8943,
            "revenue": 623126,
            "common_shares": 1770779,
            "book_valuer_per_share": 9.55,
            "book_valuer_per_share_4q_avg": 9.72,
            "equity": 1690294,
            "current_ratio": 154.2,
            "debt_ratio": 31.87,
            "inventory_turnover_ratio": 2.78,
            "account_receivable_turnover_ratio": null,
            "reinvestment_rate": null,
            "research_to_sale_ratio": null,
            "price_fair": 0,
            "eps_avg_yearly": 0,
            "eps_latest_yearly": 0,
            "eps_growth_yearly": 0
        },
        "20051": {
            "year_quarter": 20051,
            "year": 2005,
            "quarter": 1,
            "eps": -0.1,
            "eps_growth_year": null,
            "eps_4q": -0.48,
            "eps_4q_growth_year": null,
            "roe": -1.02,
            "roe_4q": -4.8100000000000005,
            "gross_profit": 17165,
            "gross_margin": 3.5,
            "gross_margin_4q_avg": 0.96,
            "net_income": -17076,
            "revenue": 490976,
            "common_shares": 1770779,
            "book_valuer_per_share": 9.45,
            "book_valuer_per_share_4q_avg": 9.61,
            "equity": 1673218,
            "current_ratio": 181.49,
            "debt_ratio": 26.99,
            "inventory_turnover_ratio": 2.28,
            "account_receivable_turnover_ratio": null,
            "reinvestment_rate": null,
            "research_to_sale_ratio": null,
            "price_fair": 0,
            "eps_avg_yearly": 0,
            "eps_latest_yearly": 0,
            "eps_growth_yearly": 0
        },
        "20052": {
            "year_quarter": 20052,
            "year": 2005,
            "quarter": 2,
            "eps": 0.08,
            "eps_growth_year": null,
            "eps_4q": -0.29,
            "eps_4q_growth_year": null,
            "roe": 0.89,
            "roe_4q": -3.22,
            "gross_profit": 41941,
            "gross_margin": 7.09,
            "gross_margin_4q_avg": 2.68,
            "net_income": 14980,
            "revenue": 591753,
            "common_shares": 1770779,
            "book_valuer_per_share": 9.55,
            "book_valuer_per_share_4q_avg": 9.54,
            "equity": 1690490,
            "current_ratio": 170.74,
            "debt_ratio": 31.35,
            "inventory_turnover_ratio": 2.59,
            "account_receivable_turnover_ratio": null,
            "reinvestment_rate": null,
            "research_to_sale_ratio": null,
            "price_fair": 0,
            "eps_avg_yearly": 0,
            "eps_latest_yearly": 0,
            "eps_growth_yearly": 0
        },
        "20053": {
            "year_quarter": 20053,
            "year": 2005,
            "quarter": 3,
            "eps": -0.08,
            "eps_growth_year": null,
            "eps_4q": -0.14,
            "eps_4q_growth_year": null,
            "roe": -0.84,
            "roe_4q": -1.5,
            "gross_profit": 47862,
            "gross_margin": 7.74,
            "gross_margin_4q_avg": 4.81,
            "net_income": -14153,
            "revenue": 618038,
            "common_shares": 1770779,
            "book_valuer_per_share": 9.47,
            "book_valuer_per_share_4q_avg": 9.51,
            "equity": 1676503,
            "current_ratio": 174.57,
            "debt_ratio": 31.93,
            "inventory_turnover_ratio": 2.57,
            "account_receivable_turnover_ratio": null,
            "reinvestment_rate": null,
            "research_to_sale_ratio": null,
            "price_fair": 0,
            "eps_avg_yearly": 0,
            "eps_latest_yearly": 0,
            "eps_growth_yearly": 0
        },
        "20054": {
            "year_quarter": 20054,
            "year": 2005,
            "quarter": 4,
            "eps": -0.1,
            "eps_growth_year": null,
            "eps_4q": -0.24,
            "eps_4q_growth_year": null,
            "roe": -1.01,
            "roe_4q": -1.98,
            "gross_profit": 25976,
            "gross_margin": 4.87,
            "gross_margin_4q_avg": 5.8,
            "net_income": -18077,
            "revenue": 533052,
            "common_shares": 1770779,
            "book_valuer_per_share": 9.4,
            "book_valuer_per_share_4q_avg": 9.47,
            "equity": 1902893,
            "current_ratio": 222.96,
            "debt_ratio": 28.99,
            "inventory_turnover_ratio": 1.68,
            "account_receivable_turnover_ratio": null,
            "reinvestment_rate": null,
            "research_to_sale_ratio": null,
            "price_fair": 0,
            "eps_avg_yearly": 0,
            "eps_latest_yearly": 0,
            "eps_growth_yearly": 0
        },
        "20061": {
            "year_quarter": 20061,
            "year": 2006,
            "quarter": 1,
            "eps": 0.28,
            "eps_growth_year": null,
            "eps_4q": 0.18,
            "eps_4q_growth_year": null,
            "roe": 2.72,
            "roe_4q": 1.7600000000000002,
            "gross_profit": 30711,
            "gross_margin": 6.17,
            "gross_margin_4q_avg": 6.47,
            "net_income": 49207,
            "revenue": 497636,
            "common_shares": 1770779,
            "book_valuer_per_share": 9.68,
            "book_valuer_per_share_4q_avg": 9.53,
            "equity": 1713371,
            "current_ratio": 218.02,
            "debt_ratio": 26.7,
            "inventory_turnover_ratio": 1.48,
            "account_receivable_turnover_ratio": null,
            "reinvestment_rate": null,
            "research_to_sale_ratio": null,
            "price_fair": 0,
            "eps_avg_yearly": 0,
            "eps_latest_yearly": 0,
            "eps_growth_yearly": 0
        },
        "20062": {
            "year_quarter": 20062,
            "year": 2006,
            "quarter": 2,
            "eps": 0.12,
            "eps_growth_year": 50,
            "eps_4q": 0.22,
            "eps_4q_growth_year": null,
            "roe": 1.22,
            "roe_4q": 2.0900000000000007,
            "gross_profit": 52369,
            "gross_margin": 8.78,
            "gross_margin_4q_avg": 6.89,
            "net_income": 21020,
            "revenue": 596691,
            "common_shares": 1770779,
            "book_valuer_per_share": 9.78,
            "book_valuer_per_share_4q_avg": 9.58,
            "equity": 1732671,
            "current_ratio": 212.33,
            "debt_ratio": 29.36,
            "inventory_turnover_ratio": 1.85,
            "account_receivable_turnover_ratio": null,
            "reinvestment_rate": null,
            "research_to_sale_ratio": null,
            "price_fair": 1.44,
            "eps_avg_yearly": 0.48,
            "eps_latest_yearly": 0.48,
            "eps_growth_yearly": -228.57
        },
        "20063": {
            "year_quarter": 20063,
            "year": 2006,
            "quarter": 3,
            "eps": 0.05,
            "eps_growth_year": null,
            "eps_4q": 0.32,
            "eps_4q_growth_year": null,
            "roe": 0.56,
            "roe_4q": 3.49,
            "gross_profit": 63834,
            "gross_margin": 9.8,
            "gross_margin_4q_avg": 7.41,
            "net_income": 9672,
            "revenue": 651220,
            "common_shares": 1770779,
            "book_valuer_per_share": 9.84,
            "book_valuer_per_share_4q_avg": 9.68,
            "equity": 1742342,
            "current_ratio": 198.37,
            "debt_ratio": 32.76,
            "inventory_turnover_ratio": 1.82,
            "account_receivable_turnover_ratio": null,
            "reinvestment_rate": null,
            "research_to_sale_ratio": null,
            "price_fair": 1.02,
            "eps_avg_yearly": 0.34,
            "eps_latest_yearly": 0.2,
            "eps_growth_yearly": -230.95
        },
        "20064": {
            "year_quarter": 20064,
            "year": 2006,
            "quarter": 4,
            "eps": 0.06,
            "eps_growth_year": null,
            "eps_4q": 0.52,
            "eps_4q_growth_year": null,
            "roe": 0.56,
            "roe_4q": 5.0600000000000005,
            "gross_profit": 41785,
            "gross_margin": 6.33,
            "gross_margin_4q_avg": 7.77,
            "net_income": 10464,
            "revenue": 659723,
            "common_shares": 1770779,
            "book_valuer_per_share": 9.9,
            "book_valuer_per_share_4q_avg": 9.8,
            "equity": 1983085,
            "current_ratio": 244.93,
            "debt_ratio": 29.57,
            "inventory_turnover_ratio": 1.67,
            "account_receivable_turnover_ratio": null,
            "reinvestment_rate": null,
            "research_to_sale_ratio": null,
            "price_fair": 0.92,
            "eps_avg_yearly": 0.31,
            "eps_latest_yearly": 0.24,
            "eps_growth_yearly": -127.3
        },
        "20071": {
            "year_quarter": 20071,
            "year": 2007,
            "quarter": 1,
            "eps": -0.17,
            "eps_growth_year": -160.71,
            "eps_4q": 0.07,
            "eps_4q_growth_year": -62.08,
            "roe": -1.58,
            "roe_4q": 0.76,
            "gross_profit": 36452,
            "gross_margin": 6.49,
            "gross_margin_4q_avg": 7.85,
            "net_income": -29279,
            "revenue": 562021,
            "common_shares": 1770779,
            "book_valuer_per_share": 9.73,
            "book_valuer_per_share_4q_avg": 9.81,
            "equity": 1723846,
            "current_ratio": 202.43,
            "debt_ratio": 32.92,
            "inventory_turnover_ratio": 1.22,
            "account_receivable_turnover_ratio": null,
            "reinvestment_rate": null,
            "research_to_sale_ratio": null,
            "price_fair": 0.92,
            "eps_avg_yearly": 0.31,
            "eps_latest_yearly": 0.24,
            "eps_growth_yearly": -127.3
        },
        "20072": {
            "year_quarter": 20072,
            "year": 2007,
            "quarter": 2,
            "eps": -0.08,
            "eps_growth_year": -166.67,
            "eps_4q": -0.14,
            "eps_4q_growth_year": -162.72,
            "roe": -0.87,
            "roe_4q": -1.33,
            "gross_profit": 35290,
            "gross_margin": 5.08,
            "gross_margin_4q_avg": 6.93,
            "net_income": -14950,
            "revenue": 694052,
            "common_shares": 1770779,
            "book_valuer_per_share": 9.66,
            "book_valuer_per_share_4q_avg": 9.78,
            "equity": 1709733,
            "current_ratio": 195.43,
            "debt_ratio": 34.01,
            "inventory_turnover_ratio": 1.7,
            "account_receivable_turnover_ratio": null,
            "reinvestment_rate": null,
            "research_to_sale_ratio": null,
            "price_fair": 0.92,
            "eps_avg_yearly": 0.31,
            "eps_latest_yearly": 0.24,
            "eps_growth_yearly": -127.3
        },
        "20073": {
            "year_quarter": 20073,
            "year": 2007,
            "quarter": 3,
            "eps": 0.09,
            "eps_growth_year": 80,
            "eps_4q": -0.1,
            "eps_4q_growth_year": -131.05,
            "roe": 0.93,
            "roe_4q": -0.96,
            "gross_profit": 39148,
            "gross_margin": 5.51,
            "gross_margin_4q_avg": 5.85,
            "net_income": 16059,
            "revenue": 710324,
            "common_shares": 1770779,
            "book_valuer_per_share": 9.75,
            "book_valuer_per_share_4q_avg": 9.76,
            "equity": 1725792,
            "current_ratio": 209.73,
            "debt_ratio": 31.71,
            "inventory_turnover_ratio": 1.96,
            "account_receivable_turnover_ratio": null,
            "reinvestment_rate": null,
            "research_to_sale_ratio": null,
            "price_fair": 0.92,
            "eps_avg_yearly": 0.31,
            "eps_latest_yearly": 0.24,
            "eps_growth_yearly": -127.3
        },
        "20074": {
            "year_quarter": 20074,
            "year": 2007,
            "quarter": 4,
            "eps": -0.04,
            "eps_growth_year": -166.67,
            "eps_4q": -0.19,
            "eps_4q_growth_year": -137.33,
            "roe": -0.36,
            "roe_4q": -1.88,
            "gross_profit": 39266,
            "gross_margin": 5.77,
            "gross_margin_4q_avg": 5.71,
            "net_income": -6604,
            "revenue": 680967,
            "common_shares": 1770779,
            "book_valuer_per_share": 9.7,
            "book_valuer_per_share_4q_avg": 9.71,
            "equity": 1945305,
            "current_ratio": 251.96,
            "debt_ratio": 29.42,
            "inventory_turnover_ratio": 1.31,
            "account_receivable_turnover_ratio": null,
            "reinvestment_rate": null,
            "research_to_sale_ratio": null,
            "price_fair": 0.92,
            "eps_avg_yearly": 0.31,
            "eps_latest_yearly": 0.24,
            "eps_growth_yearly": -127.3
        },
        "20081": {
            "year_quarter": 20081,
            "year": 2008,
            "quarter": 1,
            "eps": 0.12,
            "eps_growth_year": null,
            "eps_4q": 0.11,
            "eps_4q_growth_year": 53.91,
            "roe": 0.88,
            "roe_4q": 0.5800000000000002,
            "gross_profit": 60130,
            "gross_margin": 7.72,
            "gross_margin_4q_avg": 6.02,
            "net_income": 17219,
            "revenue": 779218,
            "common_shares": 1770779,
            "book_valuer_per_share": 9.82,
            "book_valuer_per_share_4q_avg": 9.73,
            "equity": 1962523,
            "current_ratio": 260.42,
            "debt_ratio": 28.76,
            "inventory_turnover_ratio": 1.18,
            "account_receivable_turnover_ratio": null,
            "reinvestment_rate": null,
            "research_to_sale_ratio": null,
            "price_fair": 0.92,
            "eps_avg_yearly": 0.31,
            "eps_latest_yearly": 0.24,
            "eps_growth_yearly": -127.3
        },
        "20082": {
            "year_quarter": 20082,
            "year": 2008,
            "quarter": 2,
            "eps": -0.1,
            "eps_growth_year": null,
            "eps_4q": 0.07,
            "eps_4q_growth_year": null,
            "roe": -1.36,
            "roe_4q": 0.08999999999999997,
            "gross_profit": 3363,
            "gross_margin": 0.46,
            "gross_margin_4q_avg": 4.87,
            "net_income": -26429,
            "revenue": 734912,
            "common_shares": 1770779,
            "book_valuer_per_share": 9.69,
            "book_valuer_per_share_4q_avg": 9.74,
            "equity": 1924648,
            "current_ratio": 227.13,
            "debt_ratio": 33.48,
            "inventory_turnover_ratio": 1.08,
            "account_receivable_turnover_ratio": null,
            "reinvestment_rate": null,
            "research_to_sale_ratio": null,
            "price_fair": 0.92,
            "eps_avg_yearly": 0.31,
            "eps_latest_yearly": 0.24,
            "eps_growth_yearly": -127.3
        },
        "20083": {
            "year_quarter": 20083,
            "year": 2008,
            "quarter": 3,
            "eps": -0.28,
            "eps_growth_year": -411.11,
            "eps_4q": -0.3,
            "eps_4q_growth_year": null,
            "roe": -2.93,
            "roe_4q": -3.77,
            "gross_profit": 65755,
            "gross_margin": 9.83,
            "gross_margin_4q_avg": 5.95,
            "net_income": -55050,
            "revenue": 668813,
            "common_shares": 1770779,
            "book_valuer_per_share": 9.19,
            "book_valuer_per_share_4q_avg": 9.6,
            "equity": 1833537,
            "current_ratio": 222.71,
            "debt_ratio": 33.69,
            "inventory_turnover_ratio": 0.81,
            "account_receivable_turnover_ratio": null,
            "reinvestment_rate": null,
            "research_to_sale_ratio": null,
            "price_fair": 0.92,
            "eps_avg_yearly": 0.31,
            "eps_latest_yearly": 0.24,
            "eps_growth_yearly": -127.3
        },
        "20084": {
            "year_quarter": 20084,
            "year": 2008,
            "quarter": 4,
            "eps": -0.58,
            "eps_growth_year": null,
            "eps_4q": -0.68,
            "eps_4q_growth_year": null,
            "roe": -6.97,
            "roe_4q": -10.379999999999999,
            "gross_profit": -164533,
            "gross_margin": -30.09,
            "gross_margin_4q_avg": -3.02,
            "net_income": -123457,
            "revenue": 546720,
            "common_shares": 1770779,
            "book_valuer_per_share": 8.58,
            "book_valuer_per_share_4q_avg": 9.32,
            "equity": 1708512,
            "current_ratio": 312.01,
            "debt_ratio": 22.81,
            "inventory_turnover_ratio": 1.23,
            "account_receivable_turnover_ratio": 2.08,
            "reinvestment_rate": null,
            "research_to_sale_ratio": null,
            "price_fair": 0.92,
            "eps_avg_yearly": 0.31,
            "eps_latest_yearly": 0.24,
            "eps_growth_yearly": -127.3
        },
        "20091": {
            "year_quarter": 20091,
            "year": 2009,
            "quarter": 1,
            "eps": -0.17,
            "eps_growth_year": -241.67,
            "eps_4q": -1.13,
            "eps_4q_growth_year": -1167.46,
            "roe": -3.24,
            "roe_4q": -14.5,
            "gross_profit": -7309,
            "gross_margin": -1.22,
            "gross_margin_4q_avg": -5.26,
            "net_income": -54710,
            "revenue": 596911,
            "common_shares": 1770779,
            "book_valuer_per_share": 8.48,
            "book_valuer_per_share_4q_avg": 8.99,
            "equity": 1667754,
            "current_ratio": 288.83,
            "debt_ratio": 24.43,
            "inventory_turnover_ratio": 1.51,
            "account_receivable_turnover_ratio": 1.12,
            "reinvestment_rate": null,
            "research_to_sale_ratio": null,
            "price_fair": 0.92,
            "eps_avg_yearly": 0.31,
            "eps_latest_yearly": 0.24,
            "eps_growth_yearly": -127.3
        },
        "20092": {
            "year_quarter": 20092,
            "year": 2009,
            "quarter": 2,
            "eps": -0.03,
            "eps_growth_year": null,
            "eps_4q": -1.06,
            "eps_4q_growth_year": -1689.51,
            "roe": -0.16,
            "roe_4q": -13.3,
            "gross_profit": 48755,
            "gross_margin": 7.74,
            "gross_margin_4q_avg": -3.44,
            "net_income": -2636,
            "revenue": 630112,
            "common_shares": 1770779,
            "book_valuer_per_share": 8.5,
            "book_valuer_per_share_4q_avg": 8.69,
            "equity": 1669275,
            "current_ratio": 262.6,
            "debt_ratio": 27.57,
            "inventory_turnover_ratio": 1.56,
            "account_receivable_turnover_ratio": 1.12,
            "reinvestment_rate": null,
            "research_to_sale_ratio": null,
            "price_fair": 0.92,
            "eps_avg_yearly": 0.31,
            "eps_latest_yearly": 0.24,
            "eps_growth_yearly": -127.3
        },
        "20093": {
            "year_quarter": 20093,
            "year": 2009,
            "quarter": 3,
            "eps": -0.02,
            "eps_growth_year": null,
            "eps_4q": -0.8,
            "eps_4q_growth_year": null,
            "roe": -0.53,
            "roe_4q": -10.9,
            "gross_profit": 56276,
            "gross_margin": 7.71,
            "gross_margin_4q_avg": -3.97,
            "net_income": -8826,
            "revenue": 729797,
            "common_shares": 1770779,
            "book_valuer_per_share": 8.51,
            "book_valuer_per_share_4q_avg": 8.52,
            "equity": 1664985,
            "current_ratio": 272.23,
            "debt_ratio": 27.02,
            "inventory_turnover_ratio": 1.63,
            "account_receivable_turnover_ratio": 1.17,
            "reinvestment_rate": null,
            "research_to_sale_ratio": null,
            "price_fair": 0.92,
            "eps_avg_yearly": 0.31,
            "eps_latest_yearly": 0.24,
            "eps_growth_yearly": -127.3
        },
        "20094": {
            "year_quarter": 20094,
            "year": 2009,
            "quarter": 4,
            "eps": -0.03,
            "eps_growth_year": null,
            "eps_4q": -0.24,
            "eps_4q_growth_year": null,
            "roe": -0.75,
            "roe_4q": -4.68,
            "gross_profit": 6019,
            "gross_margin": 0.9,
            "gross_margin_4q_avg": 3.78,
            "net_income": -12472,
            "revenue": 671360,
            "common_shares": 1770779,
            "book_valuer_per_share": 8.53,
            "book_valuer_per_share_4q_avg": 8.51,
            "equity": 1660333,
            "current_ratio": 267.98,
            "debt_ratio": 27.72,
            "inventory_turnover_ratio": 1.99,
            "account_receivable_turnover_ratio": 2.13,
            "reinvestment_rate": null,
            "research_to_sale_ratio": null,
            "price_fair": 0.92,
            "eps_avg_yearly": 0.31,
            "eps_latest_yearly": 0.24,
            "eps_growth_yearly": -127.3
        },
        "20101": {
            "year_quarter": 20101,
            "year": 2010,
            "quarter": 1,
            "eps": 0.02,
            "eps_growth_year": null,
            "eps_4q": -0.05,
            "eps_4q_growth_year": null,
            "roe": -0.04,
            "roe_4q": -1.48,
            "gross_profit": 35553,
            "gross_margin": 5.49,
            "gross_margin_4q_avg": 5.46,
            "net_income": -723,
            "revenue": 647923,
            "common_shares": 1770779,
            "book_valuer_per_share": 8.59,
            "book_valuer_per_share_4q_avg": 8.53,
            "equity": 1665300,
            "current_ratio": 245.38,
            "debt_ratio": 30.74,
            "inventory_turnover_ratio": 1.97,
            "account_receivable_turnover_ratio": 1.07,
            "reinvestment_rate": null,
            "research_to_sale_ratio": 0,
            "price_fair": 0.92,
            "eps_avg_yearly": 0.31,
            "eps_latest_yearly": 0.24,
            "eps_growth_yearly": -127.3
        },
        "20102": {
            "year_quarter": 20102,
            "year": 2010,
            "quarter": 2,
            "eps": 0.08,
            "eps_growth_year": null,
            "eps_4q": 0.06,
            "eps_4q_growth_year": null,
            "roe": 1.03,
            "roe_4q": -0.29000000000000004,
            "gross_profit": 86364,
            "gross_margin": 10.39,
            "gross_margin_4q_avg": 6.12,
            "net_income": 17272,
            "revenue": 831237,
            "common_shares": 1770779,
            "book_valuer_per_share": 8.66,
            "book_valuer_per_share_4q_avg": 8.57,
            "equity": 1680950,
            "current_ratio": 201.73,
            "debt_ratio": 38.71,
            "inventory_turnover_ratio": 1.75,
            "account_receivable_turnover_ratio": 1.3,
            "reinvestment_rate": null,
            "research_to_sale_ratio": 0,
            "price_fair": 8.87,
            "eps_avg_yearly": 0.25,
            "eps_latest_yearly": 0.32,
            "eps_growth_yearly": 348.89
        },
        "20103": {
            "year_quarter": 20103,
            "year": 2010,
            "quarter": 3,
            "eps": 0.36,
            "eps_growth_year": null,
            "eps_4q": 0.44,
            "eps_4q_growth_year": null,
            "roe": 3.6,
            "roe_4q": 3.84,
            "gross_profit": 98904,
            "gross_margin": 10.81,
            "gross_margin_4q_avg": 6.9,
            "net_income": 61645,
            "revenue": 914554,
            "common_shares": 1770779,
            "book_valuer_per_share": 9.01,
            "book_valuer_per_share_4q_avg": 8.7,
            "equity": 1739945,
            "current_ratio": 264.23,
            "debt_ratio": 30.31,
            "inventory_turnover_ratio": 1.73,
            "account_receivable_turnover_ratio": 1.21,
            "reinvestment_rate": null,
            "research_to_sale_ratio": 0,
            "price_fair": 23.33,
            "eps_avg_yearly": 0.67,
            "eps_latest_yearly": 1.44,
            "eps_growth_yearly": 893.33
        },
        "20104": {
            "year_quarter": 20104,
            "year": 2010,
            "quarter": 4,
            "eps": 0.17,
            "eps_growth_year": null,
            "eps_4q": 0.63,
            "eps_4q_growth_year": null,
            "roe": 1.53,
            "roe_4q": 6.12,
            "gross_profit": 61061,
            "gross_margin": 7.11,
            "gross_margin_4q_avg": 8.45,
            "net_income": 28738,
            "revenue": 859339,
            "common_shares": 1770779,
            "book_valuer_per_share": 10.65,
            "book_valuer_per_share_4q_avg": 9.23,
            "equity": 2028818,
            "current_ratio": 243.31,
            "debt_ratio": 33.44,
            "inventory_turnover_ratio": 1.56,
            "account_receivable_turnover_ratio": 1.16,
            "reinvestment_rate": null,
            "research_to_sale_ratio": 0,
            "price_fair": 28.47,
            "eps_avg_yearly": 0.81,
            "eps_latest_yearly": 0.68,
            "eps_growth_yearly": 796.3
        },
        "20111": {
            "year_quarter": 20111,
            "year": 2011,
            "quarter": 1,
            "eps": 0.26,
            "eps_growth_year": 1200,
            "eps_4q": 0.87,
            "eps_4q_growth_year": null,
            "roe": 2.23,
            "roe_4q": 8.389999999999999,
            "gross_profit": 92184,
            "gross_margin": 11.98,
            "gross_margin_4q_avg": 10.07,
            "net_income": 45694,
            "revenue": 769396,
            "common_shares": 1770779,
            "book_valuer_per_share": 10.88,
            "book_valuer_per_share_4q_avg": 9.8,
            "equity": 2068254,
            "current_ratio": 300.22,
            "debt_ratio": 28.47,
            "inventory_turnover_ratio": 1.2,
            "account_receivable_turnover_ratio": 1.18,
            "reinvestment_rate": null,
            "research_to_sale_ratio": null,
            "price_fair": 30.45,
            "eps_avg_yearly": 0.87,
            "eps_latest_yearly": 1.04,
            "eps_growth_yearly": 650.16
        },
        "20112": {
            "year_quarter": 20112,
            "year": 2011,
            "quarter": 2,
            "eps": 0.32,
            "eps_growth_year": 293.61,
            "eps_4q": 1.1,
            "eps_4q_growth_year": 1747.73,
            "roe": 2.79,
            "roe_4q": 10.15,
            "gross_profit": 108672,
            "gross_margin": 12.32,
            "gross_margin_4q_avg": 10.56,
            "net_income": 58270,
            "revenue": 882093,
            "common_shares": 1770779,
            "book_valuer_per_share": 11.12,
            "book_valuer_per_share_4q_avg": 10.42,
            "equity": 2112925,
            "current_ratio": 374.52,
            "debt_ratio": 24.71,
            "inventory_turnover_ratio": 1.31,
            "account_receivable_turnover_ratio": 1.36,
            "reinvestment_rate": null,
            "research_to_sale_ratio": null,
            "price_fair": 33.32,
            "eps_avg_yearly": 0.95,
            "eps_latest_yearly": 1.28,
            "eps_growth_yearly": 538.59
        },
        "20113": {
            "year_quarter": 20113,
            "year": 2011,
            "quarter": 3,
            "eps": 0.1,
            "eps_growth_year": -73.74,
            "eps_4q": 0.83,
            "eps_4q_growth_year": 88.56,
            "roe": 0.84,
            "roe_4q": 7.39,
            "gross_profit": 98420,
            "gross_margin": 9.74,
            "gross_margin_4q_avg": 10.29,
            "net_income": 17829,
            "revenue": 1010785,
            "common_shares": 1770779,
            "book_valuer_per_share": 11.18,
            "book_valuer_per_share_4q_avg": 10.96,
            "equity": 2125456,
            "current_ratio": 234.71,
            "debt_ratio": 35.21,
            "inventory_turnover_ratio": 1.58,
            "account_receivable_turnover_ratio": 1.36,
            "reinvestment_rate": null,
            "research_to_sale_ratio": null,
            "price_fair": 30.1,
            "eps_avg_yearly": 0.86,
            "eps_latest_yearly": 0.4,
            "eps_growth_yearly": 402.99
        },
        "20114": {
            "year_quarter": 20114,
            "year": 2011,
            "quarter": 4,
            "eps": 0.15,
            "eps_growth_year": -12.22,
            "eps_4q": 0.81,
            "eps_4q_growth_year": 28.27,
            "roe": 1.36,
            "roe_4q": 7.220000000000001,
            "gross_profit": 43774,
            "gross_margin": 4.38,
            "gross_margin_4q_avg": 9.61,
            "net_income": 29041,
            "revenue": 1000548,
            "common_shares": 1770779,
            "book_valuer_per_share": 11.29,
            "book_valuer_per_share_4q_avg": 11.12,
            "equity": 2149468,
            "current_ratio": 224.74,
            "debt_ratio": 36.73,
            "inventory_turnover_ratio": 1.67,
            "account_receivable_turnover_ratio": 1.23,
            "reinvestment_rate": 1165.23,
            "research_to_sale_ratio": null,
            "price_fair": 28.8,
            "eps_avg_yearly": 0.82,
            "eps_latest_yearly": 0.6,
            "eps_growth_yearly": 373.99
        },
        "20121": {
            "year_quarter": 20121,
            "year": 2012,
            "quarter": 1,
            "eps": 0.16,
            "eps_growth_year": -38.46,
            "eps_4q": 0.72,
            "eps_4q_growth_year": -16.77,
            "roe": 1.68,
            "roe_4q": 6.67,
            "gross_profit": 75362,
            "gross_margin": 9.14,
            "gross_margin_4q_avg": 8.9,
            "net_income": 36443,
            "revenue": 824940,
            "common_shares": 1770779,
            "book_valuer_per_share": 11.45,
            "book_valuer_per_share_4q_avg": 11.26,
            "equity": 2184033,
            "current_ratio": 332.88,
            "debt_ratio": 27.33,
            "inventory_turnover_ratio": 1.1,
            "account_receivable_turnover_ratio": 1.14,
            "reinvestment_rate": 792.29,
            "research_to_sale_ratio": null,
            "price_fair": 28,
            "eps_avg_yearly": 0.8,
            "eps_latest_yearly": 0.64,
            "eps_growth_yearly": 330.58
        },
        "20122": {
            "year_quarter": 20122,
            "year": 2012,
            "quarter": 2,
            "eps": 0.17,
            "eps_growth_year": -45.59,
            "eps_4q": 0.58,
            "eps_4q_growth_year": -47.6,
            "roe": 1.35,
            "roe_4q": 5.23,
            "gross_profit": 82369,
            "gross_margin": 8.25,
            "gross_margin_4q_avg": 7.88,
            "net_income": 29622,
            "revenue": 998654,
            "common_shares": 1770779,
            "book_valuer_per_share": 11.59,
            "book_valuer_per_share_4q_avg": 11.38,
            "equity": 2207079,
            "current_ratio": 346.45,
            "debt_ratio": 26.77,
            "inventory_turnover_ratio": 1.35,
            "account_receivable_turnover_ratio": 1.33,
            "reinvestment_rate": 331.46,
            "research_to_sale_ratio": null,
            "price_fair": 27.53,
            "eps_avg_yearly": 0.79,
            "eps_latest_yearly": 0.68,
            "eps_growth_yearly": 296.63
        },
        "20123": {
            "year_quarter": 20123,
            "year": 2012,
            "quarter": 3,
            "eps": 0.34,
            "eps_growth_year": 252.18,
            "eps_4q": 0.82,
            "eps_4q_growth_year": -1.7,
            "roe": 2.68,
            "roe_4q": 7.07,
            "gross_profit": 122253,
            "gross_margin": 11.77,
            "gross_margin_4q_avg": 8.39,
            "net_income": 59988,
            "revenue": 1038485,
            "common_shares": 1770779,
            "book_valuer_per_share": 11.98,
            "book_valuer_per_share_4q_avg": 11.58,
            "equity": 2276884,
            "current_ratio": 436.01,
            "debt_ratio": 23.66,
            "inventory_turnover_ratio": 1.48,
            "account_receivable_turnover_ratio": 1.17,
            "reinvestment_rate": 157.24,
            "research_to_sale_ratio": null,
            "price_fair": 29.54,
            "eps_avg_yearly": 0.84,
            "eps_latest_yearly": 1.36,
            "eps_growth_yearly": 306.96
        },
        "20124": {
            "year_quarter": 20124,
            "year": 2012,
            "quarter": 4,
            "eps": 0.14,
            "eps_growth_year": -6.43,
            "eps_4q": 0.81,
            "eps_4q_growth_year": -0.4,
            "roe": 0.98,
            "roe_4q": 6.6899999999999995,
            "gross_profit": 66066,
            "gross_margin": 7.44,
            "gross_margin_4q_avg": 9.15,
            "net_income": 22484,
            "revenue": 887419,
            "common_shares": 1770779,
            "book_valuer_per_share": 12.1,
            "book_valuer_per_share_4q_avg": 11.78,
            "equity": 2296130,
            "current_ratio": 436.54,
            "debt_ratio": 23.59,
            "inventory_turnover_ratio": 1.18,
            "account_receivable_turnover_ratio": 1.06,
            "reinvestment_rate": 91.33,
            "research_to_sale_ratio": null,
            "price_fair": 28.64,
            "eps_avg_yearly": 0.82,
            "eps_latest_yearly": 0.56,
            "eps_growth_yearly": 257.67
        },
        "20131": {
            "year_quarter": 20131,
            "year": 2013,
            "quarter": 1,
            "eps": 0.12,
            "eps_growth_year": -25,
            "eps_4q": 0.76,
            "eps_4q_growth_year": 5.87,
            "roe": 1.4,
            "roe_4q": 6.41,
            "gross_profit": 83428,
            "gross_margin": 10.3,
            "gross_margin_4q_avg": 9.44,
            "net_income": 32045,
            "revenue": 810335,
            "common_shares": 1770779,
            "book_valuer_per_share": 12.01,
            "book_valuer_per_share_4q_avg": 11.92,
            "equity": 2287894,
            "current_ratio": 456,
            "debt_ratio": 23.41,
            "inventory_turnover_ratio": 1.05,
            "account_receivable_turnover_ratio": 1.16,
            "reinvestment_rate": 81.43,
            "research_to_sale_ratio": null,
            "price_fair": 27.65,
            "eps_avg_yearly": 0.79,
            "eps_latest_yearly": 0.48,
            "eps_growth_yearly": 231.43
        },
        "20132": {
            "year_quarter": 20132,
            "year": 2013,
            "quarter": 2,
            "eps": 0.04,
            "eps_growth_year": -76.7,
            "eps_4q": 0.63,
            "eps_4q_growth_year": 9.24,
            "roe": -0.48,
            "roe_4q": 4.58,
            "gross_profit": 37510,
            "gross_margin": 4.45,
            "gross_margin_4q_avg": 8.49,
            "net_income": -10843,
            "revenue": 842278,
            "common_shares": 1770779,
            "book_valuer_per_share": 11.61,
            "book_valuer_per_share_4q_avg": 11.93,
            "equity": 2199980,
            "current_ratio": 427.6,
            "debt_ratio": 24.46,
            "inventory_turnover_ratio": 1.3,
            "account_receivable_turnover_ratio": 1.24,
            "reinvestment_rate": 77.9,
            "research_to_sale_ratio": null,
            "price_fair": 25.95,
            "eps_avg_yearly": 0.74,
            "eps_latest_yearly": 0.16,
            "eps_growth_yearly": 193.12
        },
        "20133": {
            "year_quarter": 20133,
            "year": 2013,
            "quarter": 3,
            "eps": 0.19,
            "eps_growth_year": -43.65,
            "eps_4q": 0.48,
            "eps_4q_growth_year": -40.99,
            "roe": 1.95,
            "roe_4q": 3.85,
            "gross_profit": 94231,
            "gross_margin": 9.79,
            "gross_margin_4q_avg": 8,
            "net_income": 43560,
            "revenue": 962964,
            "common_shares": 1770779,
            "book_valuer_per_share": 11.9,
            "book_valuer_per_share_4q_avg": 11.91,
            "equity": 2261203,
            "current_ratio": 551.46,
            "debt_ratio": 21.42,
            "inventory_turnover_ratio": 1.53,
            "account_receivable_turnover_ratio": 1.33,
            "reinvestment_rate": 78.52,
            "research_to_sale_ratio": null,
            "price_fair": 26,
            "eps_avg_yearly": 0.74,
            "eps_latest_yearly": 0.76,
            "eps_growth_yearly": 286.47
        },
        "20134": {
            "year_quarter": 20134,
            "year": 2013,
            "quarter": 4,
            "eps": -0.02,
            "eps_growth_year": -117.48,
            "eps_4q": 0.32,
            "eps_4q_growth_year": -60.04,
            "roe": -1.08,
            "roe_4q": 1.7899999999999998,
            "gross_profit": 31560,
            "gross_margin": 3.43,
            "gross_margin_4q_avg": 6.99,
            "net_income": -24321,
            "revenue": 920244,
            "common_shares": 1770779,
            "book_valuer_per_share": 11.98,
            "book_valuer_per_share_4q_avg": 11.88,
            "equity": 2254812,
            "current_ratio": 372.06,
            "debt_ratio": 27.03,
            "inventory_turnover_ratio": 1.72,
            "account_receivable_turnover_ratio": 1.26,
            "reinvestment_rate": 55.99,
            "research_to_sale_ratio": null,
            "price_fair": 26,
            "eps_avg_yearly": 0.74,
            "eps_latest_yearly": 0.76,
            "eps_growth_yearly": 286.47
        },
        "20141": {
            "year_quarter": 20141,
            "year": 2014,
            "quarter": 1,
            "eps": 0.12,
            "eps_growth_year": 0,
            "eps_4q": 0.32,
            "eps_4q_growth_year": -57.53,
            "roe": 1.05,
            "roe_4q": 1.44,
            "gross_profit": 75767,
            "gross_margin": 10.07,
            "gross_margin_4q_avg": 6.94,
            "net_income": 23778,
            "revenue": 752609,
            "common_shares": 1770779,
            "book_valuer_per_share": 12.11,
            "book_valuer_per_share_4q_avg": 11.9,
            "equity": 2280069,
            "current_ratio": 373.17,
            "debt_ratio": 26.82,
            "inventory_turnover_ratio": 1.27,
            "account_receivable_turnover_ratio": 1.21,
            "reinvestment_rate": 55.31,
            "research_to_sale_ratio": null,
            "price_fair": 26,
            "eps_avg_yearly": 0.74,
            "eps_latest_yearly": 0.76,
            "eps_growth_yearly": 286.47
        },
        "20142": {
            "year_quarter": 20142,
            "year": 2014,
            "quarter": 2,
            "eps": 0.11,
            "eps_growth_year": 175,
            "eps_4q": 0.39,
            "eps_4q_growth_year": -37.61,
            "roe": 0.65,
            "roe_4q": 2.5700000000000003,
            "gross_profit": 68035,
            "gross_margin": 8.42,
            "gross_margin_4q_avg": 7.93,
            "net_income": 14581,
            "revenue": 807569,
            "common_shares": 1770779,
            "book_valuer_per_share": 11.82,
            "book_valuer_per_share_4q_avg": 11.95,
            "equity": 2223472,
            "current_ratio": 387.72,
            "debt_ratio": 26.09,
            "inventory_turnover_ratio": 1.27,
            "account_receivable_turnover_ratio": 1.39,
            "reinvestment_rate": 63.78,
            "research_to_sale_ratio": null,
            "price_fair": 26.3,
            "eps_avg_yearly": 0.75,
            "eps_latest_yearly": 0.44,
            "eps_growth_yearly": 198.37
        },
        "20143": {
            "year_quarter": 20143,
            "year": 2014,
            "quarter": 3,
            "eps": 0.1,
            "eps_growth_year": -47.37,
            "eps_4q": 0.3,
            "eps_4q_growth_year": -37.79,
            "roe": 0.49,
            "roe_4q": 1.1100000000000003,
            "gross_profit": 85338,
            "gross_margin": 9.1,
            "gross_margin_4q_avg": 7.76,
            "net_income": 10819,
            "revenue": 937806,
            "common_shares": 1770779,
            "book_valuer_per_share": 11.87,
            "book_valuer_per_share_4q_avg": 11.95,
            "equity": 2225184,
            "current_ratio": 372.02,
            "debt_ratio": 26.83,
            "inventory_turnover_ratio": 1.46,
            "account_receivable_turnover_ratio": 1.38,
            "reinvestment_rate": 73.95,
            "research_to_sale_ratio": null,
            "price_fair": 23.7,
            "eps_avg_yearly": 0.68,
            "eps_latest_yearly": 0.4,
            "eps_growth_yearly": 95.77
        },
        "20144": {
            "year_quarter": 20144,
            "year": 2014,
            "quarter": 4,
            "eps": -0.02,
            "eps_growth_year": null,
            "eps_4q": 0.3,
            "eps_4q_growth_year": -6.64,
            "roe": -0.33,
            "roe_4q": 1.86,
            "gross_profit": 31654,
            "gross_margin": 2.49,
            "gross_margin_4q_avg": 7.52,
            "net_income": -7311,
            "revenue": 1271971,
            "common_shares": 1770779,
            "book_valuer_per_share": 11.84,
            "book_valuer_per_share_4q_avg": 11.91,
            "equity": 2216177,
            "current_ratio": 288.93,
            "debt_ratio": 32.12,
            "inventory_turnover_ratio": 2.24,
            "account_receivable_turnover_ratio": 1.69,
            "reinvestment_rate": -26.34,
            "research_to_sale_ratio": null,
            "price_fair": 23.69,
            "eps_avg_yearly": 0.68,
            "eps_latest_yearly": 0.4,
            "eps_growth_yearly": 119.38
        },
        "20151": {
            "year_quarter": 20151,
            "year": 2015,
            "quarter": 1,
            "eps": -0.01,
            "eps_growth_year": -108.33,
            "eps_4q": 0.17,
            "eps_4q_growth_year": -46.45,
            "roe": -0.17,
            "roe_4q": 0.64,
            "gross_profit": 50124,
            "gross_margin": 5.99,
            "gross_margin_4q_avg": 6.5,
            "net_income": -3834,
            "revenue": 837271,
            "common_shares": 1770779,
            "book_valuer_per_share": 11.88,
            "book_valuer_per_share_4q_avg": 11.85,
            "equity": 2221193,
            "current_ratio": 380.04,
            "debt_ratio": 26.34,
            "inventory_turnover_ratio": 1.36,
            "account_receivable_turnover_ratio": 1.25,
            "reinvestment_rate": -31.39,
            "research_to_sale_ratio": null,
            "price_fair": 22.63,
            "eps_avg_yearly": 0.65,
            "eps_latest_yearly": 0.4,
            "eps_growth_yearly": 111.68
        },
        "20152": {
            "year_quarter": 20152,
            "year": 2015,
            "quarter": 2,
            "eps": 0.17,
            "eps_growth_year": 54.55,
            "eps_4q": 0.24,
            "eps_4q_growth_year": -39.16,
            "roe": 0.84,
            "roe_4q": 0.8299999999999998,
            "gross_profit": 81737,
            "gross_margin": 10.7,
            "gross_margin_4q_avg": 7.07,
            "net_income": 18393,
            "revenue": 764209,
            "common_shares": 1770779,
            "book_valuer_per_share": 11.69,
            "book_valuer_per_share_4q_avg": 11.82,
            "equity": 2173278,
            "current_ratio": 341.67,
            "debt_ratio": 28.04,
            "inventory_turnover_ratio": 1.24,
            "account_receivable_turnover_ratio": 1.37,
            "reinvestment_rate": -29.18,
            "research_to_sale_ratio": null,
            "price_fair": 20.62,
            "eps_avg_yearly": 0.59,
            "eps_latest_yearly": 0.4,
            "eps_growth_yearly": 113.44
        },
        "20153": {
            "year_quarter": 20153,
            "year": 2015,
            "quarter": 3,
            "eps": 0.32,
            "eps_growth_year": 220,
            "eps_4q": 0.47,
            "eps_4q_growth_year": 54.71,
            "roe": 2.95,
            "roe_4q": 3.29,
            "gross_profit": 117109,
            "gross_margin": 14.14,
            "gross_margin_4q_avg": 8.33,
            "net_income": 65702,
            "revenue": 828448,
            "common_shares": 1770779,
            "book_valuer_per_share": 11.97,
            "book_valuer_per_share_4q_avg": 11.85,
            "equity": 2279522,
            "current_ratio": 444.13,
            "debt_ratio": 24.37,
            "inventory_turnover_ratio": 1.3,
            "account_receivable_turnover_ratio": 1.34,
            "reinvestment_rate": -23.33,
            "research_to_sale_ratio": null,
            "price_fair": 23.42,
            "eps_avg_yearly": 0.67,
            "eps_latest_yearly": 1.28,
            "eps_growth_yearly": 170.53
        },
        "20154": {
            "year_quarter": 20154,
            "year": 2015,
            "quarter": 4,
            "eps": 0.19,
            "eps_growth_year": null,
            "eps_4q": 0.67,
            "eps_4q_growth_year": 123.32,
            "roe": 1.17,
            "roe_4q": 4.79,
            "gross_profit": 98332,
            "gross_margin": 11.63,
            "gross_margin_4q_avg": 10.62,
            "net_income": 26860,
            "revenue": 845852,
            "common_shares": 1770779,
            "book_valuer_per_share": 12.15,
            "book_valuer_per_share_4q_avg": 11.92,
            "equity": 2306414,
            "current_ratio": 410.25,
            "debt_ratio": 25.47,
            "inventory_turnover_ratio": 1.26,
            "account_receivable_turnover_ratio": 1.26,
            "reinvestment_rate": -22.17,
            "research_to_sale_ratio": null,
            "price_fair": 23.93,
            "eps_avg_yearly": 0.68,
            "eps_latest_yearly": 0.76,
            "eps_growth_yearly": 137.57
        },
        "20161": {
            "year_quarter": 20161,
            "year": 2016,
            "quarter": 1,
            "eps": 0.19,
            "eps_growth_year": null,
            "eps_4q": 0.87,
            "eps_4q_growth_year": 400.49,
            "roe": 1.68,
            "roe_4q": 6.64,
            "gross_profit": 93610,
            "gross_margin": 14.49,
            "gross_margin_4q_avg": 12.74,
            "net_income": 38904,
            "revenue": 646025,
            "common_shares": 1770779,
            "book_valuer_per_share": 12.29,
            "book_valuer_per_share_4q_avg": 12.03,
            "equity": 2333911,
            "current_ratio": 458.82,
            "debt_ratio": 20.99,
            "inventory_turnover_ratio": 0.91,
            "account_receivable_turnover_ratio": 1.05,
            "reinvestment_rate": -17.43,
            "research_to_sale_ratio": null,
            "price_fair": 24.31,
            "eps_avg_yearly": 0.69,
            "eps_latest_yearly": 0.76,
            "eps_growth_yearly": 135.15
        },
        "20162": {
            "year_quarter": 20162,
            "year": 2016,
            "quarter": 2,
            "eps": 0.31,
            "eps_growth_year": 82.35,
            "eps_4q": 1,
            "eps_4q_growth_year": 318.02,
            "roe": 2.5,
            "roe_4q": 8.3,
            "gross_profit": 122138,
            "gross_margin": 15.61,
            "gross_margin_4q_avg": 13.97,
            "net_income": 58037,
            "revenue": 782528,
            "common_shares": 1770779,
            "book_valuer_per_share": 12.11,
            "book_valuer_per_share_4q_avg": 12.13,
            "equity": 2305632,
            "current_ratio": 416.79,
            "debt_ratio": 22.34,
            "inventory_turnover_ratio": 1.16,
            "account_receivable_turnover_ratio": 1.22,
            "reinvestment_rate": -13.46,
            "research_to_sale_ratio": null,
            "price_fair": 26.09,
            "eps_avg_yearly": 0.75,
            "eps_latest_yearly": 1.24,
            "eps_growth_yearly": 155.84
        },
        "20163": {
            "year_quarter": 20163,
            "year": 2016,
            "quarter": 3,
            "eps": 0.23,
            "eps_growth_year": -28.12,
            "eps_4q": 0.91,
            "eps_4q_growth_year": 96.02,
            "roe": 1.12,
            "roe_4q": 6.47,
            "gross_profit": 93984,
            "gross_margin": 13.54,
            "gross_margin_4q_avg": 13.82,
            "net_income": 26072,
            "revenue": 694109,
            "common_shares": 1770779,
            "book_valuer_per_share": 12.43,
            "book_valuer_per_share_4q_avg": 12.25,
            "equity": 2348668,
            "current_ratio": 469.33,
            "debt_ratio": 20.53,
            "inventory_turnover_ratio": 1.09,
            "account_receivable_turnover_ratio": 0.93,
            "reinvestment_rate": -11.19,
            "research_to_sale_ratio": null,
            "price_fair": 24.69,
            "eps_avg_yearly": 0.71,
            "eps_latest_yearly": 0.92,
            "eps_growth_yearly": 110.1
        },
        "20164": {
            "year_quarter": 20164,
            "year": 2016,
            "quarter": 4,
            "eps": 0.21,
            "eps_growth_year": 10.14,
            "eps_4q": 0.93,
            "eps_4q_growth_year": 38,
            "roe": 2.75,
            "roe_4q": 8.05,
            "gross_profit": 86317,
            "gross_margin": 11.65,
            "gross_margin_4q_avg": 13.82,
            "net_income": 65246,
            "revenue": 741049,
            "common_shares": 1770779,
            "book_valuer_per_share": 12.62,
            "book_valuer_per_share_4q_avg": 12.36,
            "equity": 2402622,
            "current_ratio": 485.21,
            "debt_ratio": 20.3,
            "inventory_turnover_ratio": 1.17,
            "account_receivable_turnover_ratio": 1.11,
            "reinvestment_rate": -10.36,
            "research_to_sale_ratio": null,
            "price_fair": 25.58,
            "eps_avg_yearly": 0.73,
            "eps_latest_yearly": 0.84,
            "eps_growth_yearly": 128.32
        },
        "20171": {
            "year_quarter": 20171,
            "year": 2017,
            "quarter": 1,
            "eps": 0.05,
            "eps_growth_year": -73.68,
            "eps_4q": 0.8,
            "eps_4q_growth_year": -8.35,
            "roe": 0.24,
            "roe_4q": 6.61,
            "gross_profit": 64782,
            "gross_margin": 13.05,
            "gross_margin_4q_avg": 13.46,
            "net_income": 5883,
            "revenue": 496342,
            "common_shares": 1770779,
            "book_valuer_per_share": 12.76,
            "book_valuer_per_share_4q_avg": 12.48,
            "equity": 2425149,
            "current_ratio": 620.26,
            "debt_ratio": 17.29,
            "inventory_turnover_ratio": 0.89,
            "account_receivable_turnover_ratio": 0.99,
            "reinvestment_rate": -6.12,
            "research_to_sale_ratio": null,
            "price_fair": 24.69,
            "eps_avg_yearly": 0.71,
            "eps_latest_yearly": 0.2,
            "eps_growth_yearly": 105.81
        },
        "20172": {
            "year_quarter": 20172,
            "year": 2017,
            "quarter": 2,
            "eps": 0.13,
            "eps_growth_year": -58.06,
            "eps_4q": 0.62,
            "eps_4q_growth_year": -37.95,
            "roe": 1.21,
            "roe_4q": 5.32,
            "gross_profit": 63276,
            "gross_margin": 11.12,
            "gross_margin_4q_avg": 12.34,
            "net_income": 28770,
            "revenue": 568834,
            "common_shares": 1770779,
            "book_valuer_per_share": 12.25,
            "book_valuer_per_share_4q_avg": 12.52,
            "equity": 2334018,
            "current_ratio": 454.48,
            "debt_ratio": 20.88,
            "inventory_turnover_ratio": 1.03,
            "account_receivable_turnover_ratio": 1.31,
            "reinvestment_rate": 1.01,
            "research_to_sale_ratio": null,
            "price_fair": 25.84,
            "eps_avg_yearly": 0.74,
            "eps_latest_yearly": 0.52,
            "eps_growth_yearly": 188.24
        },
        "20173": {
            "year_quarter": 20173,
            "year": 2017,
            "quarter": 3,
            "eps": 0.19,
            "eps_growth_year": -17.39,
            "eps_4q": 0.58,
            "eps_4q_growth_year": -36.11,
            "roe": 1.55,
            "roe_4q": 5.75,
            "gross_profit": 81929,
            "gross_margin": 12.92,
            "gross_margin_4q_avg": 12.19,
            "net_income": 36376,
            "revenue": 634259,
            "common_shares": 1770779,
            "book_valuer_per_share": 12.41,
            "book_valuer_per_share_4q_avg": 12.51,
            "equity": 2364119,
            "current_ratio": 521.18,
            "debt_ratio": 19.18,
            "inventory_turnover_ratio": 1.06,
            "account_receivable_turnover_ratio": 1.29,
            "reinvestment_rate": -5.33,
            "research_to_sale_ratio": null,
            "price_fair": 25.84,
            "eps_avg_yearly": 0.74,
            "eps_latest_yearly": 0.76,
            "eps_growth_yearly": 68.66
        },
        "20174": {
            "year_quarter": 20174,
            "year": 2017,
            "quarter": 4,
            "eps": 0.06,
            "eps_growth_year": -70.81,
            "eps_4q": 0.44,
            "eps_4q_growth_year": -53.07,
            "roe": 0.55,
            "roe_4q": 3.55,
            "gross_profit": 64897,
            "gross_margin": 9.73,
            "gross_margin_4q_avg": 11.71,
            "net_income": 13134,
            "revenue": 667170,
            "common_shares": 1770779,
            "book_valuer_per_share": 12.52,
            "book_valuer_per_share_4q_avg": 12.49,
            "equity": 2386159,
            "current_ratio": 441.68,
            "debt_ratio": 21.18,
            "inventory_turnover_ratio": 1.09,
            "account_receivable_turnover_ratio": 1.25,
            "reinvestment_rate": -0.07,
            "research_to_sale_ratio": null,
            "price_fair": 24.38,
            "eps_avg_yearly": 0.7,
            "eps_latest_yearly": 0.24,
            "eps_growth_yearly": 40.13
        },
        "20181": {
            "year_quarter": 20181,
            "year": 2018,
            "quarter": 1,
            "eps": 0.18,
            "eps_growth_year": 260,
            "eps_4q": 0.57,
            "eps_4q_growth_year": -28.4,
            "roe": 1.41,
            "roe_4q": 4.72,
            "gross_profit": 65957,
            "gross_margin": 11.49,
            "gross_margin_4q_avg": 11.32,
            "net_income": 33791,
            "revenue": 573904,
            "common_shares": 1770779,
            "book_valuer_per_share": 12.71,
            "book_valuer_per_share_4q_avg": 12.47,
            "equity": 2420314,
            "current_ratio": 504.25,
            "debt_ratio": 19.15,
            "inventory_turnover_ratio": 0.99,
            "account_receivable_turnover_ratio": 1.1,
            "reinvestment_rate": 1.51,
            "research_to_sale_ratio": null,
            "price_fair": 24.45,
            "eps_avg_yearly": 0.7,
            "eps_latest_yearly": 0.72,
            "eps_growth_yearly": 98.58
        },
        "20182": {
            "year_quarter": 20182,
            "year": 2018,
            "quarter": 2,
            "eps": 0.14,
            "eps_growth_year": 7.69,
            "eps_4q": 0.58,
            "eps_4q_growth_year": -6.55,
            "roe": 1.36,
            "roe_4q": 4.87,
            "gross_profit": 99479,
            "gross_margin": 15.79,
            "gross_margin_4q_avg": 12.48,
            "net_income": 32542,
            "revenue": 630071,
            "common_shares": 1770779,
            "book_valuer_per_share": 12.45,
            "book_valuer_per_share_4q_avg": 12.52,
            "equity": 2375958,
            "current_ratio": 371.62,
            "debt_ratio": 24.33,
            "inventory_turnover_ratio": 1.11,
            "account_receivable_turnover_ratio": 1.14,
            "reinvestment_rate": 0.02,
            "research_to_sale_ratio": null,
            "price_fair": 24.77,
            "eps_avg_yearly": 0.71,
            "eps_latest_yearly": 0.56,
            "eps_growth_yearly": 94.31
        },
        "20183": {
            "year_quarter": 20183,
            "year": 2018,
            "quarter": 3,
            "eps": 0.09,
            "eps_growth_year": -52.63,
            "eps_4q": 0.48,
            "eps_4q_growth_year": -17.06,
            "roe": 0.88,
            "roe_4q": 4.2,
            "gross_profit": 81142,
            "gross_margin": 10.95,
            "gross_margin_4q_avg": 11.99,
            "net_income": 20892,
            "revenue": 741179,
            "common_shares": 1770779,
            "book_valuer_per_share": 12.55,
            "book_valuer_per_share_4q_avg": 12.56,
            "equity": 2396849,
            "current_ratio": 453.2,
            "debt_ratio": 20.95,
            "inventory_turnover_ratio": 1.2,
            "account_receivable_turnover_ratio": 1.25,
            "reinvestment_rate": 0.08,
            "research_to_sale_ratio": null,
            "price_fair": 24.66,
            "eps_avg_yearly": 0.7,
            "eps_latest_yearly": 0.36,
            "eps_growth_yearly": 86.11
        },
        "20184": {
            "year_quarter": 20184,
            "year": 2018,
            "quarter": 4,
            "eps": 0.1,
            "eps_growth_year": 73.71,
            "eps_4q": 0.53,
            "eps_4q_growth_year": 20.75,
            "roe": 1.06,
            "roe_4q": 4.71,
            "gross_profit": 90738,
            "gross_margin": 11.31,
            "gross_margin_4q_avg": 12.39,
            "net_income": 25491,
            "revenue": 802109,
            "common_shares": 1770779,
            "book_valuer_per_share": 12.64,
            "book_valuer_per_share_4q_avg": 12.59,
            "equity": 2420348,
            "current_ratio": 419.48,
            "debt_ratio": 22.09,
            "inventory_turnover_ratio": 1.32,
            "account_receivable_turnover_ratio": 1.24,
            "reinvestment_rate": 2.92,
            "research_to_sale_ratio": null,
            "price_fair": 23.9,
            "eps_avg_yearly": 0.68,
            "eps_latest_yearly": 0.4,
            "eps_growth_yearly": 83.14
        },
        "20191": {
            "year_quarter": 20191,
            "year": 2019,
            "quarter": 1,
            "eps": 0.05,
            "eps_growth_year": -72.22,
            "eps_4q": 0.39,
            "eps_4q_growth_year": -30.91,
            "roe": 0.62,
            "roe_4q": 3.92,
            "gross_profit": 68135,
            "gross_margin": 11.12,
            "gross_margin_4q_avg": 12.29,
            "net_income": 15096,
            "revenue": 612597,
            "common_shares": 1770779,
            "book_valuer_per_share": 12.7,
            "book_valuer_per_share_4q_avg": 12.59,
            "equity": 2437557,
            "current_ratio": 490.86,
            "debt_ratio": 19.54,
            "inventory_turnover_ratio": 1.09,
            "account_receivable_turnover_ratio": 0.98,
            "reinvestment_rate": 3.49,
            "research_to_sale_ratio": null,
            "price_fair": 22.77,
            "eps_avg_yearly": 0.65,
            "eps_latest_yearly": 0.2,
            "eps_growth_yearly": 64.26
        },
        "20192": {
            "year_quarter": 20192,
            "year": 2019,
            "quarter": 2,
            "eps": 0.14,
            "eps_growth_year": 0,
            "eps_4q": 0.4,
            "eps_4q_growth_year": -31.89,
            "roe": 1.19,
            "roe_4q": 3.75,
            "gross_profit": 103104,
            "gross_margin": 14.84,
            "gross_margin_4q_avg": 12.06,
            "net_income": 28537,
            "revenue": 694541,
            "common_shares": 1770779,
            "book_valuer_per_share": 12.38,
            "book_valuer_per_share_4q_avg": 12.57,
            "equity": 2367305,
            "current_ratio": 426.73,
            "debt_ratio": 21.28,
            "inventory_turnover_ratio": 1.15,
            "account_receivable_turnover_ratio": 1.15,
            "reinvestment_rate": 2.4,
            "research_to_sale_ratio": null,
            "price_fair": 22.58,
            "eps_avg_yearly": 0.65,
            "eps_latest_yearly": 0.56,
            "eps_growth_yearly": 105.25
        },
        "20193": {
            "year_quarter": 20193,
            "year": 2019,
            "quarter": 3,
            "eps": 0.26,
            "eps_growth_year": 188.89,
            "eps_4q": 0.56,
            "eps_4q_growth_year": 16.4,
            "roe": 2.03,
            "roe_4q": 4.9,
            "gross_profit": 123713,
            "gross_margin": 16.09,
            "gross_margin_4q_avg": 13.34,
            "net_income": 48528,
            "revenue": 768768,
            "common_shares": 1770779,
            "book_valuer_per_share": 12.65,
            "book_valuer_per_share_4q_avg": 12.59,
            "equity": 2415833,
            "current_ratio": 499.29,
            "debt_ratio": 18.77,
            "inventory_turnover_ratio": 1.2,
            "account_receivable_turnover_ratio": 1.17,
            "reinvestment_rate": 2.1,
            "research_to_sale_ratio": null,
            "price_fair": 22.05,
            "eps_avg_yearly": 0.63,
            "eps_latest_yearly": 1.04,
            "eps_growth_yearly": 104.62
        },
        "20194": {
            "year_quarter": 20194,
            "year": 2019,
            "quarter": 4,
            "eps": 0.25,
            "eps_growth_year": 141.65,
            "eps_4q": 0.71,
            "eps_4q_growth_year": 34.65,
            "roe": 1.96,
            "roe_4q": 5.8,
            "gross_profit": 123775,
            "gross_margin": 13.66,
            "gross_margin_4q_avg": 13.93,
            "net_income": 47923,
            "revenue": 906445,
            "common_shares": 1770779,
            "book_valuer_per_share": 12.98,
            "book_valuer_per_share_4q_avg": 12.68,
            "equity": 2478489,
            "current_ratio": 409.82,
            "debt_ratio": 21.31,
            "inventory_turnover_ratio": 1.45,
            "account_receivable_turnover_ratio": 1.29,
            "reinvestment_rate": 4.46,
            "research_to_sale_ratio": null,
            "price_fair": 22.58,
            "eps_avg_yearly": 0.65,
            "eps_latest_yearly": 1,
            "eps_growth_yearly": 113.81
        },
        "20201": {
            "year_quarter": 20201,
            "year": 2020,
            "quarter": 1,
            "eps": 0.09,
            "eps_growth_year": 80,
            "eps_4q": 0.75,
            "eps_4q_growth_year": 91.09,
            "roe": 0.73,
            "roe_4q": 5.91,
            "gross_profit": 99869,
            "gross_margin": 16.61,
            "gross_margin_4q_avg": 15.3,
            "net_income": 18229,
            "revenue": 601390,
            "common_shares": 1770779,
            "book_valuer_per_share": 13.08,
            "book_valuer_per_share_4q_avg": 12.77,
            "equity": 2496718,
            "current_ratio": 467.65,
            "debt_ratio": 19.36,
            "inventory_turnover_ratio": 0.91,
            "account_receivable_turnover_ratio": 0.93,
            "reinvestment_rate": 12.63,
            "research_to_sale_ratio": null,
            "price_fair": 21.7,
            "eps_avg_yearly": 0.62,
            "eps_latest_yearly": 0.36,
            "eps_growth_yearly": 97.81
        },
        "20202": {
            "year_quarter": 20202,
            "year": 2020,
            "quarter": 2,
            "eps": 0.3,
            "eps_growth_year": 114.29,
            "eps_4q": 0.91,
            "eps_4q_growth_year": 130.01,
            "roe": 2.14,
            "roe_4q": 6.859999999999999,
            "gross_profit": 90223,
            "gross_margin": 14.06,
            "gross_margin_4q_avg": 15.11,
            "net_income": 52827,
            "revenue": 641516,
            "common_shares": 1770779,
            "book_valuer_per_share": 12.78,
            "book_valuer_per_share_4q_avg": 12.87,
            "equity": 2435222,
            "current_ratio": 466.21,
            "debt_ratio": 19.08,
            "inventory_turnover_ratio": 1.12,
            "account_receivable_turnover_ratio": 1.1,
            "reinvestment_rate": 14.19,
            "research_to_sale_ratio": null,
            "price_fair": 21.61,
            "eps_avg_yearly": 0.62,
            "eps_latest_yearly": 1.2,
            "eps_growth_yearly": 140.35
        },
        "20203": {
            "year_quarter": 20203,
            "year": 2020,
            "quarter": 3,
            "eps": 0.31,
            "eps_growth_year": 19.23,
            "eps_4q": 0.96,
            "eps_4q_growth_year": 70.32,
            "roe": 2.36,
            "roe_4q": 7.19,
            "gross_profit": 127946,
            "gross_margin": 15.76,
            "gross_margin_4q_avg": 15.02,
            "net_income": 58261,
            "revenue": 812020,
            "common_shares": 1770779,
            "book_valuer_per_share": 13.09,
            "book_valuer_per_share_4q_avg": 12.98,
            "equity": 2493483,
            "current_ratio": 640.21,
            "debt_ratio": 15.55,
            "inventory_turnover_ratio": 1.58,
            "account_receivable_turnover_ratio": 1.24,
            "reinvestment_rate": 21.55,
            "research_to_sale_ratio": null,
            "price_fair": 22.31,
            "eps_avg_yearly": 0.64,
            "eps_latest_yearly": 1.24,
            "eps_growth_yearly": 147.64
        },
        "20204": {
            "year_quarter": 20204,
            "year": 2020,
            "quarter": 4,
            "eps": 0.32,
            "eps_growth_year": 25.12,
            "eps_4q": 1.02,
            "eps_4q_growth_year": 43.79,
            "roe": 2.4,
            "roe_4q": 7.630000000000001,
            "gross_profit": 128939,
            "gross_margin": 17.9,
            "gross_margin_4q_avg": 16.08,
            "net_income": 60423,
            "revenue": 720145,
            "common_shares": 1770779,
            "book_valuer_per_share": 13.38,
            "book_valuer_per_share_4q_avg": 13.08,
            "equity": 2548594,
            "current_ratio": 520.82,
            "debt_ratio": 17.82,
            "inventory_turnover_ratio": 1.31,
            "account_receivable_turnover_ratio": 1.07,
            "reinvestment_rate": 22.85,
            "research_to_sale_ratio": null,
            "price_fair": 23.28,
            "eps_avg_yearly": 0.67,
            "eps_latest_yearly": 1.28,
            "eps_growth_yearly": 150.62
        },
        "20211": {
            "year_quarter": 20211,
            "year": 2021,
            "quarter": 1,
            "eps": 0.37,
            "eps_growth_year": 311.11,
            "eps_4q": 1.29,
            "eps_4q_growth_year": 71.64,
            "roe": 2.82,
            "roe_4q": 9.72,
            "gross_profit": 139414,
            "gross_margin": 19.69,
            "gross_margin_4q_avg": 16.85,
            "net_income": 72849,
            "revenue": 708205,
            "common_shares": 1770779,
            "book_valuer_per_share": 13.74,
            "book_valuer_per_share_4q_avg": 13.25,
            "equity": 2621443,
            "current_ratio": 461.1,
            "debt_ratio": 18.84,
            "inventory_turnover_ratio": 1.19,
            "account_receivable_turnover_ratio": 1.15,
            "reinvestment_rate": 16.55,
            "research_to_sale_ratio": null,
            "price_fair": 26.08,
            "eps_avg_yearly": 0.75,
            "eps_latest_yearly": 1.48,
            "eps_growth_yearly": 173.57
        },
        "20212": {
            "year_quarter": 20212,
            "year": 2021,
            "quarter": 2,
            "eps": 0.32,
            "eps_growth_year": 6.67,
            "eps_4q": 1.32,
            "eps_4q_growth_year": 44.69,
            "roe": 2.32,
            "roe_4q": 9.899999999999999,
            "gross_profit": 133627,
            "gross_margin": 16.92,
            "gross_margin_4q_avg": 17.57,
            "net_income": 61823,
            "revenue": 789944,
            "common_shares": 1770779,
            "book_valuer_per_share": 14.06,
            "book_valuer_per_share_4q_avg": 13.57,
            "equity": 2706101,
            "current_ratio": 481.95,
            "debt_ratio": 18.53,
            "inventory_turnover_ratio": 1.26,
            "account_receivable_turnover_ratio": 1.26,
            "reinvestment_rate": 13.58,
            "research_to_sale_ratio": null,
            "price_fair": 27.74,
            "eps_avg_yearly": 0.79,
            "eps_latest_yearly": 1.28,
            "eps_growth_yearly": 130.19
        },
        "20213": {
            "year_quarter": 20213,
            "year": 2021,
            "quarter": 3,
            "eps": 0.16,
            "eps_growth_year": -48.39,
            "eps_4q": 1.16,
            "eps_4q_growth_year": 21.59,
            "roe": 1.4,
            "roe_4q": 8.94,
            "gross_profit": 92097,
            "gross_margin": 11.59,
            "gross_margin_4q_avg": 16.53,
            "net_income": 36831,
            "revenue": 794786,
            "common_shares": 1770779,
            "book_valuer_per_share": 13.22,
            "book_valuer_per_share_4q_avg": 13.6,
            "equity": 2565854,
            "current_ratio": 462.85,
            "debt_ratio": 18.68,
            "inventory_turnover_ratio": 1.32,
            "account_receivable_turnover_ratio": 1.22,
            "reinvestment_rate": 32.42,
            "research_to_sale_ratio": null,
            "price_fair": 27.48,
            "eps_avg_yearly": 0.79,
            "eps_latest_yearly": 0.64,
            "eps_growth_yearly": 106.16
        },
        "20214": {
            "year_quarter": 20214,
            "year": 2021,
            "quarter": 4,
            "eps": 0.16,
            "eps_growth_year": -50.67,
            "eps_4q": 1,
            "eps_4q_growth_year": -1.61,
            "roe": 1.42,
            "roe_4q": 7.959999999999999,
            "gross_profit": 101991,
            "gross_margin": 11.01,
            "gross_margin_4q_avg": 14.8,
            "net_income": 36737,
            "revenue": 926451,
            "common_shares": 1770779,
            "book_valuer_per_share": 13.33,
            "book_valuer_per_share_4q_avg": 13.59,
            "equity": 2593610,
            "current_ratio": 390.79,
            "debt_ratio": 21.21,
            "inventory_turnover_ratio": 1.45,
            "account_receivable_turnover_ratio": 1.36,
            "reinvestment_rate": 29.81,
            "research_to_sale_ratio": null,
            "price_fair": 28.35,
            "eps_avg_yearly": 0.81,
            "eps_latest_yearly": 0.64,
            "eps_growth_yearly": 123.26
        },
        "20221": {
            "year_quarter": 20221,
            "year": 2022,
            "quarter": 1,
            "eps": 0.19,
            "eps_growth_year": -48.65,
            "eps_4q": 0.83,
            "eps_4q_growth_year": -35.94,
            "roe": 1.62,
            "roe_4q": 6.76,
            "gross_profit": 99459,
            "gross_margin": 12.15,
            "gross_margin_4q_avg": 12.92,
            "net_income": 42250,
            "revenue": 818803,
            "common_shares": 1770779,
            "book_valuer_per_share": 13.52,
            "book_valuer_per_share_4q_avg": 13.53,
            "equity": 2635860,
            "current_ratio": 562.4,
            "debt_ratio": 16.83,
            "inventory_turnover_ratio": 1.34,
            "account_receivable_turnover_ratio": 1.23,
            "reinvestment_rate": 21.1,
            "research_to_sale_ratio": null,
            "price_fair": 28.44,
            "eps_avg_yearly": 0.81,
            "eps_latest_yearly": 0.76,
            "eps_growth_yearly": 77.95
        },
        "20222": {
            "year_quarter": 20222,
            "year": 2022,
            "quarter": 2,
            "eps": 0.1,
            "eps_growth_year": -68.75,
            "eps_4q": 0.61,
            "eps_4q_growth_year": -53.94,
            "roe": 0.76,
            "roe_4q": 5.199999999999999,
            "gross_profit": 83512,
            "gross_margin": 10.01,
            "gross_margin_4q_avg": 11.19,
            "net_income": 19268,
            "revenue": 834118,
            "common_shares": 1770779,
            "book_valuer_per_share": 12.62,
            "book_valuer_per_share_4q_avg": 13.17,
            "equity": 2445232,
            "current_ratio": 293.92,
            "debt_ratio": 26.53,
            "inventory_turnover_ratio": 1.39,
            "account_receivable_turnover_ratio": 1.28,
            "reinvestment_rate": 28.55,
            "research_to_sale_ratio": null,
            "price_fair": 28.09,
            "eps_avg_yearly": 0.8,
            "eps_latest_yearly": 0.4,
            "eps_growth_yearly": 71.66
        },
        "20223": {
            "year_quarter": 20223,
            "year": 2022,
            "quarter": 3,
            "eps": -0.08,
            "eps_growth_year": -150,
            "eps_4q": 0.36,
            "eps_4q_growth_year": -69.05,
            "roe": -0.17,
            "roe_4q": 3.63,
            "gross_profit": 49386,
            "gross_margin": 5.47,
            "gross_margin_4q_avg": 9.66,
            "net_income": -4248,
            "revenue": 902079,
            "common_shares": 1770779,
            "book_valuer_per_share": 12.52,
            "book_valuer_per_share_4q_avg": 13,
            "equity": 2418553,
            "current_ratio": 279.6,
            "debt_ratio": 27.57,
            "inventory_turnover_ratio": 1.27,
            "account_receivable_turnover_ratio": 1.27,
            "reinvestment_rate": 40,
            "research_to_sale_ratio": null,
            "price_fair": 29.12,
            "eps_avg_yearly": 0.83,
            "eps_latest_yearly": 0.4,
            "eps_growth_yearly": 85.96
        },
        "20224": {
            "year_quarter": 20224,
            "year": 2022,
            "quarter": 4,
            "eps": 0.06,
            "eps_growth_year": -64.05,
            "eps_4q": 0.26,
            "eps_4q_growth_year": -74.11,
            "roe": 0.59,
            "roe_4q": 2.8,
            "gross_profit": 76637,
            "gross_margin": 7.8,
            "gross_margin_4q_avg": 8.86,
            "net_income": 14336,
            "revenue": 982556,
            "common_shares": 1770779,
            "book_valuer_per_share": 12.58,
            "book_valuer_per_share_4q_avg": 12.81,
            "equity": 2434031,
            "current_ratio": 326.28,
            "debt_ratio": 24.01,
            "inventory_turnover_ratio": 1.22,
            "account_receivable_turnover_ratio": 1.32,
            "reinvestment_rate": 41.49,
            "research_to_sale_ratio": null,
            "price_fair": 30.2,
            "eps_avg_yearly": 0.86,
            "eps_latest_yearly": 0.4,
            "eps_growth_yearly": 88.93
        },
        "20231": {
            "year_quarter": 20231,
            "year": 2023,
            "quarter": 1,
            "eps": -0.04,
            "eps_growth_year": -121.05,
            "eps_4q": 0.03,
            "eps_4q_growth_year": -96.07,
            "roe": -0.02,
            "roe_4q": 1.16,
            "gross_profit": 51106,
            "gross_margin": 7.79,
            "gross_margin_4q_avg": 7.77,
            "net_income": -478,
            "revenue": 656102,
            "common_shares": 1770779,
            "book_valuer_per_share": 12.54,
            "book_valuer_per_share_4q_avg": 12.57,
            "equity": 2433553,
            "current_ratio": 458.74,
            "debt_ratio": 18.59,
            "inventory_turnover_ratio": 0.87,
            "account_receivable_turnover_ratio": 0.94,
            "reinvestment_rate": 36.96,
            "research_to_sale_ratio": null,
            "price_fair": 31.98,
            "eps_avg_yearly": 0.91,
            "eps_latest_yearly": 0.4,
            "eps_growth_yearly": 111.15
        }
    },
    "months": {
        "2001-06": {
            "month": "2001-06",
            "price": "5.45",
            "revenue": 160110
        },
        "2001-07": {
            "month": "2001-07",
            "price": "5.35",
            "revenue": 191823
        },
        "2001-08": {
            "month": "2001-08",
            "price": "5.14",
            "revenue": 195997
        },
        "2001-09": {
            "month": "2001-09",
            "price": "5.10",
            "revenue": 146371
        },
        "2001-10": {
            "month": "2001-10",
            "price": "5.32",
            "revenue": 143788
        },
        "2001-11": {
            "month": "2001-11",
            "price": "6.10",
            "revenue": 126480
        },
        "2001-12": {
            "month": "2001-12",
            "price": "6.00",
            "revenue": 141390
        },
        "2002-01": {
            "month": "2002-01",
            "price": "5.70",
            "revenue": 132320
        },
        "2002-02": {
            "month": "2002-02",
            "price": "5.79",
            "revenue": 107612
        },
        "2002-03": {
            "month": "2002-03",
            "price": "6.08",
            "revenue": 135978
        },
        "2002-04": {
            "month": "2002-04",
            "price": "6.46",
            "revenue": 148462
        },
        "2002-05": {
            "month": "2002-05",
            "price": "5.98",
            "revenue": 154306
        },
        "2002-06": {
            "month": "2002-06",
            "price": "6.04",
            "revenue": 143300
        },
        "2002-07": {
            "month": "2002-07",
            "price": "5.63",
            "revenue": 157464
        },
        "2002-08": {
            "month": "2002-08",
            "price": "5.35",
            "revenue": 171172
        },
        "2002-09": {
            "month": "2002-09",
            "price": "4.94",
            "revenue": 153879
        },
        "2002-10": {
            "month": "2002-10",
            "price": "4.64",
            "revenue": 164497
        },
        "2002-11": {
            "month": "2002-11",
            "price": "5.06",
            "revenue": 143349
        },
        "2002-12": {
            "month": "2002-12",
            "price": "4.98",
            "revenue": 131786
        },
        "2003-01": {
            "month": "2003-01",
            "price": "5.34",
            "revenue": 145777
        },
        "2003-02": {
            "month": "2003-02",
            "price": "5.18",
            "revenue": 96793
        },
        "2003-03": {
            "month": "2003-03",
            "price": "5.01",
            "revenue": 126216
        },
        "2003-04": {
            "month": "2003-04",
            "price": "4.77",
            "revenue": 137453
        },
        "2003-05": {
            "month": "2003-05",
            "price": "4.20",
            "revenue": 162715
        },
        "2003-06": {
            "month": "2003-06",
            "price": "4.30",
            "revenue": 141531
        },
        "2003-07": {
            "month": "2003-07",
            "price": "4.36",
            "revenue": 167272
        },
        "2003-08": {
            "month": "2003-08",
            "price": "4.35",
            "revenue": 168910
        },
        "2003-09": {
            "month": "2003-09",
            "price": "4.11",
            "revenue": 176767
        },
        "2003-10": {
            "month": "2003-10",
            "price": "4.15",
            "revenue": 183583
        },
        "2003-11": {
            "month": "2003-11",
            "price": "4.45",
            "revenue": 150636
        },
        "2003-12": {
            "month": "2003-12",
            "price": "4.24",
            "revenue": 176380
        },
        "2004-01": {
            "month": "2004-01",
            "price": "4.77",
            "revenue": 134984
        },
        "2004-02": {
            "month": "2004-02",
            "price": "7.06",
            "revenue": 128775
        },
        "2004-03": {
            "month": "2004-03",
            "price": "7.05",
            "revenue": 190668
        },
        "2004-04": {
            "month": "2004-04",
            "price": "7.12",
            "revenue": 171763
        },
        "2004-05": {
            "month": "2004-05",
            "price": "6.24",
            "revenue": 168455
        },
        "2004-06": {
            "month": "2004-06",
            "price": "5.61",
            "revenue": 172359
        },
        "2004-07": {
            "month": "2004-07",
            "price": "5.10",
            "revenue": 195091
        },
        "2004-08": {
            "month": "2004-08",
            "price": "4.85",
            "revenue": 213096
        },
        "2004-09": {
            "month": "2004-09",
            "price": "4.85",
            "revenue": 213932
        },
        "2004-10": {
            "month": "2004-10",
            "price": "4.74",
            "revenue": 203737
        },
        "2004-11": {
            "month": "2004-11",
            "price": "4.60",
            "revenue": 215504
        },
        "2004-12": {
            "month": "2004-12",
            "price": "4.95",
            "revenue": 203906
        },
        "2005-01": {
            "month": "2005-01",
            "price": "5.82",
            "revenue": 167246
        },
        "2005-02": {
            "month": "2005-02",
            "price": "5.98",
            "revenue": 144313
        },
        "2005-03": {
            "month": "2005-03",
            "price": "5.98",
            "revenue": 179417
        },
        "2005-04": {
            "month": "2005-04",
            "price": "5.73",
            "revenue": 199176
        },
        "2005-05": {
            "month": "2005-05",
            "price": "5.93",
            "revenue": 197449
        },
        "2005-06": {
            "month": "2005-06",
            "price": "5.94",
            "revenue": 195129
        },
        "2005-07": {
            "month": "2005-07",
            "price": "5.97",
            "revenue": 206317
        },
        "2005-08": {
            "month": "2005-08",
            "price": "5.89",
            "revenue": 221423
        },
        "2005-09": {
            "month": "2005-09",
            "price": "5.87",
            "revenue": 190365
        },
        "2005-10": {
            "month": "2005-10",
            "price": "5.76",
            "revenue": 184625
        },
        "2005-11": {
            "month": "2005-11",
            "price": "5.71",
            "revenue": 177154
        },
        "2005-12": {
            "month": "2005-12",
            "price": "5.73",
            "revenue": 171272
        },
        "2006-01": {
            "month": "2006-01",
            "price": "5.83",
            "revenue": 163578
        },
        "2006-02": {
            "month": "2006-02",
            "price": "6.22",
            "revenue": 145093
        },
        "2006-03": {
            "month": "2006-03",
            "price": "5.94",
            "revenue": 188965
        },
        "2006-04": {
            "month": "2006-04",
            "price": "6.60",
            "revenue": 184940
        },
        "2006-05": {
            "month": "2006-05",
            "price": "7.79",
            "revenue": 204055
        },
        "2006-06": {
            "month": "2006-06",
            "price": "7.43",
            "revenue": 207696
        },
        "2006-07": {
            "month": "2006-07",
            "price": "7.80",
            "revenue": 209825
        },
        "2006-08": {
            "month": "2006-08",
            "price": "7.69",
            "revenue": 231799
        },
        "2006-09": {
            "month": "2006-09",
            "price": "7.57",
            "revenue": 209394
        },
        "2006-10": {
            "month": "2006-10",
            "price": "7.62",
            "revenue": 223855
        },
        "2006-11": {
            "month": "2006-11",
            "price": "7.57",
            "revenue": 224311
        },
        "2006-12": {
            "month": "2006-12",
            "price": "8.27",
            "revenue": 211558
        },
        "2007-01": {
            "month": "2007-01",
            "price": "8.58",
            "revenue": 180092
        },
        "2007-02": {
            "month": "2007-02",
            "price": "8.29",
            "revenue": 165587
        },
        "2007-03": {
            "month": "2007-03",
            "price": "8.00",
            "revenue": 216342
        },
        "2007-04": {
            "month": "2007-04",
            "price": "9.48",
            "revenue": 187834
        },
        "2007-05": {
            "month": "2007-05",
            "price": "8.84",
            "revenue": 258760
        },
        "2007-06": {
            "month": "2007-06",
            "price": "9.07",
            "revenue": 247459
        },
        "2007-07": {
            "month": "2007-07",
            "price": "12.79",
            "revenue": 250910
        },
        "2007-08": {
            "month": "2007-08",
            "price": "11.78",
            "revenue": 239881
        },
        "2007-09": {
            "month": "2007-09",
            "price": "11.32",
            "revenue": 219537
        },
        "2007-10": {
            "month": "2007-10",
            "price": "11.35",
            "revenue": 234828
        },
        "2007-11": {
            "month": "2007-11",
            "price": "9.83",
            "revenue": 225719
        },
        "2007-12": {
            "month": "2007-12",
            "price": "9.14",
            "revenue": 220415
        },
        "2008-01": {
            "month": "2008-01",
            "price": "9.88",
            "revenue": 306905
        },
        "2008-02": {
            "month": "2008-02",
            "price": "10.42",
            "revenue": 173334
        },
        "2008-03": {
            "month": "2008-03",
            "price": "11.74",
            "revenue": 217240
        },
        "2008-04": {
            "month": "2008-04",
            "price": "11.68",
            "revenue": 212806
        },
        "2008-05": {
            "month": "2008-05",
            "price": "12.29",
            "revenue": 203629
        },
        "2008-06": {
            "month": "2008-06",
            "price": "10.13",
            "revenue": 189006
        },
        "2008-07": {
            "month": "2008-07",
            "price": "8.09",
            "revenue": 216643
        },
        "2008-08": {
            "month": "2008-08",
            "price": "7.20",
            "revenue": 197403
        },
        "2008-09": {
            "month": "2008-09",
            "price": "5.94",
            "revenue": 180425
        },
        "2008-10": {
            "month": "2008-10",
            "price": "5.15",
            "revenue": 187186
        },
        "2008-11": {
            "month": "2008-11",
            "price": "5.36",
            "revenue": 159109
        },
        "2008-12": {
            "month": "2008-12",
            "price": "5.28",
            "revenue": 168680
        },
        "2009-01": {
            "month": "2009-01",
            "price": "5.17",
            "revenue": 147212
        },
        "2009-02": {
            "month": "2009-02",
            "price": "5.24",
            "revenue": 152522
        },
        "2009-03": {
            "month": "2009-03",
            "price": "5.53",
            "revenue": 170314
        },
        "2009-04": {
            "month": "2009-04",
            "price": "6.26",
            "revenue": 168265
        },
        "2009-05": {
            "month": "2009-05",
            "price": "6.41",
            "revenue": 183947
        },
        "2009-06": {
            "month": "2009-06",
            "price": "6.47",
            "revenue": 209644
        },
        "2009-07": {
            "month": "2009-07",
            "price": "6.21",
            "revenue": 210902
        },
        "2009-08": {
            "month": "2009-08",
            "price": "7.08",
            "revenue": 202072
        },
        "2009-09": {
            "month": "2009-09",
            "price": "7.08",
            "revenue": 206326
        },
        "2009-10": {
            "month": "2009-10",
            "price": "7.23",
            "revenue": 222298
        },
        "2009-11": {
            "month": "2009-11",
            "price": "7.23",
            "revenue": 163676
        },
        "2009-12": {
            "month": "2009-12",
            "price": "8.11",
            "revenue": 220551
        },
        "2010-01": {
            "month": "2010-01",
            "price": "10.24",
            "revenue": 163510
        },
        "2010-02": {
            "month": "2010-02",
            "price": "9.29",
            "revenue": 148600
        },
        "2010-03": {
            "month": "2010-03",
            "price": "9.27",
            "revenue": 197694
        },
        "2010-04": {
            "month": "2010-04",
            "price": "10.02",
            "revenue": 232012
        },
        "2010-05": {
            "month": "2010-05",
            "price": "9.60",
            "revenue": 233430
        },
        "2010-06": {
            "month": "2010-06",
            "price": "9.31",
            "revenue": 247637
        },
        "2010-07": {
            "month": "2010-07",
            "price": "10.84",
            "revenue": 279411
        },
        "2010-08": {
            "month": "2010-08",
            "price": "14.10",
            "revenue": 276939
        },
        "2010-09": {
            "month": "2010-09",
            "price": "12.75",
            "revenue": 233825
        },
        "2010-10": {
            "month": "2010-10",
            "price": "13.19",
            "revenue": 223469
        },
        "2010-11": {
            "month": "2010-11",
            "price": "13.25",
            "revenue": 240101
        },
        "2010-12": {
            "month": "2010-12",
            "price": "13.48",
            "revenue": 300155
        },
        "2011-01": {
            "month": "2011-01",
            "price": "13.92",
            "revenue": 216950
        },
        "2011-02": {
            "month": "2011-02",
            "price": "13.54",
            "revenue": 169368
        },
        "2011-03": {
            "month": "2011-03",
            "price": "13.13",
            "revenue": 295919
        },
        "2011-04": {
            "month": "2011-04",
            "price": "13.64",
            "revenue": 230095
        },
        "2011-05": {
            "month": "2011-05",
            "price": "14.16",
            "revenue": 266464
        },
        "2011-06": {
            "month": "2011-06",
            "price": "13.02",
            "revenue": 265366
        },
        "2011-07": {
            "month": "2011-07",
            "price": "13.72",
            "revenue": 293700
        },
        "2011-08": {
            "month": "2011-08",
            "price": "12.21",
            "revenue": 302007
        },
        "2011-09": {
            "month": "2011-09",
            "price": "11.04",
            "revenue": 300409
        },
        "2011-10": {
            "month": "2011-10",
            "price": "10.39",
            "revenue": 280299
        },
        "2011-11": {
            "month": "2011-11",
            "price": "10.40",
            "revenue": 260807
        },
        "2011-12": {
            "month": "2011-12",
            "price": "9.65",
            "revenue": 235559
        },
        "2012-01": {
            "month": "2012-01",
            "price": "9.48",
            "revenue": 206418
        },
        "2012-02": {
            "month": "2012-02",
            "price": "10.35",
            "revenue": 194251
        },
        "2012-03": {
            "month": "2012-03",
            "price": "11.06",
            "revenue": 238848
        },
        "2012-04": {
            "month": "2012-04",
            "price": "10.01",
            "revenue": 257285
        },
        "2012-05": {
            "month": "2012-05",
            "price": "10.14",
            "revenue": 288568
        },
        "2012-06": {
            "month": "2012-06",
            "price": "9.98",
            "revenue": 278796
        },
        "2012-07": {
            "month": "2012-07",
            "price": "10.12",
            "revenue": 339992
        },
        "2012-08": {
            "month": "2012-08",
            "price": "10.72",
            "revenue": 353873
        },
        "2012-09": {
            "month": "2012-09",
            "price": "10.94",
            "revenue": 265831
        },
        "2012-10": {
            "month": "2012-10",
            "price": "10.68",
            "revenue": 257079
        },
        "2012-11": {
            "month": "2012-11",
            "price": "10.32",
            "revenue": 228877
        },
        "2012-12": {
            "month": "2012-12",
            "price": "10.54",
            "revenue": 222632
        },
        "2013-01": {
            "month": "2013-01",
            "price": "10.58",
            "revenue": 266748
        },
        "2013-02": {
            "month": "2013-02",
            "price": "10.58",
            "revenue": 222809
        },
        "2013-03": {
            "month": "2013-03",
            "price": "10.60",
            "revenue": 295443
        },
        "2013-04": {
            "month": "2013-04",
            "price": "10.69",
            "revenue": 290794
        },
        "2013-05": {
            "month": "2013-05",
            "price": "10.78",
            "revenue": 306987
        },
        "2013-06": {
            "month": "2013-06",
            "price": "10.79",
            "revenue": 257514
        },
        "2013-07": {
            "month": "2013-07",
            "price": "10.70",
            "revenue": 322204
        },
        "2013-08": {
            "month": "2013-08",
            "price": "10.37",
            "revenue": 307597
        },
        "2013-09": {
            "month": "2013-09",
            "price": "9.85",
            "revenue": 286383
        },
        "2013-10": {
            "month": "2013-10",
            "price": "9.92",
            "revenue": 282160
        },
        "2013-11": {
            "month": "2013-11",
            "price": "9.92",
            "revenue": 261494
        },
        "2013-12": {
            "month": "2013-12",
            "price": "9.86",
            "revenue": 333580
        },
        "2014-01": {
            "month": "2014-01",
            "price": "10.00",
            "revenue": 291072
        },
        "2014-02": {
            "month": "2014-02",
            "price": "10.02",
            "revenue": 192229
        },
        "2014-03": {
            "month": "2014-03",
            "price": "10.25",
            "revenue": 275543
        },
        "2014-04": {
            "month": "2014-04",
            "price": "10.25",
            "revenue": 246780
        },
        "2014-05": {
            "month": "2014-05",
            "price": "10.14",
            "revenue": 261195
        },
        "2014-06": {
            "month": "2014-06",
            "price": "10.19",
            "revenue": 293762
        },
        "2014-07": {
            "month": "2014-07",
            "price": "10.46",
            "revenue": 344068
        },
        "2014-08": {
            "month": "2014-08",
            "price": "10.12",
            "revenue": 298197
        },
        "2014-09": {
            "month": "2014-09",
            "price": "10.09",
            "revenue": 298897
        },
        "2014-10": {
            "month": "2014-10",
            "price": "10.03",
            "revenue": 328308
        },
        "2014-11": {
            "month": "2014-11",
            "price": "10.09",
            "revenue": 441364
        },
        "2014-12": {
            "month": "2014-12",
            "price": "10.28",
            "revenue": 498218
        },
        "2015-01": {
            "month": "2015-01",
            "price": "10.43",
            "revenue": 348898
        },
        "2015-02": {
            "month": "2015-02",
            "price": "10.45",
            "revenue": 247508
        },
        "2015-03": {
            "month": "2015-03",
            "price": "10.69",
            "revenue": 230455
        },
        "2015-04": {
            "month": "2015-04",
            "price": "10.79",
            "revenue": 261946
        },
        "2015-05": {
            "month": "2015-05",
            "price": "10.68",
            "revenue": 245994
        },
        "2015-06": {
            "month": "2015-06",
            "price": "10.35",
            "revenue": 265932
        },
        "2015-07": {
            "month": "2015-07",
            "price": "10.11",
            "revenue": 301623
        },
        "2015-08": {
            "month": "2015-08",
            "price": "10.03",
            "revenue": 250775
        },
        "2015-09": {
            "month": "2015-09",
            "price": "9.89",
            "revenue": 276814
        },
        "2015-10": {
            "month": "2015-10",
            "price": "9.86",
            "revenue": 298229
        },
        "2015-11": {
            "month": "2015-11",
            "price": "10.29",
            "revenue": 286959
        },
        "2015-12": {
            "month": "2015-12",
            "price": "10.57",
            "revenue": 261098
        },
        "2016-01": {
            "month": "2016-01",
            "price": "10.55",
            "revenue": 243424
        },
        "2016-02": {
            "month": "2016-02",
            "price": "10.53",
            "revenue": 160753
        },
        "2016-03": {
            "month": "2016-03",
            "price": "10.61",
            "revenue": 242175
        },
        "2016-04": {
            "month": "2016-04",
            "price": "10.54",
            "revenue": 243929
        },
        "2016-05": {
            "month": "2016-05",
            "price": "10.54",
            "revenue": 275259
        },
        "2016-06": {
            "month": "2016-06",
            "price": "11.42",
            "revenue": 262765
        },
        "2016-07": {
            "month": "2016-07",
            "price": "10.86",
            "revenue": 232390
        },
        "2016-08": {
            "month": "2016-08",
            "price": "10.80",
            "revenue": 261883
        },
        "2016-09": {
            "month": "2016-09",
            "price": "11.01",
            "revenue": 202700
        },
        "2016-10": {
            "month": "2016-10",
            "price": "10.45",
            "revenue": 254440
        },
        "2016-11": {
            "month": "2016-11",
            "price": "10.62",
            "revenue": 295492
        },
        "2016-12": {
            "month": "2016-12",
            "price": "10.87",
            "revenue": 199012
        },
        "2017-01": {
            "month": "2017-01",
            "price": "10.73",
            "revenue": 191334
        },
        "2017-02": {
            "month": "2017-02",
            "price": "11.12",
            "revenue": 132487
        },
        "2017-03": {
            "month": "2017-03",
            "price": "11.05",
            "revenue": 173090
        },
        "2017-04": {
            "month": "2017-04",
            "price": "10.99",
            "revenue": 155625
        },
        "2017-05": {
            "month": "2017-05",
            "price": "10.88",
            "revenue": 192649
        },
        "2017-06": {
            "month": "2017-06",
            "price": "10.82",
            "revenue": 220289
        },
        "2017-07": {
            "month": "2017-07",
            "price": "10.46",
            "revenue": 193446
        },
        "2017-08": {
            "month": "2017-08",
            "price": "10.19",
            "revenue": 244596
        },
        "2017-09": {
            "month": "2017-09",
            "price": "10.30",
            "revenue": 196312
        },
        "2017-10": {
            "month": "2017-10",
            "price": "10.27",
            "revenue": 187754
        },
        "2017-11": {
            "month": "2017-11",
            "price": "10.32",
            "revenue": 253547
        },
        "2017-12": {
            "month": "2017-12",
            "price": "10.39",
            "revenue": 225477
        },
        "2018-01": {
            "month": "2018-01",
            "price": "10.57",
            "revenue": 240011
        },
        "2018-02": {
            "month": "2018-02",
            "price": "10.52",
            "revenue": 129527
        },
        "2018-03": {
            "month": "2018-03",
            "price": "10.95",
            "revenue": 204990
        },
        "2018-04": {
            "month": "2018-04",
            "price": "11.56",
            "revenue": 201953
        },
        "2018-05": {
            "month": "2018-05",
            "price": "12.11",
            "revenue": 214200
        },
        "2018-06": {
            "month": "2018-06",
            "price": "12.26",
            "revenue": 213619
        },
        "2018-07": {
            "month": "2018-07",
            "price": "12.11",
            "revenue": 225840
        },
        "2018-08": {
            "month": "2018-08",
            "price": "11.85",
            "revenue": 273493
        },
        "2018-09": {
            "month": "2018-09",
            "price": "11.82",
            "revenue": 238953
        },
        "2018-10": {
            "month": "2018-10",
            "price": "11.90",
            "revenue": 250718
        },
        "2018-11": {
            "month": "2018-11",
            "price": "11.76",
            "revenue": 280415
        },
        "2018-12": {
            "month": "2018-12",
            "price": "11.17",
            "revenue": 270544
        },
        "2019-01": {
            "month": "2019-01",
            "price": "10.95",
            "revenue": 261737
        },
        "2019-02": {
            "month": "2019-02",
            "price": "10.80",
            "revenue": 143511
        },
        "2019-03": {
            "month": "2019-03",
            "price": "11.06",
            "revenue": 208035
        },
        "2019-04": {
            "month": "2019-04",
            "price": "11.26",
            "revenue": 209667
        },
        "2019-05": {
            "month": "2019-05",
            "price": "11.22",
            "revenue": 242992
        },
        "2019-06": {
            "month": "2019-06",
            "price": "11.20",
            "revenue": 240545
        },
        "2019-07": {
            "month": "2019-07",
            "price": "11.08",
            "revenue": 277390
        },
        "2019-08": {
            "month": "2019-08",
            "price": "10.28",
            "revenue": 261871
        },
        "2019-09": {
            "month": "2019-09",
            "price": "10.00",
            "revenue": 229760
        },
        "2019-10": {
            "month": "2019-10",
            "price": "10.01",
            "revenue": 309104
        },
        "2019-11": {
            "month": "2019-11",
            "price": "10.35",
            "revenue": 290788
        },
        "2019-12": {
            "month": "2019-12",
            "price": "10.57",
            "revenue": 303764
        },
        "2020-01": {
            "month": "2020-01",
            "price": "10.54",
            "revenue": 201511
        },
        "2020-02": {
            "month": "2020-02",
            "price": "10.35",
            "revenue": 178161
        },
        "2020-03": {
            "month": "2020-03",
            "price": "9.88",
            "revenue": 222238
        },
        "2020-04": {
            "month": "2020-04",
            "price": "10.37",
            "revenue": 215302
        },
        "2020-05": {
            "month": "2020-05",
            "price": "10.64",
            "revenue": 203469
        },
        "2020-06": {
            "month": "2020-06",
            "price": "10.97",
            "revenue": 222507
        },
        "2020-07": {
            "month": "2020-07",
            "price": "11.52",
            "revenue": 264847
        },
        "2020-08": {
            "month": "2020-08",
            "price": "11.32",
            "revenue": 260431
        },
        "2020-09": {
            "month": "2020-09",
            "price": "11.52",
            "revenue": 287415
        },
        "2020-10": {
            "month": "2020-10",
            "price": "11.81",
            "revenue": 241613
        },
        "2020-11": {
            "month": "2020-11",
            "price": "12.15",
            "revenue": 218974
        },
        "2020-12": {
            "month": "2020-12",
            "price": "12.46",
            "revenue": 258665
        },
        "2021-01": {
            "month": "2021-01",
            "price": "12.09",
            "revenue": 262424
        },
        "2021-02": {
            "month": "2021-02",
            "price": "12.03",
            "revenue": 176717
        },
        "2021-03": {
            "month": "2021-03",
            "price": "12.82",
            "revenue": 269619
        },
        "2021-04": {
            "month": "2021-04",
            "price": "15.85",
            "revenue": 262030
        },
        "2021-05": {
            "month": "2021-05",
            "price": "16.64",
            "revenue": 254687
        },
        "2021-06": {
            "month": "2021-06",
            "price": "16.99",
            "revenue": 272149
        },
        "2021-07": {
            "month": "2021-07",
            "price": "17.21",
            "revenue": 258235
        },
        "2021-08": {
            "month": "2021-08",
            "price": "16.41",
            "revenue": 265446
        },
        "2021-09": {
            "month": "2021-09",
            "price": "15.19",
            "revenue": 267658
        },
        "2021-10": {
            "month": "2021-10",
            "price": "15.52",
            "revenue": 280906
        },
        "2021-11": {
            "month": "2021-11",
            "price": "15.45",
            "revenue": 332714
        },
        "2021-12": {
            "month": "2021-12",
            "price": "15.48",
            "revenue": 316808
        },
        "2022-01": {
            "month": "2022-01",
            "price": "15.86",
            "revenue": 322989
        },
        "2022-02": {
            "month": "2022-02",
            "price": "16.69",
            "revenue": 207781
        },
        "2022-03": {
            "month": "2022-03",
            "price": "16.79",
            "revenue": 285720
        },
        "2022-04": {
            "month": "2022-04",
            "price": "20.08",
            "revenue": 248582
        },
        "2022-05": {
            "month": "2022-05",
            "price": "18.87",
            "revenue": 292492
        },
        "2022-06": {
            "month": "2022-06",
            "price": "16.90",
            "revenue": 294470
        },
        "2022-07": {
            "month": "2022-07",
            "price": "15.94",
            "revenue": 294528
        },
        "2022-08": {
            "month": "2022-08",
            "price": "15.98",
            "revenue": 314062
        },
        "2022-09": {
            "month": "2022-09",
            "price": "15.23",
            "revenue": 294321
        },
        "2022-10": {
            "month": "2022-10",
            "price": "13.94",
            "revenue": 334007
        },
        "2022-11": {
            "month": "2022-11",
            "price": "14.65",
            "revenue": 350129
        },
        "2022-12": {
            "month": "2022-12",
            "price": "15.20",
            "revenue": 299446
        },
        "2023-01": {
            "month": "2023-01",
            "price": "15.52",
            "revenue": 185500
        },
        "2023-02": {
            "month": "2023-02",
            "price": "15.72",
            "revenue": 178573
        },
        "2023-03": {
            "month": "2023-03",
            "price": "17.19",
            "revenue": 290668
        },
        "2023-04": {
            "month": "2023-04",
            "price": "16.67",
            "revenue": 266541
        }
    }
}
