{
    "summary": {
        "stock_name": "福懋油",
        "stock_id": "1225",
        "category": "食品",
        "main_business": "麵粉，飼料，黃豆油，黃豆粉，大麥片，玉米粉之製造與銷售。<br>家畜，家禽之養殖及肉類之加工銷售。<br>一般進口貿易業務(許可業務除外)。",
        "website_url": "http://www.fopco.com.tw",
        "ceo": "張志賓",
        "pe_ratio": 49,
        "report_year_from": 2001,
        "report_year_to": 2023,
        "age": 23,
        "eps_negative_percentage": 17,
        "eps_growth_avg": {
            "last_all": -15.27,
            "last_2y": -12.16,
            "last_4y": 1.4,
            "last_8y": 4.86,
            "last_12y": -2.09,
            "last_16y": -7.77,
            "last_20y": -15.27,
            "at_2006_last_3y": -52.78,
            "at_2007_last_3y": -100,
            "at_2008_last_3y": -100,
            "at_2009_last_3y": -100,
            "at_2010_last_3y": -44.68,
            "at_2011_last_3y": -55.11,
            "at_2012_last_3y": -27.11,
            "at_2013_last_3y": -7.24,
            "at_2014_last_3y": -17.71,
            "at_2015_last_3y": 26.28,
            "at_2016_last_3y": 22.44,
            "at_2017_last_3y": 0.49,
            "at_2018_last_3y": 9.18,
            "at_2019_last_3y": -7.7,
            "at_2020_last_3y": 2.89,
            "at_2021_last_3y": 16.83,
            "at_2022_last_3y": 11.36,
            "at_2023_last_3y": -6.38,
            "at_2024_last_3y": -6.38,
            "at_2006_last_all": -52.78,
            "at_2007_last_all": -52.78,
            "at_2008_last_all": -64.58,
            "at_2009_last_all": -64.58,
            "at_2010_last_all": -49.54,
            "at_2011_last_all": -53.94,
            "at_2012_last_all": -48.52,
            "at_2013_last_all": -35.91,
            "at_2014_last_all": -35.39,
            "at_2015_last_all": -21.85,
            "at_2016_last_all": -22.72,
            "at_2017_last_all": -23.78,
            "at_2018_last_all": -21.68,
            "at_2019_last_all": -17.81,
            "at_2020_last_all": -15.89,
            "at_2021_last_all": -13.62,
            "at_2022_last_all": -13.9,
            "at_2023_last_all": -15.27,
            "at_2024_last_all": -15.27
        },
        "latest_eps": 1.14,
        "latest_price": 55.6,
        "latest_roe": 7.1,
        "latest_gross_margin": 9.07,
        "latest_equity": 3786209,
        "latest_revenue": 3632729,
        "latest_gross_profit": 329456,
        "latest_net_income": 147359,
        "latest_debt_ratio": 52.75,
        "latest_current_ratio": 147.86,
        "latest_account_receivable_turnover_ratio": 1.93,
        "latest_inventory_turnover_ratio": 2.33,
        "latest_reinvestment_rate": 78.4,
        "latest_research_to_sale_ratio": 0.29
    },
    "eps_dividends": {
        "1993": {
            "cash": 0,
            "stock": 0.5,
            "eps": 0
        },
        "1994": {
            "cash": 0,
            "stock": 0.45,
            "eps": 0
        },
        "1995": {
            "cash": 0,
            "stock": 1,
            "eps": 0
        },
        "1996": {
            "cash": 0,
            "stock": 1.2,
            "eps": 0
        },
        "2001": {
            "cash": 0,
            "stock": 0,
            "eps": -0.29
        },
        "2002": {
            "cash": 0,
            "stock": 0,
            "eps": 0.12
        },
        "2003": {
            "cash": 0,
            "stock": 0,
            "eps": 0.17
        },
        "2004": {
            "cash": 0,
            "stock": 0,
            "eps": -0.82
        },
        "2005": {
            "cash": 0,
            "stock": 0,
            "eps": 0.2
        },
        "2006": {
            "cash": 0,
            "stock": 0,
            "eps": -0.17
        },
        "2007": {
            "cash": 0,
            "stock": 0,
            "eps": 1.12
        },
        "2008": {
            "cash": 0.25,
            "stock": 0,
            "eps": -0.86
        },
        "2009": {
            "cash": 0,
            "stock": 0,
            "eps": 0.94
        },
        "2010": {
            "cash": 0,
            "stock": 0.34,
            "eps": 1.04
        },
        "2011": {
            "cash": 0.7,
            "stock": 0.7,
            "eps": 0.25
        },
        "2012": {
            "cash": 0,
            "stock": 0,
            "eps": 0.21
        },
        "2013": {
            "cash": 0.4,
            "stock": 0,
            "eps": 0.32
        },
        "2014": {
            "cash": 0.25,
            "stock": 0,
            "eps": 0.22
        },
        "2015": {
            "cash": 0.25,
            "stock": 0,
            "eps": 2.55
        },
        "2016": {
            "cash": 1,
            "stock": 0,
            "eps": 1.75
        },
        "2017": {
            "cash": 1.25,
            "stock": 0,
            "eps": 1.13
        },
        "2018": {
            "cash": 1.25,
            "stock": 0,
            "eps": 1.17
        },
        "2019": {
            "cash": 1.15,
            "stock": 0,
            "eps": 1.55
        },
        "2020": {
            "cash": 1.3,
            "stock": 0,
            "eps": 1.72
        },
        "2021": {
            "cash": 1.4,
            "stock": 0,
            "eps": 2.07
        },
        "2022": {
            "cash": 1.6,
            "stock": 0,
            "eps": 1.69
        },
        "2023": {
            "cash": 1.5,
            "stock": 0.5,
            "eps": 1.04
        }
    },
    "dividends": {
        "1993-04-02": {
            "cash": 0,
            "stock": 0.5
        },
        "1994-04-22": {
            "cash": 0,
            "stock": 0.45
        },
        "1995-04-21": {
            "cash": 0,
            "stock": 1
        },
        "1996-04-23": {
            "cash": 0,
            "stock": 1.2
        },
        "2008-04-24": {
            "cash": 0.25,
            "stock": 0
        },
        "2010-03-29": {
            "cash": 0,
            "stock": 0.34
        },
        "2011-01-01": {
            "cash": 0.3,
            "stock": 0.3
        },
        "2011-03-28": {
            "cash": 0.4,
            "stock": 0.4
        },
        "2013-03-25": {
            "cash": 0.4,
            "stock": 0
        },
        "2014-09-23": {
            "cash": 0.25,
            "stock": 0
        },
        "2015-09-22": {
            "cash": 0.25,
            "stock": 0
        },
        "2016-09-26": {
            "cash": 1,
            "stock": 0
        },
        "2017-09-08": {
            "cash": 1.25,
            "stock": 0
        },
        "2018-08-20": {
            "cash": 1.25,
            "stock": 0
        },
        "2019-09-25": {
            "cash": 1.15,
            "stock": 0
        },
        "2020-09-10": {
            "cash": 1.3,
            "stock": 0
        },
        "2021-09-30": {
            "cash": 1.4,
            "stock": 0
        },
        "2022-09-30": {
            "cash": 1.6,
            "stock": 0
        },
        "2023-10-02": {
            "cash": 1.5,
            "stock": 0.5
        }
    },
    "prices": {
        "200101": "4.08",
        "200102": "3.69",
        "200103": "4.08",
        "200104": "3.21",
        "200105": "3.26",
        "200106": "3.52",
        "200107": "3.41",
        "200108": "3.19",
        "200109": "3.10",
        "200110": "2.49",
        "200111": "2.54",
        "200112": "3.29",
        "200201": "3.39",
        "200202": "3.38",
        "200203": "3.84",
        "200204": "5.32",
        "200205": "5.40",
        "200206": "5.39",
        "200207": "5.14",
        "200208": "4.94",
        "200209": "4.29",
        "200210": "3.20",
        "200211": "3.38",
        "200212": "3.50",
        "200301": "3.91",
        "200302": "4.65",
        "200303": "4.11",
        "200304": "3.88",
        "200305": "3.83",
        "200306": "4.25",
        "200307": "4.44",
        "200308": "4.11",
        "200309": "4.12",
        "200310": "4.31",
        "200311": "5.04",
        "200312": "4.92",
        "200401": "5.16",
        "200402": "7.02",
        "200403": "7.86",
        "200404": "8.12",
        "200405": "6.38",
        "200406": "6.09",
        "200407": "6.86",
        "200408": "5.81",
        "200409": "5.24",
        "200410": "4.70",
        "200411": "4.77",
        "200412": "4.85",
        "200501": "5.11",
        "200502": "4.85",
        "200503": "4.84",
        "200504": "4.12",
        "200505": "4.29",
        "200506": "4.92",
        "200507": "5.31",
        "200508": "4.90",
        "200509": "5.04",
        "200510": "4.36",
        "200511": "4.10",
        "200512": "4.32",
        "200601": "4.57",
        "200602": "4.12",
        "200603": "3.98",
        "200604": "4.20",
        "200605": "5.20",
        "200606": "4.75",
        "200607": "4.79",
        "200608": "5.06",
        "200609": "5.11",
        "200610": "5.34",
        "200611": "5.69",
        "200612": "6.80",
        "200701": "7.50",
        "200702": "7.29",
        "200703": "7.41",
        "200704": "8.44",
        "200705": "7.58",
        "200706": "7.91",
        "200707": "10.18",
        "200708": "10.00",
        "200709": "10.57",
        "200710": "10.62",
        "200711": "10.03",
        "200712": "9.50",
        "200801": "9.93",
        "200802": "10.40",
        "200803": "12.40",
        "200804": "13.80",
        "200805": "19.97",
        "200806": "18.55",
        "200807": "17.53",
        "200808": "12.86",
        "200809": "8.73",
        "200810": "6.59",
        "200811": "6.24",
        "200812": "6.98",
        "200901": "7.14",
        "200902": "6.88",
        "200903": "7.36",
        "200904": "8.99",
        "200905": "9.88",
        "200906": "12.76",
        "200907": "12.62",
        "200908": "11.36",
        "200909": "11.42",
        "200910": "12.24",
        "200911": "14.15",
        "200912": "15.81",
        "201001": "15.99",
        "201002": "13.25",
        "201003": "14.64",
        "201004": "15.23",
        "201005": "13.23",
        "201006": "13.45",
        "201007": "14.32",
        "201008": "15.91",
        "201009": "14.52",
        "201010": "15.56",
        "201011": "15.27",
        "201012": "15.27",
        "201101": "15.78",
        "201102": "15.48",
        "201103": "14.52",
        "201104": "15.14",
        "201105": "15.06",
        "201106": "14.55",
        "201107": "14.95",
        "201108": "14.25",
        "201109": "13.23",
        "201110": "13.36",
        "201111": "12.90",
        "201112": "12.30",
        "201201": "12.43",
        "201202": "13.08",
        "201203": "13.45",
        "201204": "12.92",
        "201205": "12.94",
        "201206": "12.90",
        "201207": "13.49",
        "201208": "13.90",
        "201209": "13.18",
        "201210": "12.98",
        "201211": "12.78",
        "201212": "12.92",
        "201301": "12.92",
        "201302": "13.07",
        "201303": "13.09",
        "201304": "13.12",
        "201305": "13.17",
        "201306": "13.10",
        "201307": "13.07",
        "201308": "13.09",
        "201309": "12.88",
        "201310": "13.13",
        "201311": "11.05",
        "201312": "10.53",
        "201401": "10.91",
        "201402": "11.35",
        "201403": "12.17",
        "201404": "14.30",
        "201405": "13.45",
        "201406": "14.69",
        "201407": "20.04",
        "201408": "20.77",
        "201409": "24.57",
        "201410": "19.68",
        "201411": "23.42",
        "201412": "22.20",
        "201501": "20.46",
        "201502": "20.40",
        "201503": "20.95",
        "201504": "21.02",
        "201505": "21.14",
        "201506": "20.59",
        "201507": "22.25",
        "201508": "22.20",
        "201509": "22.60",
        "201510": "23.15",
        "201511": "24.44",
        "201512": "25.11",
        "201601": "25.72",
        "201602": "27.05",
        "201603": "30.13",
        "201604": "31.24",
        "201605": "32.98",
        "201606": "39.19",
        "201607": "48.90",
        "201608": "50.45",
        "201609": "51.87",
        "201610": "51.38",
        "201611": "48.14",
        "201612": "47.00",
        "201701": "47.89",
        "201702": "49.48",
        "201703": "50.28",
        "201704": "50.01",
        "201705": "49.77",
        "201706": "52.23",
        "201707": "54.09",
        "201708": "58.89",
        "201709": "63.24",
        "201710": "65.24",
        "201711": "65.52",
        "201712": "66.68",
        "201801": "67.58",
        "201802": "70.74",
        "201803": "71.84",
        "201804": "73.29",
        "201805": "76.10",
        "201806": "82.24",
        "201807": "87.44",
        "201808": "83.59",
        "201809": "85.49",
        "201810": "76.74",
        "201811": "75.20",
        "201812": "75.52",
        "201901": "73.40",
        "201902": "71.52",
        "201903": "67.09",
        "201904": "75.29",
        "201905": "72.18",
        "201906": "72.97",
        "201907": "66.36",
        "201908": "52.45",
        "201909": "46.50",
        "201910": "38.64",
        "201911": "36.57",
        "201912": "35.14",
        "202001": "33.71",
        "202002": "33.02",
        "202003": "31.45",
        "202004": "36.38",
        "202005": "37.40",
        "202006": "37.76",
        "202007": "37.35",
        "202008": "34.12",
        "202009": "32.82",
        "202010": "31.79",
        "202011": "31.99",
        "202012": "33.83",
        "202101": "35.38",
        "202102": "34.68",
        "202103": "42.03",
        "202104": "51.84",
        "202105": "47.27",
        "202106": "46.07",
        "202107": "45.96",
        "202108": "43.55",
        "202109": "43.81",
        "202110": "50.04",
        "202111": "50.04",
        "202112": "51.41",
        "202201": "53.83",
        "202202": "58.68",
        "202203": "58.83",
        "202204": "59.04",
        "202205": "52.06",
        "202206": "49.53",
        "202207": "49.55",
        "202208": "51.33",
        "202209": "52.16",
        "202210": "53.38",
        "202211": "56.29",
        "202212": "56.94",
        "202301": "57.22",
        "202302": "57.57",
        "202303": "58.19",
        "202304": "60.99",
        "202305": "59.79",
        "202306": "56.63",
        "202307": "55.95",
        "202308": "55.34",
        "202309": "53.26",
        "202310": "54.02",
        "202311": "53.99",
        "202312": "54.36"
    },
    "quarters": {
        "20011": {
            "year_quarter": 20011,
            "year": 2001,
            "quarter": 1,
            "eps": 0.02,
            "eps_growth_year": -92.86,
            "eps_4q": -0.41,
            "eps_4q_growth_year": -232.66,
            "roe": 0.21,
            "roe_4q": 0.21,
            "gross_profit": 88745,
            "gross_margin": 10.93,
            "gross_margin_4q_avg": 10.93,
            "net_income": 4398,
            "net_income_4q": null,
            "revenue": 812104,
            "revenue_4q": null,
            "common_shares": 1995418,
            "book_valuer_per_share": 10.37,
            "book_valuer_per_share_4q_avg": 10.37,
            "equity": 2068506,
            "current_ratio": 107.32,
            "debt_ratio": 34.04,
            "inventory_turnover_ratio": 2.18,
            "account_receivable_turnover_ratio": null,
            "reinvestment_rate": null,
            "research_to_sale_ratio": null,
            "price_fair": 0,
            "eps_avg_yearly": 0,
            "eps_latest_yearly": 0,
            "eps_growth_yearly": 0
        },
        "20012": {
            "year_quarter": 20012,
            "year": 2001,
            "quarter": 2,
            "eps": -0.15,
            "eps_growth_year": -850,
            "eps_4q": -0.62,
            "eps_4q_growth_year": -283.96,
            "roe": -1.45,
            "roe_4q": -1.24,
            "gross_profit": 78000,
            "gross_margin": 10.14,
            "gross_margin_4q_avg": 10.54,
            "net_income": -30002,
            "net_income_4q": null,
            "revenue": 769427,
            "revenue_4q": null,
            "common_shares": 1995418,
            "book_valuer_per_share": 10.37,
            "book_valuer_per_share_4q_avg": 10.37,
            "equity": 2068866,
            "current_ratio": 106.35,
            "debt_ratio": 37.31,
            "inventory_turnover_ratio": 1.94,
            "account_receivable_turnover_ratio": null,
            "reinvestment_rate": null,
            "research_to_sale_ratio": null,
            "price_fair": 0,
            "eps_avg_yearly": 0,
            "eps_latest_yearly": 0,
            "eps_growth_yearly": 0
        },
        "20013": {
            "year_quarter": 20013,
            "year": 2001,
            "quarter": 3,
            "eps": 0.01,
            "eps_growth_year": null,
            "eps_4q": -0.22,
            "eps_4q_growth_year": -218.19,
            "roe": 0.09,
            "roe_4q": -1.15,
            "gross_profit": 90075,
            "gross_margin": 10.36,
            "gross_margin_4q_avg": 10.48,
            "net_income": 1937,
            "net_income_4q": null,
            "revenue": 869166,
            "revenue_4q": null,
            "common_shares": 1995418,
            "book_valuer_per_share": 10.39,
            "book_valuer_per_share_4q_avg": 10.38,
            "equity": 2072354,
            "current_ratio": 110.51,
            "debt_ratio": 34.47,
            "inventory_turnover_ratio": 2.14,
            "account_receivable_turnover_ratio": null,
            "reinvestment_rate": null,
            "research_to_sale_ratio": null,
            "price_fair": 0,
            "eps_avg_yearly": 0,
            "eps_latest_yearly": 0,
            "eps_growth_yearly": 0
        },
        "20014": {
            "year_quarter": 20014,
            "year": 2001,
            "quarter": 4,
            "eps": -0.17,
            "eps_growth_year": null,
            "eps_4q": -0.29,
            "eps_4q_growth_year": null,
            "roe": -1.69,
            "roe_4q": -2.84,
            "gross_profit": 70687,
            "gross_margin": 7.82,
            "gross_margin_4q_avg": 9.81,
            "net_income": -34907,
            "net_income_4q": null,
            "revenue": 904082,
            "revenue_4q": null,
            "common_shares": 1995418,
            "book_valuer_per_share": 10.26,
            "book_valuer_per_share_4q_avg": 10.35,
            "equity": 2046763,
            "current_ratio": 100.96,
            "debt_ratio": 41.07,
            "inventory_turnover_ratio": 2.6,
            "account_receivable_turnover_ratio": null,
            "reinvestment_rate": null,
            "research_to_sale_ratio": null,
            "price_fair": 0,
            "eps_avg_yearly": 0,
            "eps_latest_yearly": 0,
            "eps_growth_yearly": 0
        },
        "20021": {
            "year_quarter": 20021,
            "year": 2002,
            "quarter": 1,
            "eps": -0.03,
            "eps_growth_year": -250,
            "eps_4q": -0.36,
            "eps_4q_growth_year": null,
            "roe": -0.29,
            "roe_4q": -3.34,
            "gross_profit": 76917,
            "gross_margin": 8.31,
            "gross_margin_4q_avg": 9.16,
            "net_income": -5809,
            "net_income_4q": null,
            "revenue": 925442,
            "revenue_4q": null,
            "common_shares": 1995418,
            "book_valuer_per_share": 10.02,
            "book_valuer_per_share_4q_avg": 10.26,
            "equity": 1998989,
            "current_ratio": 109.66,
            "debt_ratio": 38.69,
            "inventory_turnover_ratio": 2.16,
            "account_receivable_turnover_ratio": null,
            "reinvestment_rate": null,
            "research_to_sale_ratio": null,
            "price_fair": 0,
            "eps_avg_yearly": 0,
            "eps_latest_yearly": 0,
            "eps_growth_yearly": 0
        },
        "20022": {
            "year_quarter": 20022,
            "year": 2002,
            "quarter": 2,
            "eps": 0.11,
            "eps_growth_year": null,
            "eps_4q": -0.09,
            "eps_4q_growth_year": null,
            "roe": 1.07,
            "roe_4q": -0.82,
            "gross_profit": 79802,
            "gross_margin": 8.98,
            "gross_margin_4q_avg": 8.87,
            "net_income": 21370,
            "net_income_4q": null,
            "revenue": 888616,
            "revenue_4q": null,
            "common_shares": 1867870,
            "book_valuer_per_share": 10.66,
            "book_valuer_per_share_4q_avg": 10.33,
            "equity": 1991026,
            "current_ratio": 114.3,
            "debt_ratio": 38.38,
            "inventory_turnover_ratio": 1.86,
            "account_receivable_turnover_ratio": null,
            "reinvestment_rate": null,
            "research_to_sale_ratio": null,
            "price_fair": 0,
            "eps_avg_yearly": 0,
            "eps_latest_yearly": 0,
            "eps_growth_yearly": 0
        },
        "20023": {
            "year_quarter": 20023,
            "year": 2002,
            "quarter": 3,
            "eps": -0.11,
            "eps_growth_year": -1200,
            "eps_4q": -0.22,
            "eps_4q_growth_year": null,
            "roe": -1.08,
            "roe_4q": -1.99,
            "gross_profit": 86433,
            "gross_margin": 8.72,
            "gross_margin_4q_avg": 8.46,
            "net_income": -21335,
            "net_income_4q": null,
            "revenue": 990681,
            "revenue_4q": null,
            "common_shares": 1867870,
            "book_valuer_per_share": 10.55,
            "book_valuer_per_share_4q_avg": 10.37,
            "equity": 1969690,
            "current_ratio": 115.6,
            "debt_ratio": 40.56,
            "inventory_turnover_ratio": 2.02,
            "account_receivable_turnover_ratio": null,
            "reinvestment_rate": null,
            "research_to_sale_ratio": null,
            "price_fair": 0,
            "eps_avg_yearly": 0,
            "eps_latest_yearly": 0,
            "eps_growth_yearly": 0
        },
        "20024": {
            "year_quarter": 20024,
            "year": 2002,
            "quarter": 4,
            "eps": 0.15,
            "eps_growth_year": null,
            "eps_4q": 0.12,
            "eps_4q_growth_year": null,
            "roe": 1.44,
            "roe_4q": 1.14,
            "gross_profit": 123188,
            "gross_margin": 11.18,
            "gross_margin_4q_avg": 9.3,
            "net_income": 28656,
            "net_income_4q": null,
            "revenue": 1102155,
            "revenue_4q": null,
            "common_shares": 1867870,
            "book_valuer_per_share": 10.83,
            "book_valuer_per_share_4q_avg": 10.52,
            "equity": 2023006,
            "current_ratio": 110.38,
            "debt_ratio": 44.06,
            "inventory_turnover_ratio": 1.85,
            "account_receivable_turnover_ratio": null,
            "reinvestment_rate": null,
            "research_to_sale_ratio": null,
            "price_fair": 0,
            "eps_avg_yearly": 0,
            "eps_latest_yearly": 0,
            "eps_growth_yearly": 0
        },
        "20031": {
            "year_quarter": 20031,
            "year": 2003,
            "quarter": 1,
            "eps": 0.07,
            "eps_growth_year": null,
            "eps_4q": 0.22,
            "eps_4q_growth_year": null,
            "roe": 0.67,
            "roe_4q": 2.0999999999999996,
            "gross_profit": 87727,
            "gross_margin": 8.42,
            "gross_margin_4q_avg": 9.33,
            "net_income": 13583,
            "net_income_4q": null,
            "revenue": 1041461,
            "revenue_4q": null,
            "common_shares": 1867870,
            "book_valuer_per_share": 10.9,
            "book_valuer_per_share_4q_avg": 10.74,
            "equity": 2036589,
            "current_ratio": 124.69,
            "debt_ratio": 39.32,
            "inventory_turnover_ratio": 1.67,
            "account_receivable_turnover_ratio": null,
            "reinvestment_rate": null,
            "research_to_sale_ratio": null,
            "price_fair": 0.84,
            "eps_avg_yearly": 0.28,
            "eps_latest_yearly": 0.28,
            "eps_growth_yearly": -213.33
        },
        "20032": {
            "year_quarter": 20032,
            "year": 2003,
            "quarter": 2,
            "eps": -0.07,
            "eps_growth_year": -163.64,
            "eps_4q": 0.04,
            "eps_4q_growth_year": null,
            "roe": -0.64,
            "roe_4q": 0.3899999999999999,
            "gross_profit": 62442,
            "gross_margin": 6.17,
            "gross_margin_4q_avg": 8.62,
            "net_income": -13074,
            "net_income_4q": null,
            "revenue": 1012820,
            "revenue_4q": null,
            "common_shares": 1867870,
            "book_valuer_per_share": 10.82,
            "book_valuer_per_share_4q_avg": 10.78,
            "equity": 2020287,
            "current_ratio": 126.21,
            "debt_ratio": 38.18,
            "inventory_turnover_ratio": 1.93,
            "account_receivable_turnover_ratio": null,
            "reinvestment_rate": null,
            "research_to_sale_ratio": null,
            "price_fair": 0.84,
            "eps_avg_yearly": 0.28,
            "eps_latest_yearly": 0.28,
            "eps_growth_yearly": -213.33
        },
        "20033": {
            "year_quarter": 20033,
            "year": 2003,
            "quarter": 3,
            "eps": -0.05,
            "eps_growth_year": null,
            "eps_4q": 0.1,
            "eps_4q_growth_year": null,
            "roe": -0.49,
            "roe_4q": 0.9800000000000001,
            "gross_profit": 55807,
            "gross_margin": 5.04,
            "gross_margin_4q_avg": 7.7,
            "net_income": -9945,
            "net_income_4q": null,
            "revenue": 1106177,
            "revenue_4q": null,
            "common_shares": 1867870,
            "book_valuer_per_share": 10.76,
            "book_valuer_per_share_4q_avg": 10.83,
            "equity": 2010342,
            "current_ratio": 128.83,
            "debt_ratio": 38.45,
            "inventory_turnover_ratio": 2.32,
            "account_receivable_turnover_ratio": null,
            "reinvestment_rate": null,
            "research_to_sale_ratio": null,
            "price_fair": 0.84,
            "eps_avg_yearly": 0.28,
            "eps_latest_yearly": 0.28,
            "eps_growth_yearly": -213.33
        },
        "20034": {
            "year_quarter": 20034,
            "year": 2003,
            "quarter": 4,
            "eps": 0.22,
            "eps_growth_year": 46.67,
            "eps_4q": 0.17,
            "eps_4q_growth_year": 42.01,
            "roe": 2.08,
            "roe_4q": 1.62,
            "gross_profit": 102364,
            "gross_margin": 7.12,
            "gross_margin_4q_avg": 6.69,
            "net_income": 41600,
            "net_income_4q": null,
            "revenue": 1437688,
            "revenue_4q": null,
            "common_shares": 1867870,
            "book_valuer_per_share": 10.66,
            "book_valuer_per_share_4q_avg": 10.79,
            "equity": 1991027,
            "current_ratio": 114.9,
            "debt_ratio": 46.94,
            "inventory_turnover_ratio": 2.6,
            "account_receivable_turnover_ratio": null,
            "reinvestment_rate": null,
            "research_to_sale_ratio": null,
            "price_fair": 0.84,
            "eps_avg_yearly": 0.28,
            "eps_latest_yearly": 0.28,
            "eps_growth_yearly": -213.33
        },
        "20041": {
            "year_quarter": 20041,
            "year": 2004,
            "quarter": 1,
            "eps": 0.15,
            "eps_growth_year": 114.29,
            "eps_4q": 0.26,
            "eps_4q_growth_year": 17.62,
            "roe": 1.31,
            "roe_4q": 2.2600000000000002,
            "gross_profit": 78393,
            "gross_margin": 5.59,
            "gross_margin_4q_avg": 5.98,
            "net_income": 26232,
            "net_income_4q": null,
            "revenue": 1402185,
            "revenue_4q": null,
            "common_shares": 1772100,
            "book_valuer_per_share": 11.37,
            "book_valuer_per_share_4q_avg": 10.9,
            "equity": 2015714,
            "current_ratio": 132.52,
            "debt_ratio": 40.2,
            "inventory_turnover_ratio": 2.68,
            "account_receivable_turnover_ratio": null,
            "reinvestment_rate": null,
            "research_to_sale_ratio": null,
            "price_fair": 1.32,
            "eps_avg_yearly": 0.44,
            "eps_latest_yearly": 0.6,
            "eps_growth_yearly": -170.3
        },
        "20042": {
            "year_quarter": 20042,
            "year": 2004,
            "quarter": 2,
            "eps": -0.26,
            "eps_growth_year": null,
            "eps_4q": 0.06,
            "eps_4q_growth_year": 52.75,
            "roe": -2.34,
            "roe_4q": 0.5600000000000003,
            "gross_profit": 40688,
            "gross_margin": 3.2,
            "gross_margin_4q_avg": 5.24,
            "net_income": -46540,
            "net_income_4q": null,
            "revenue": 1270518,
            "revenue_4q": null,
            "common_shares": 1772100,
            "book_valuer_per_share": 11.09,
            "book_valuer_per_share_4q_avg": 10.97,
            "equity": 1964887,
            "current_ratio": 120.24,
            "debt_ratio": 46.54,
            "inventory_turnover_ratio": 2.17,
            "account_receivable_turnover_ratio": null,
            "reinvestment_rate": null,
            "research_to_sale_ratio": null,
            "price_fair": 1.32,
            "eps_avg_yearly": 0.44,
            "eps_latest_yearly": 0.6,
            "eps_growth_yearly": -170.3
        },
        "20043": {
            "year_quarter": 20043,
            "year": 2004,
            "quarter": 3,
            "eps": -0.73,
            "eps_growth_year": null,
            "eps_4q": -0.65,
            "eps_4q_growth_year": -732.97,
            "roe": -6.86,
            "roe_4q": -5.809999999999999,
            "gross_profit": -33540,
            "gross_margin": -2.6,
            "gross_margin_4q_avg": 3.33,
            "net_income": -127260,
            "net_income_4q": null,
            "revenue": 1292180,
            "revenue_4q": null,
            "common_shares": 1627000,
            "book_valuer_per_share": 10.73,
            "book_valuer_per_share_4q_avg": 10.96,
            "equity": 1745243,
            "current_ratio": 110.52,
            "debt_ratio": 50.13,
            "inventory_turnover_ratio": 2,
            "account_receivable_turnover_ratio": null,
            "reinvestment_rate": null,
            "research_to_sale_ratio": null,
            "price_fair": 1.32,
            "eps_avg_yearly": 0.44,
            "eps_latest_yearly": 0.6,
            "eps_growth_yearly": -170.3
        },
        "20044": {
            "year_quarter": 20044,
            "year": 2004,
            "quarter": 4,
            "eps": 0.02,
            "eps_growth_year": -90.91,
            "eps_4q": -0.69,
            "eps_4q_growth_year": -503.14,
            "roe": 0.24,
            "roe_4q": -7.65,
            "gross_profit": 122919,
            "gross_margin": 8.25,
            "gross_margin_4q_avg": 3.61,
            "net_income": 4182,
            "net_income_4q": null,
            "revenue": 1490563,
            "revenue_4q": null,
            "common_shares": 1627000,
            "book_valuer_per_share": 10.53,
            "book_valuer_per_share_4q_avg": 10.93,
            "equity": 1712949,
            "current_ratio": 118.51,
            "debt_ratio": 48.93,
            "inventory_turnover_ratio": 2.4,
            "account_receivable_turnover_ratio": null,
            "reinvestment_rate": null,
            "research_to_sale_ratio": null,
            "price_fair": 1.32,
            "eps_avg_yearly": 0.44,
            "eps_latest_yearly": 0.6,
            "eps_growth_yearly": -170.3
        },
        "20051": {
            "year_quarter": 20051,
            "year": 2005,
            "quarter": 1,
            "eps": 0.25,
            "eps_growth_year": 66.67,
            "eps_4q": -0.78,
            "eps_4q_growth_year": -405.61,
            "roe": 2.31,
            "roe_4q": -6.65,
            "gross_profit": 111965,
            "gross_margin": 8.83,
            "gross_margin_4q_avg": 4.42,
            "net_income": 41045,
            "net_income_4q": null,
            "revenue": 1268107,
            "revenue_4q": null,
            "common_shares": 1627000,
            "book_valuer_per_share": 11.27,
            "book_valuer_per_share_4q_avg": 10.91,
            "equity": 1833710,
            "current_ratio": 129.39,
            "debt_ratio": 42.34,
            "inventory_turnover_ratio": 2.26,
            "account_receivable_turnover_ratio": null,
            "reinvestment_rate": null,
            "research_to_sale_ratio": null,
            "price_fair": 21.93,
            "eps_avg_yearly": 0.63,
            "eps_latest_yearly": 1,
            "eps_growth_yearly": 1419.8
        },
        "20052": {
            "year_quarter": 20052,
            "year": 2005,
            "quarter": 2,
            "eps": -0.05,
            "eps_growth_year": null,
            "eps_4q": -0.55,
            "eps_4q_growth_year": -961.01,
            "roe": -0.42,
            "roe_4q": -4.73,
            "gross_profit": 75672,
            "gross_margin": 6.31,
            "gross_margin_4q_avg": 5.2,
            "net_income": -7666,
            "net_income_4q": null,
            "revenue": 1198342,
            "revenue_4q": null,
            "common_shares": 1627000,
            "book_valuer_per_share": 11.21,
            "book_valuer_per_share_4q_avg": 10.94,
            "equity": 1824624,
            "current_ratio": 110.76,
            "debt_ratio": 46.21,
            "inventory_turnover_ratio": 2.17,
            "account_receivable_turnover_ratio": null,
            "reinvestment_rate": null,
            "research_to_sale_ratio": null,
            "price_fair": 21.93,
            "eps_avg_yearly": 0.63,
            "eps_latest_yearly": 1,
            "eps_growth_yearly": 1419.8
        },
        "20053": {
            "year_quarter": 20053,
            "year": 2005,
            "quarter": 3,
            "eps": 0.02,
            "eps_growth_year": null,
            "eps_4q": 0.32,
            "eps_4q_growth_year": null,
            "roe": 0.14,
            "roe_4q": 2.2700000000000005,
            "gross_profit": 99577,
            "gross_margin": 7.33,
            "gross_margin_4q_avg": 7.68,
            "net_income": 2525,
            "net_income_4q": null,
            "revenue": 1358067,
            "revenue_4q": null,
            "common_shares": 1627000,
            "book_valuer_per_share": 11.3,
            "book_valuer_per_share_4q_avg": 11.08,
            "equity": 1838891,
            "current_ratio": 111.39,
            "debt_ratio": 45.41,
            "inventory_turnover_ratio": 2.54,
            "account_receivable_turnover_ratio": null,
            "reinvestment_rate": null,
            "research_to_sale_ratio": null,
            "price_fair": 21.93,
            "eps_avg_yearly": 0.63,
            "eps_latest_yearly": 1,
            "eps_growth_yearly": 1419.8
        },
        "20054": {
            "year_quarter": 20054,
            "year": 2005,
            "quarter": 4,
            "eps": -0.02,
            "eps_growth_year": -200,
            "eps_4q": 0.2,
            "eps_4q_growth_year": null,
            "roe": -0.21,
            "roe_4q": 1.82,
            "gross_profit": 80685,
            "gross_margin": 5.8,
            "gross_margin_4q_avg": 7.07,
            "net_income": -4036,
            "net_income_4q": null,
            "revenue": 1390035,
            "revenue_4q": null,
            "common_shares": 1627000,
            "book_valuer_per_share": 11.21,
            "book_valuer_per_share_4q_avg": 11.25,
            "equity": 1943693,
            "current_ratio": 113.9,
            "debt_ratio": 48.87,
            "inventory_turnover_ratio": 2.47,
            "account_receivable_turnover_ratio": null,
            "reinvestment_rate": null,
            "research_to_sale_ratio": null,
            "price_fair": 21.93,
            "eps_avg_yearly": 0.63,
            "eps_latest_yearly": 1,
            "eps_growth_yearly": 1419.8
        },
        "20061": {
            "year_quarter": 20061,
            "year": 2006,
            "quarter": 1,
            "eps": -0.06,
            "eps_growth_year": -124,
            "eps_4q": -0.12,
            "eps_4q_growth_year": null,
            "roe": -0.48,
            "roe_4q": -0.97,
            "gross_profit": 61998,
            "gross_margin": 4.85,
            "gross_margin_4q_avg": 6.07,
            "net_income": -9019,
            "net_income_4q": null,
            "revenue": 1279381,
            "revenue_4q": null,
            "common_shares": 1627000,
            "book_valuer_per_share": 11.13,
            "book_valuer_per_share_4q_avg": 11.21,
            "equity": 1810622,
            "current_ratio": 113.1,
            "debt_ratio": 49.57,
            "inventory_turnover_ratio": 2.08,
            "account_receivable_turnover_ratio": null,
            "reinvestment_rate": null,
            "research_to_sale_ratio": null,
            "price_fair": 21.93,
            "eps_avg_yearly": 0.63,
            "eps_latest_yearly": 1,
            "eps_growth_yearly": 1419.8
        },
        "20062": {
            "year_quarter": 20062,
            "year": 2006,
            "quarter": 2,
            "eps": -0.01,
            "eps_growth_year": null,
            "eps_4q": -0.08,
            "eps_4q_growth_year": null,
            "roe": -0.13,
            "roe_4q": -0.6799999999999999,
            "gross_profit": 73515,
            "gross_margin": 6.09,
            "gross_margin_4q_avg": 6.02,
            "net_income": -2278,
            "net_income_4q": null,
            "revenue": 1208027,
            "revenue_4q": null,
            "common_shares": 1627000,
            "book_valuer_per_share": 11.11,
            "book_valuer_per_share_4q_avg": 11.19,
            "equity": 1807795,
            "current_ratio": 111.56,
            "debt_ratio": 50.59,
            "inventory_turnover_ratio": 1.93,
            "account_receivable_turnover_ratio": null,
            "reinvestment_rate": null,
            "research_to_sale_ratio": null,
            "price_fair": 21.93,
            "eps_avg_yearly": 0.63,
            "eps_latest_yearly": 1,
            "eps_growth_yearly": 1419.8
        },
        "20063": {
            "year_quarter": 20063,
            "year": 2006,
            "quarter": 3,
            "eps": -0.22,
            "eps_growth_year": -1200,
            "eps_4q": -0.31,
            "eps_4q_growth_year": -197.58,
            "roe": -1.95,
            "roe_4q": -2.77,
            "gross_profit": 62499,
            "gross_margin": 4.49,
            "gross_margin_4q_avg": 5.31,
            "net_income": -35077,
            "net_income_4q": null,
            "revenue": 1391723,
            "revenue_4q": null,
            "common_shares": 1627000,
            "book_valuer_per_share": 10.96,
            "book_valuer_per_share_4q_avg": 11.1,
            "equity": 1783299,
            "current_ratio": 111.86,
            "debt_ratio": 50.95,
            "inventory_turnover_ratio": 2.38,
            "account_receivable_turnover_ratio": null,
            "reinvestment_rate": null,
            "research_to_sale_ratio": null,
            "price_fair": 21.93,
            "eps_avg_yearly": 0.63,
            "eps_latest_yearly": 1,
            "eps_growth_yearly": 1419.8
        },
        "20064": {
            "year_quarter": 20064,
            "year": 2006,
            "quarter": 4,
            "eps": 0.12,
            "eps_growth_year": null,
            "eps_4q": -0.16,
            "eps_4q_growth_year": -177.9,
            "roe": 1.04,
            "roe_4q": -1.52,
            "gross_profit": 113273,
            "gross_margin": 6.84,
            "gross_margin_4q_avg": 5.57,
            "net_income": 20102,
            "net_income_4q": null,
            "revenue": 1655869,
            "revenue_4q": null,
            "common_shares": 1627000,
            "book_valuer_per_share": 11.03,
            "book_valuer_per_share_4q_avg": 11.06,
            "equity": 2071461,
            "current_ratio": 98.21,
            "debt_ratio": 57.84,
            "inventory_turnover_ratio": 2.92,
            "account_receivable_turnover_ratio": null,
            "reinvestment_rate": null,
            "research_to_sale_ratio": null,
            "price_fair": 21.93,
            "eps_avg_yearly": 0.63,
            "eps_latest_yearly": 1,
            "eps_growth_yearly": 1419.8
        },
        "20071": {
            "year_quarter": 20071,
            "year": 2007,
            "quarter": 1,
            "eps": -0.06,
            "eps_growth_year": null,
            "eps_4q": -0.17,
            "eps_4q_growth_year": null,
            "roe": -0.48,
            "roe_4q": -1.52,
            "gross_profit": 85344,
            "gross_margin": 5.02,
            "gross_margin_4q_avg": 5.61,
            "net_income": -9235,
            "net_income_4q": null,
            "revenue": 1700805,
            "revenue_4q": null,
            "common_shares": 1627000,
            "book_valuer_per_share": 11.06,
            "book_valuer_per_share_4q_avg": 11.04,
            "equity": 1799854,
            "current_ratio": 108.85,
            "debt_ratio": 57.52,
            "inventory_turnover_ratio": 2.53,
            "account_receivable_turnover_ratio": null,
            "reinvestment_rate": null,
            "research_to_sale_ratio": null,
            "price_fair": 28,
            "eps_avg_yearly": 0.8,
            "eps_latest_yearly": 1,
            "eps_growth_yearly": 2236.36
        },
        "20072": {
            "year_quarter": 20072,
            "year": 2007,
            "quarter": 2,
            "eps": 0.13,
            "eps_growth_year": null,
            "eps_4q": -0.02,
            "eps_4q_growth_year": null,
            "roe": 1.14,
            "roe_4q": -0.25,
            "gross_profit": 81489,
            "gross_margin": 4.45,
            "gross_margin_4q_avg": 5.2,
            "net_income": 20606,
            "net_income_4q": null,
            "revenue": 1831390,
            "revenue_4q": null,
            "common_shares": 1627000,
            "book_valuer_per_share": 11.14,
            "book_valuer_per_share_4q_avg": 11.05,
            "equity": 1811850,
            "current_ratio": 110.2,
            "debt_ratio": 55.31,
            "inventory_turnover_ratio": 2.74,
            "account_receivable_turnover_ratio": null,
            "reinvestment_rate": null,
            "research_to_sale_ratio": null,
            "price_fair": 28,
            "eps_avg_yearly": 0.8,
            "eps_latest_yearly": 1,
            "eps_growth_yearly": 2236.36
        },
        "20073": {
            "year_quarter": 20073,
            "year": 2007,
            "quarter": 3,
            "eps": 0.34,
            "eps_growth_year": null,
            "eps_4q": 0.53,
            "eps_4q_growth_year": null,
            "roe": 3.04,
            "roe_4q": 4.74,
            "gross_profit": 152598,
            "gross_margin": 7.2,
            "gross_margin_4q_avg": 5.88,
            "net_income": 55928,
            "net_income_4q": null,
            "revenue": 2118031,
            "revenue_4q": null,
            "common_shares": 1627000,
            "book_valuer_per_share": 11.47,
            "book_valuer_per_share_4q_avg": 11.18,
            "equity": 1866880,
            "current_ratio": 112.84,
            "debt_ratio": 57.02,
            "inventory_turnover_ratio": 2.9,
            "account_receivable_turnover_ratio": null,
            "reinvestment_rate": null,
            "research_to_sale_ratio": null,
            "price_fair": 34.53,
            "eps_avg_yearly": 0.99,
            "eps_latest_yearly": 1.36,
            "eps_growth_yearly": 1706.29
        },
        "20074": {
            "year_quarter": 20074,
            "year": 2007,
            "quarter": 4,
            "eps": 0.71,
            "eps_growth_year": 491.67,
            "eps_4q": 1.12,
            "eps_4q_growth_year": null,
            "roe": 5.48,
            "roe_4q": 9.18,
            "gross_profit": 208814,
            "gross_margin": 9.14,
            "gross_margin_4q_avg": 6.45,
            "net_income": 116051,
            "net_income_4q": null,
            "revenue": 2284374,
            "revenue_4q": null,
            "common_shares": 1627000,
            "book_valuer_per_share": 12.37,
            "book_valuer_per_share_4q_avg": 11.51,
            "equity": 2368843,
            "current_ratio": 108.24,
            "debt_ratio": 61.97,
            "inventory_turnover_ratio": 2.3,
            "account_receivable_turnover_ratio": null,
            "reinvestment_rate": 2898.92,
            "research_to_sale_ratio": null,
            "price_fair": 50.75,
            "eps_avg_yearly": 1.45,
            "eps_latest_yearly": 2.84,
            "eps_growth_yearly": 1388.54
        },
        "20081": {
            "year_quarter": 20081,
            "year": 2008,
            "quarter": 1,
            "eps": 0.7,
            "eps_growth_year": null,
            "eps_4q": 1.67,
            "eps_4q_growth_year": null,
            "roe": 5.3,
            "roe_4q": 14.96,
            "gross_profit": 262273,
            "gross_margin": 8.29,
            "gross_margin_4q_avg": 7.27,
            "net_income": 128477,
            "net_income_4q": null,
            "revenue": 3165234,
            "revenue_4q": null,
            "common_shares": 1627000,
            "book_valuer_per_share": 12.94,
            "book_valuer_per_share_4q_avg": 11.98,
            "equity": 2477234,
            "current_ratio": 107.5,
            "debt_ratio": 65.39,
            "inventory_turnover_ratio": 2.15,
            "account_receivable_turnover_ratio": null,
            "reinvestment_rate": 1229.75,
            "research_to_sale_ratio": null,
            "price_fair": 70,
            "eps_avg_yearly": 2,
            "eps_latest_yearly": 2.8,
            "eps_growth_yearly": 1418.95
        },
        "20082": {
            "year_quarter": 20082,
            "year": 2008,
            "quarter": 2,
            "eps": 0.03,
            "eps_growth_year": -76.92,
            "eps_4q": 6.99,
            "eps_4q_growth_year": null,
            "roe": -0.05,
            "roe_4q": 13.77,
            "gross_profit": 115353,
            "gross_margin": 3.79,
            "gross_margin_4q_avg": 7.11,
            "net_income": -1246,
            "net_income_4q": null,
            "revenue": 3041775,
            "revenue_4q": null,
            "common_shares": 1627000,
            "book_valuer_per_share": 12.72,
            "book_valuer_per_share_4q_avg": 12.38,
            "equity": 2434621,
            "current_ratio": 105.08,
            "debt_ratio": 64.96,
            "inventory_turnover_ratio": 1.69,
            "account_receivable_turnover_ratio": null,
            "reinvestment_rate": 943.21,
            "research_to_sale_ratio": null,
            "price_fair": 56.84,
            "eps_avg_yearly": 1.62,
            "eps_latest_yearly": 0.12,
            "eps_growth_yearly": 1058.59
        },
        "20083": {
            "year_quarter": 20083,
            "year": 2008,
            "quarter": 3,
            "eps": -0.51,
            "eps_growth_year": -250,
            "eps_4q": 0.93,
            "eps_4q_growth_year": 74.29,
            "roe": -5.22,
            "roe_4q": 5.510000000000001,
            "gross_profit": 30327,
            "gross_margin": 0.99,
            "gross_margin_4q_avg": 5.55,
            "net_income": -124354,
            "net_income_4q": null,
            "revenue": 3053793,
            "revenue_4q": null,
            "common_shares": 1627000,
            "book_valuer_per_share": 12.35,
            "book_valuer_per_share_4q_avg": 12.6,
            "equity": 2334135,
            "current_ratio": 121.5,
            "debt_ratio": 65.45,
            "inventory_turnover_ratio": 1.77,
            "account_receivable_turnover_ratio": null,
            "reinvestment_rate": 934.36,
            "research_to_sale_ratio": null,
            "price_fair": 56.84,
            "eps_avg_yearly": 1.62,
            "eps_latest_yearly": 0.12,
            "eps_growth_yearly": 1058.59
        },
        "20084": {
            "year_quarter": 20084,
            "year": 2008,
            "quarter": 4,
            "eps": -1.08,
            "eps_growth_year": -252.11,
            "eps_4q": -0.58,
            "eps_4q_growth_year": -151.91,
            "roe": -9.59,
            "roe_4q": -9.559999999999999,
            "gross_profit": -154740,
            "gross_margin": -4.84,
            "gross_margin_4q_avg": 2.06,
            "net_income": -214106,
            "net_income_4q": null,
            "revenue": 3200317,
            "revenue_4q": null,
            "common_shares": 1627000,
            "book_valuer_per_share": 11.33,
            "book_valuer_per_share_4q_avg": 12.34,
            "equity": 2130086,
            "current_ratio": 101.21,
            "debt_ratio": 66.13,
            "inventory_turnover_ratio": 2.38,
            "account_receivable_turnover_ratio": 5.08,
            "reinvestment_rate": null,
            "research_to_sale_ratio": null,
            "price_fair": 56.84,
            "eps_avg_yearly": 1.62,
            "eps_latest_yearly": 0.12,
            "eps_growth_yearly": 1058.59
        },
        "20091": {
            "year_quarter": 20091,
            "year": 2009,
            "quarter": 1,
            "eps": 0.19,
            "eps_growth_year": -72.86,
            "eps_4q": -1.9,
            "eps_4q_growth_year": -214.16,
            "roe": 1.04,
            "roe_4q": -13.82,
            "gross_profit": 137884,
            "gross_margin": 5.06,
            "gross_margin_4q_avg": 1.25,
            "net_income": 22269,
            "net_income_4q": null,
            "revenue": 2725741,
            "revenue_4q": null,
            "common_shares": 1627000,
            "book_valuer_per_share": 11.61,
            "book_valuer_per_share_4q_avg": 12,
            "equity": 2165792,
            "current_ratio": 148.68,
            "debt_ratio": 64.27,
            "inventory_turnover_ratio": 2.31,
            "account_receivable_turnover_ratio": 2.3,
            "reinvestment_rate": null,
            "research_to_sale_ratio": null,
            "price_fair": 62.3,
            "eps_avg_yearly": 1.78,
            "eps_latest_yearly": 0.12,
            "eps_growth_yearly": 173.24
        },
        "20092": {
            "year_quarter": 20092,
            "year": 2009,
            "quarter": 2,
            "eps": 0.44,
            "eps_growth_year": 1366.67,
            "eps_4q": -0.97,
            "eps_4q_growth_year": -113.92,
            "roe": 3.24,
            "roe_4q": -10.53,
            "gross_profit": 240791,
            "gross_margin": 8.1,
            "gross_margin_4q_avg": 2.33,
            "net_income": 71074,
            "net_income_4q": null,
            "revenue": 2972287,
            "revenue_4q": null,
            "common_shares": 1627000,
            "book_valuer_per_share": 11.96,
            "book_valuer_per_share_4q_avg": 11.81,
            "equity": 2222810,
            "current_ratio": 146.44,
            "debt_ratio": 64.57,
            "inventory_turnover_ratio": 2.36,
            "account_receivable_turnover_ratio": 2.53,
            "reinvestment_rate": 3818.58,
            "research_to_sale_ratio": null,
            "price_fair": 62.16,
            "eps_avg_yearly": 1.78,
            "eps_latest_yearly": 1.76,
            "eps_growth_yearly": 243.85
        },
        "20093": {
            "year_quarter": 20093,
            "year": 2009,
            "quarter": 3,
            "eps": 0.05,
            "eps_growth_year": null,
            "eps_4q": -0.32,
            "eps_4q_growth_year": -135.03,
            "roe": 0.46,
            "roe_4q": -4.85,
            "gross_profit": 123478,
            "gross_margin": 4.62,
            "gross_margin_4q_avg": 3.24,
            "net_income": 10197,
            "net_income_4q": null,
            "revenue": 2673291,
            "revenue_4q": null,
            "common_shares": 1627000,
            "book_valuer_per_share": 11.96,
            "book_valuer_per_share_4q_avg": 11.72,
            "equity": 2225483,
            "current_ratio": 147.85,
            "debt_ratio": 63.94,
            "inventory_turnover_ratio": 2.18,
            "account_receivable_turnover_ratio": 2.2,
            "reinvestment_rate": 3258.55,
            "research_to_sale_ratio": null,
            "price_fair": 52.97,
            "eps_avg_yearly": 1.51,
            "eps_latest_yearly": 0.2,
            "eps_growth_yearly": 144.12
        },
        "20094": {
            "year_quarter": 20094,
            "year": 2009,
            "quarter": 4,
            "eps": 0.26,
            "eps_growth_year": null,
            "eps_4q": 0.94,
            "eps_4q_growth_year": null,
            "roe": 1.91,
            "roe_4q": 6.65,
            "gross_profit": 183053,
            "gross_margin": 5.87,
            "gross_margin_4q_avg": 5.91,
            "net_income": 43302,
            "net_income_4q": null,
            "revenue": 3116425,
            "revenue_4q": null,
            "common_shares": 1627000,
            "book_valuer_per_share": 12.43,
            "book_valuer_per_share_4q_avg": 11.99,
            "equity": 2302739,
            "current_ratio": 107.41,
            "debt_ratio": 61.88,
            "inventory_turnover_ratio": 2.84,
            "account_receivable_turnover_ratio": 4.93,
            "reinvestment_rate": 1433.95,
            "research_to_sale_ratio": null,
            "price_fair": 50.6,
            "eps_avg_yearly": 1.45,
            "eps_latest_yearly": 1.04,
            "eps_growth_yearly": 363.53
        },
        "20101": {
            "year_quarter": 20101,
            "year": 2010,
            "quarter": 1,
            "eps": 0.24,
            "eps_growth_year": 26.32,
            "eps_4q": 0.98,
            "eps_4q_growth_year": null,
            "roe": 1.83,
            "roe_4q": 7.44,
            "gross_profit": 173557,
            "gross_margin": 5.75,
            "gross_margin_4q_avg": 6.09,
            "net_income": 42590,
            "net_income_4q": null,
            "revenue": 3018204,
            "revenue_4q": null,
            "common_shares": 1627000,
            "book_valuer_per_share": 12.65,
            "book_valuer_per_share_4q_avg": 12.25,
            "equity": 2342779,
            "current_ratio": 160.8,
            "debt_ratio": 63.01,
            "inventory_turnover_ratio": 2.74,
            "account_receivable_turnover_ratio": 2.42,
            "reinvestment_rate": 1371.5,
            "research_to_sale_ratio": 0.11,
            "price_fair": 48.48,
            "eps_avg_yearly": 1.39,
            "eps_latest_yearly": 0.96,
            "eps_growth_yearly": 314.24
        },
        "20102": {
            "year_quarter": 20102,
            "year": 2010,
            "quarter": 2,
            "eps": 0.11,
            "eps_growth_year": -75.38,
            "eps_4q": 0.62,
            "eps_4q_growth_year": null,
            "roe": 0.73,
            "roe_4q": 4.93,
            "gross_profit": 155780,
            "gross_margin": 5.4,
            "gross_margin_4q_avg": 5.41,
            "net_income": 17627,
            "net_income_4q": null,
            "revenue": 2885783,
            "revenue_4q": null,
            "common_shares": 1692104,
            "book_valuer_per_share": 12.83,
            "book_valuer_per_share_4q_avg": 12.47,
            "equity": 2490920,
            "current_ratio": 191.11,
            "debt_ratio": 60.12,
            "inventory_turnover_ratio": 2.54,
            "account_receivable_turnover_ratio": 2.35,
            "reinvestment_rate": 1191.51,
            "research_to_sale_ratio": 0.11,
            "price_fair": 44.8,
            "eps_avg_yearly": 1.28,
            "eps_latest_yearly": 0.44,
            "eps_growth_yearly": 255.25
        },
        "20103": {
            "year_quarter": 20103,
            "year": 2010,
            "quarter": 3,
            "eps": 0.29,
            "eps_growth_year": 489.27,
            "eps_4q": 0.87,
            "eps_4q_growth_year": null,
            "roe": 2.24,
            "roe_4q": 6.710000000000001,
            "gross_profit": 190505,
            "gross_margin": 6.32,
            "gross_margin_4q_avg": 5.84,
            "net_income": 56418,
            "net_income_4q": null,
            "revenue": 3016642,
            "revenue_4q": null,
            "common_shares": 1749049,
            "book_valuer_per_share": 12.66,
            "book_valuer_per_share_4q_avg": 12.64,
            "equity": 2538553,
            "current_ratio": 150.92,
            "debt_ratio": 60.74,
            "inventory_turnover_ratio": 2.34,
            "account_receivable_turnover_ratio": 2.3,
            "reinvestment_rate": 783.03,
            "research_to_sale_ratio": 0.11,
            "price_fair": 44.38,
            "eps_avg_yearly": 1.27,
            "eps_latest_yearly": 1.16,
            "eps_growth_yearly": 295.18
        },
        "20104": {
            "year_quarter": 20104,
            "year": 2010,
            "quarter": 4,
            "eps": 0.4,
            "eps_growth_year": 55.37,
            "eps_4q": 1.03,
            "eps_4q_growth_year": 9.1,
            "roe": 3.13,
            "roe_4q": 7.93,
            "gross_profit": 242337,
            "gross_margin": 6.16,
            "gross_margin_4q_avg": 5.91,
            "net_income": 80191,
            "net_income_4q": null,
            "revenue": 3935433,
            "revenue_4q": null,
            "common_shares": 1749049,
            "book_valuer_per_share": 12.88,
            "book_valuer_per_share_4q_avg": 12.76,
            "equity": 2587594,
            "current_ratio": 178.36,
            "debt_ratio": 60.98,
            "inventory_turnover_ratio": 2.62,
            "account_receivable_turnover_ratio": 2.68,
            "reinvestment_rate": 178.06,
            "research_to_sale_ratio": 0.09,
            "price_fair": 45.44,
            "eps_avg_yearly": 1.3,
            "eps_latest_yearly": 1.6,
            "eps_growth_yearly": 282.14
        },
        "20111": {
            "year_quarter": 20111,
            "year": 2011,
            "quarter": 1,
            "eps": 0.24,
            "eps_growth_year": 0,
            "eps_4q": 1.05,
            "eps_4q_growth_year": 6.83,
            "roe": 1.83,
            "roe_4q": 7.93,
            "gross_profit": 175340,
            "gross_margin": 4.95,
            "gross_margin_4q_avg": 5.71,
            "net_income": 47735,
            "net_income_4q": null,
            "revenue": 3539181,
            "revenue_4q": null,
            "common_shares": 1749049,
            "book_valuer_per_share": 13.15,
            "book_valuer_per_share_4q_avg": 12.88,
            "equity": 2639403,
            "current_ratio": 177.67,
            "debt_ratio": 59.89,
            "inventory_turnover_ratio": 2.35,
            "account_receivable_turnover_ratio": 2.29,
            "reinvestment_rate": 551.45,
            "research_to_sale_ratio": 0.09,
            "price_fair": 44.45,
            "eps_avg_yearly": 1.27,
            "eps_latest_yearly": 0.96,
            "eps_growth_yearly": 245.3
        },
        "20112": {
            "year_quarter": 20112,
            "year": 2011,
            "quarter": 2,
            "eps": 0.06,
            "eps_growth_year": -46.63,
            "eps_4q": 0.96,
            "eps_4q_growth_year": 56.12,
            "roe": 0.42,
            "roe_4q": 7.62,
            "gross_profit": 157339,
            "gross_margin": 4.45,
            "gross_margin_4q_avg": 5.47,
            "net_income": 10951,
            "net_income_4q": null,
            "revenue": 3532677,
            "revenue_4q": null,
            "common_shares": 1749049,
            "book_valuer_per_share": 12.77,
            "book_valuer_per_share_4q_avg": 12.87,
            "equity": 2520980,
            "current_ratio": 165.25,
            "debt_ratio": 63.49,
            "inventory_turnover_ratio": 2.12,
            "account_receivable_turnover_ratio": 2.23,
            "reinvestment_rate": 559.09,
            "research_to_sale_ratio": 0.09,
            "price_fair": 41.68,
            "eps_avg_yearly": 1.19,
            "eps_latest_yearly": 0.24,
            "eps_growth_yearly": 203.35
        },
        "20113": {
            "year_quarter": 20113,
            "year": 2011,
            "quarter": 3,
            "eps": 0.07,
            "eps_growth_year": -77.25,
            "eps_4q": 0.74,
            "eps_4q_growth_year": -14.25,
            "roe": 0.24,
            "roe_4q": 5.62,
            "gross_profit": 134027,
            "gross_margin": 3.77,
            "gross_margin_4q_avg": 4.83,
            "net_income": 6100,
            "net_income_4q": null,
            "revenue": 3559276,
            "revenue_4q": null,
            "common_shares": 1819011,
            "book_valuer_per_share": 12.48,
            "book_valuer_per_share_4q_avg": 12.82,
            "equity": 2550083,
            "current_ratio": 172.86,
            "debt_ratio": 62.7,
            "inventory_turnover_ratio": 2.05,
            "account_receivable_turnover_ratio": 2.11,
            "reinvestment_rate": 641.75,
            "research_to_sale_ratio": 0.09,
            "price_fair": 38.77,
            "eps_avg_yearly": 1.11,
            "eps_latest_yearly": 0.28,
            "eps_growth_yearly": 158.77
        },
        "20114": {
            "year_quarter": 20114,
            "year": 2011,
            "quarter": 4,
            "eps": -0.12,
            "eps_growth_year": -129.53,
            "eps_4q": 0.24,
            "eps_4q_growth_year": -76.93,
            "roe": -1.09,
            "roe_4q": 1.4,
            "gross_profit": 102660,
            "gross_margin": 2.59,
            "gross_margin_4q_avg": 3.94,
            "net_income": -27743,
            "net_income_4q": null,
            "revenue": 3959310,
            "revenue_4q": null,
            "common_shares": 1819011,
            "book_valuer_per_share": 12.55,
            "book_valuer_per_share_4q_avg": 12.74,
            "equity": 2557649,
            "current_ratio": 170.77,
            "debt_ratio": 61.81,
            "inventory_turnover_ratio": 2.7,
            "account_receivable_turnover_ratio": 2.21,
            "reinvestment_rate": 90.87,
            "research_to_sale_ratio": 0.08,
            "price_fair": 33.72,
            "eps_avg_yearly": 0.96,
            "eps_latest_yearly": 0.28,
            "eps_growth_yearly": 135.73
        },
        "20121": {
            "year_quarter": 20121,
            "year": 2012,
            "quarter": 1,
            "eps": -0.05,
            "eps_growth_year": -120.83,
            "eps_4q": -0.05,
            "eps_4q_growth_year": -104.56,
            "roe": -0.54,
            "roe_4q": -0.9700000000000002,
            "gross_profit": 102727,
            "gross_margin": 3.12,
            "gross_margin_4q_avg": 3.48,
            "net_income": -13864,
            "net_income_4q": null,
            "revenue": 3293120,
            "revenue_4q": null,
            "common_shares": 1819011,
            "book_valuer_per_share": 12.45,
            "book_valuer_per_share_4q_avg": 12.56,
            "equity": 2535502,
            "current_ratio": 163.7,
            "debt_ratio": 62.82,
            "inventory_turnover_ratio": 2.26,
            "account_receivable_turnover_ratio": 1.86,
            "reinvestment_rate": 223.98,
            "research_to_sale_ratio": 0.1,
            "price_fair": 27.87,
            "eps_avg_yearly": 0.8,
            "eps_latest_yearly": 0.28,
            "eps_growth_yearly": 148.58
        },
        "20122": {
            "year_quarter": 20122,
            "year": 2012,
            "quarter": 2,
            "eps": 0.1,
            "eps_growth_year": 66.78,
            "eps_4q": -0.01,
            "eps_4q_growth_year": -100.63,
            "roe": 0.66,
            "roe_4q": -0.7300000000000001,
            "gross_profit": 152752,
            "gross_margin": 4.28,
            "gross_margin_4q_avg": 3.44,
            "net_income": 16584,
            "net_income_4q": null,
            "revenue": 3568590,
            "revenue_4q": null,
            "common_shares": 1819087,
            "book_valuer_per_share": 12.27,
            "book_valuer_per_share_4q_avg": 12.44,
            "equity": 2500682,
            "current_ratio": 157.37,
            "debt_ratio": 62.8,
            "inventory_turnover_ratio": 2.24,
            "account_receivable_turnover_ratio": 2.11,
            "reinvestment_rate": 71.74,
            "research_to_sale_ratio": 0.08,
            "price_fair": 30.24,
            "eps_avg_yearly": 0.86,
            "eps_latest_yearly": 0.28,
            "eps_growth_yearly": 201.73
        },
        "20123": {
            "year_quarter": 20123,
            "year": 2012,
            "quarter": 3,
            "eps": 0.46,
            "eps_growth_year": 591.72,
            "eps_4q": 0.39,
            "eps_4q_growth_year": -47.26,
            "roe": 3.7,
            "roe_4q": 2.7300000000000004,
            "gross_profit": 248988,
            "gross_margin": 6.39,
            "gross_margin_4q_avg": 4.1,
            "net_income": 94117,
            "net_income_4q": null,
            "revenue": 3899510,
            "revenue_4q": null,
            "common_shares": 1873657,
            "book_valuer_per_share": 12.34,
            "book_valuer_per_share_4q_avg": 12.4,
            "equity": 2588598,
            "current_ratio": 157.06,
            "debt_ratio": 61.73,
            "inventory_turnover_ratio": 2.47,
            "account_receivable_turnover_ratio": 2.25,
            "reinvestment_rate": 3.88,
            "research_to_sale_ratio": 0.09,
            "price_fair": 33.35,
            "eps_avg_yearly": 0.95,
            "eps_latest_yearly": 1.84,
            "eps_growth_yearly": 314.3
        },
        "20124": {
            "year_quarter": 20124,
            "year": 2012,
            "quarter": 4,
            "eps": -0.3,
            "eps_growth_year": null,
            "eps_4q": 0.21,
            "eps_4q_growth_year": -10.43,
            "roe": -2.05,
            "roe_4q": 1.7700000000000005,
            "gross_profit": 70711,
            "gross_margin": 1.72,
            "gross_margin_4q_avg": 3.88,
            "net_income": -52364,
            "net_income_4q": null,
            "revenue": 4107228,
            "revenue_4q": null,
            "common_shares": 1873899,
            "book_valuer_per_share": 11.98,
            "book_valuer_per_share_4q_avg": 12.26,
            "equity": 2523884,
            "current_ratio": 177.53,
            "debt_ratio": 62.91,
            "inventory_turnover_ratio": 2.76,
            "account_receivable_turnover_ratio": 2.27,
            "reinvestment_rate": -2.5,
            "research_to_sale_ratio": 0.08,
            "price_fair": 33.35,
            "eps_avg_yearly": 0.95,
            "eps_latest_yearly": 1.84,
            "eps_growth_yearly": 314.3
        },
        "20131": {
            "year_quarter": 20131,
            "year": 2013,
            "quarter": 1,
            "eps": 0.13,
            "eps_growth_year": null,
            "eps_4q": 0.4,
            "eps_4q_growth_year": null,
            "roe": 0.96,
            "roe_4q": 3.2700000000000005,
            "gross_profit": 157270,
            "gross_margin": 4.64,
            "gross_margin_4q_avg": 4.26,
            "net_income": 24293,
            "net_income_4q": null,
            "revenue": 3388530,
            "revenue_4q": null,
            "common_shares": 1874705,
            "book_valuer_per_share": 12.11,
            "book_valuer_per_share_4q_avg": 12.18,
            "equity": 2548583,
            "current_ratio": 171.51,
            "debt_ratio": 61.82,
            "inventory_turnover_ratio": 2.19,
            "account_receivable_turnover_ratio": 1.99,
            "reinvestment_rate": -2.05,
            "research_to_sale_ratio": 0.09,
            "price_fair": 33.35,
            "eps_avg_yearly": 0.95,
            "eps_latest_yearly": 1.84,
            "eps_growth_yearly": 314.3
        },
        "20132": {
            "year_quarter": 20132,
            "year": 2013,
            "quarter": 2,
            "eps": 0.11,
            "eps_growth_year": 14.08,
            "eps_4q": 0.39,
            "eps_4q_growth_year": null,
            "roe": 0.78,
            "roe_4q": 3.3900000000000006,
            "gross_profit": 150802,
            "gross_margin": 4.01,
            "gross_margin_4q_avg": 4.19,
            "net_income": 20111,
            "net_income_4q": null,
            "revenue": 3758036,
            "revenue_4q": null,
            "common_shares": 1874705,
            "book_valuer_per_share": 11.85,
            "book_valuer_per_share_4q_avg": 12.07,
            "equity": 2612246,
            "current_ratio": 148.43,
            "debt_ratio": 62.58,
            "inventory_turnover_ratio": 2.35,
            "account_receivable_turnover_ratio": 2.19,
            "reinvestment_rate": -4.41,
            "research_to_sale_ratio": 0.08,
            "price_fair": 29.15,
            "eps_avg_yearly": 0.83,
            "eps_latest_yearly": 0.44,
            "eps_growth_yearly": 260.86
        },
        "20133": {
            "year_quarter": 20133,
            "year": 2013,
            "quarter": 3,
            "eps": -0.05,
            "eps_growth_year": -110.78,
            "eps_4q": -0.1,
            "eps_4q_growth_year": -125.11,
            "roe": -0.2,
            "roe_4q": -0.5099999999999998,
            "gross_profit": 146662,
            "gross_margin": 4.24,
            "gross_margin_4q_avg": 3.65,
            "net_income": -5284,
            "net_income_4q": null,
            "revenue": 3460400,
            "revenue_4q": null,
            "common_shares": 1969947,
            "book_valuer_per_share": 11.78,
            "book_valuer_per_share_4q_avg": 11.93,
            "equity": 2604906,
            "current_ratio": 159.89,
            "debt_ratio": 60,
            "inventory_turnover_ratio": 2.31,
            "account_receivable_turnover_ratio": 2.02,
            "reinvestment_rate": -5.52,
            "research_to_sale_ratio": 0.1,
            "price_fair": 31.36,
            "eps_avg_yearly": 0.9,
            "eps_latest_yearly": 0.44,
            "eps_growth_yearly": 322.4
        },
        "20134": {
            "year_quarter": 20134,
            "year": 2013,
            "quarter": 4,
            "eps": 0.13,
            "eps_growth_year": null,
            "eps_4q": 0.31,
            "eps_4q_growth_year": 45.78,
            "roe": 1.26,
            "roe_4q": 2.8,
            "gross_profit": 227466,
            "gross_margin": 6.31,
            "gross_margin_4q_avg": 4.8,
            "net_income": 33514,
            "net_income_4q": null,
            "revenue": 3602120,
            "revenue_4q": null,
            "common_shares": 1971197,
            "book_valuer_per_share": 11.95,
            "book_valuer_per_share_4q_avg": 11.92,
            "equity": 2696705,
            "current_ratio": 135.28,
            "debt_ratio": 56.83,
            "inventory_turnover_ratio": 2.94,
            "account_receivable_turnover_ratio": 2.32,
            "reinvestment_rate": -79.9,
            "research_to_sale_ratio": 0.1,
            "price_fair": 30.8,
            "eps_avg_yearly": 0.88,
            "eps_latest_yearly": 0.44,
            "eps_growth_yearly": 171.55
        },
        "20141": {
            "year_quarter": 20141,
            "year": 2014,
            "quarter": 1,
            "eps": 0.18,
            "eps_growth_year": 38.46,
            "eps_4q": 0.36,
            "eps_4q_growth_year": -9.46,
            "roe": 1.45,
            "roe_4q": 3.29,
            "gross_profit": 190913,
            "gross_margin": 6.5,
            "gross_margin_4q_avg": 5.27,
            "net_income": 39375,
            "net_income_4q": null,
            "revenue": 2937279,
            "revenue_4q": null,
            "common_shares": 2014364,
            "book_valuer_per_share": 12.15,
            "book_valuer_per_share_4q_avg": 11.93,
            "equity": 2741260,
            "current_ratio": 131.78,
            "debt_ratio": 57.97,
            "inventory_turnover_ratio": 2.31,
            "account_receivable_turnover_ratio": 1.99,
            "reinvestment_rate": -84.11,
            "research_to_sale_ratio": 0.17,
            "price_fair": 29.87,
            "eps_avg_yearly": 0.85,
            "eps_latest_yearly": 0.72,
            "eps_growth_yearly": 192.06
        },
        "20142": {
            "year_quarter": 20142,
            "year": 2014,
            "quarter": 2,
            "eps": 0.01,
            "eps_growth_year": -90.91,
            "eps_4q": 0.26,
            "eps_4q_growth_year": -34,
            "roe": 0.16,
            "roe_4q": 2.67,
            "gross_profit": 147415,
            "gross_margin": 4.74,
            "gross_margin_4q_avg": 5.45,
            "net_income": 4296,
            "net_income_4q": null,
            "revenue": 3110653,
            "revenue_4q": null,
            "common_shares": 2026697,
            "book_valuer_per_share": 11.88,
            "book_valuer_per_share_4q_avg": 11.94,
            "equity": 2707904,
            "current_ratio": 130.3,
            "debt_ratio": 60.1,
            "inventory_turnover_ratio": 2.01,
            "account_receivable_turnover_ratio": 2.19,
            "reinvestment_rate": -98.62,
            "research_to_sale_ratio": 0.17,
            "price_fair": 28.31,
            "eps_avg_yearly": 0.81,
            "eps_latest_yearly": 0.04,
            "eps_growth_yearly": 174.16
        },
        "20143": {
            "year_quarter": 20143,
            "year": 2014,
            "quarter": 3,
            "eps": -0.29,
            "eps_growth_year": null,
            "eps_4q": 0.01,
            "eps_4q_growth_year": null,
            "roe": -2.14,
            "roe_4q": 0.7299999999999998,
            "gross_profit": 67399,
            "gross_margin": 2.17,
            "gross_margin_4q_avg": 4.93,
            "net_income": -58533,
            "net_income_4q": null,
            "revenue": 3102633,
            "revenue_4q": null,
            "common_shares": 2029947,
            "book_valuer_per_share": 11.62,
            "book_valuer_per_share_4q_avg": 11.9,
            "equity": 2752902,
            "current_ratio": 127.36,
            "debt_ratio": 57.54,
            "inventory_turnover_ratio": 2,
            "account_receivable_turnover_ratio": 2.16,
            "reinvestment_rate": -169.05,
            "research_to_sale_ratio": 0.17,
            "price_fair": 26.78,
            "eps_avg_yearly": 0.77,
            "eps_latest_yearly": 0.04,
            "eps_growth_yearly": 114.12
        },
        "20144": {
            "year_quarter": 20144,
            "year": 2014,
            "quarter": 4,
            "eps": 0.32,
            "eps_growth_year": 143.82,
            "eps_4q": 0.21,
            "eps_4q_growth_year": -33.31,
            "roe": 2.67,
            "roe_4q": 2.1399999999999997,
            "gross_profit": 241527,
            "gross_margin": 7.42,
            "gross_margin_4q_avg": 5.21,
            "net_income": 76051,
            "net_income_4q": null,
            "revenue": 3256843,
            "revenue_4q": null,
            "common_shares": 2112530,
            "book_valuer_per_share": 12.02,
            "book_valuer_per_share_4q_avg": 11.92,
            "equity": 2934442,
            "current_ratio": 184,
            "debt_ratio": 54.16,
            "inventory_turnover_ratio": 2.26,
            "account_receivable_turnover_ratio": 2.24,
            "reinvestment_rate": -159.05,
            "research_to_sale_ratio": 0.17,
            "price_fair": 22.6,
            "eps_avg_yearly": 0.65,
            "eps_latest_yearly": 0.04,
            "eps_growth_yearly": 108.74
        },
        "20151": {
            "year_quarter": 20151,
            "year": 2015,
            "quarter": 1,
            "eps": 0.14,
            "eps_growth_year": -22.22,
            "eps_4q": 0.19,
            "eps_4q_growth_year": -47.42,
            "roe": 1.1,
            "roe_4q": 1.7899999999999998,
            "gross_profit": 166720,
            "gross_margin": 6.13,
            "gross_margin_4q_avg": 5.12,
            "net_income": 32442,
            "net_income_4q": null,
            "revenue": 2718613,
            "revenue_4q": null,
            "common_shares": 2187030,
            "book_valuer_per_share": 12.15,
            "book_valuer_per_share_4q_avg": 11.92,
            "equity": 2963338,
            "current_ratio": 182.58,
            "debt_ratio": 51.42,
            "inventory_turnover_ratio": 2.28,
            "account_receivable_turnover_ratio": 2.01,
            "reinvestment_rate": -179.15,
            "research_to_sale_ratio": 0.19,
            "price_fair": 20.6,
            "eps_avg_yearly": 0.59,
            "eps_latest_yearly": 0.56,
            "eps_growth_yearly": 99.46
        },
        "20152": {
            "year_quarter": 20152,
            "year": 2015,
            "quarter": 2,
            "eps": 0.05,
            "eps_growth_year": 400,
            "eps_4q": 0.23,
            "eps_4q_growth_year": -9.71,
            "roe": 0.43,
            "roe_4q": 2.06,
            "gross_profit": 156528,
            "gross_margin": 5.97,
            "gross_margin_4q_avg": 5.42,
            "net_income": 12700,
            "net_income_4q": null,
            "revenue": 2621666,
            "revenue_4q": null,
            "common_shares": 2187030,
            "book_valuer_per_share": 11.93,
            "book_valuer_per_share_4q_avg": 11.93,
            "equity": 2918135,
            "current_ratio": 169.35,
            "debt_ratio": 52.25,
            "inventory_turnover_ratio": 2.17,
            "account_receivable_turnover_ratio": 2.01,
            "reinvestment_rate": -183.51,
            "research_to_sale_ratio": 0.2,
            "price_fair": 20.4,
            "eps_avg_yearly": 0.58,
            "eps_latest_yearly": 0.2,
            "eps_growth_yearly": 105.58
        },
        "20153": {
            "year_quarter": 20153,
            "year": 2015,
            "quarter": 3,
            "eps": 0.24,
            "eps_growth_year": null,
            "eps_4q": 0.75,
            "eps_4q_growth_year": 7684.11,
            "roe": 2.15,
            "roe_4q": 6.35,
            "gross_profit": 223185,
            "gross_margin": 8.23,
            "gross_margin_4q_avg": 6.94,
            "net_income": 63537,
            "net_income_4q": null,
            "revenue": 2711210,
            "revenue_4q": null,
            "common_shares": 2187030,
            "book_valuer_per_share": 12.22,
            "book_valuer_per_share_4q_avg": 12.08,
            "equity": 2993278,
            "current_ratio": 197.32,
            "debt_ratio": 51.01,
            "inventory_turnover_ratio": 1.99,
            "account_receivable_turnover_ratio": 2.01,
            "reinvestment_rate": -232.18,
            "research_to_sale_ratio": 0.22,
            "price_fair": 23.8,
            "eps_avg_yearly": 0.68,
            "eps_latest_yearly": 0.96,
            "eps_growth_yearly": 313.2
        },
        "20154": {
            "year_quarter": 20154,
            "year": 2015,
            "quarter": 4,
            "eps": 2.12,
            "eps_growth_year": 571.09,
            "eps_4q": 2.55,
            "eps_4q_growth_year": 1138.8,
            "roe": 14.92,
            "roe_4q": 18.6,
            "gross_profit": 258381,
            "gross_margin": 9.12,
            "gross_margin_4q_avg": 7.36,
            "net_income": 482656,
            "net_income_4q": null,
            "revenue": 2832834,
            "revenue_4q": null,
            "common_shares": 2187030,
            "book_valuer_per_share": 14.35,
            "book_valuer_per_share_4q_avg": 12.66,
            "equity": 3476501,
            "current_ratio": 265.43,
            "debt_ratio": 47.69,
            "inventory_turnover_ratio": 2.03,
            "account_receivable_turnover_ratio": 2.14,
            "reinvestment_rate": -76.05,
            "research_to_sale_ratio": 0.23,
            "price_fair": 57.93,
            "eps_avg_yearly": 1.66,
            "eps_latest_yearly": 8.48,
            "eps_growth_yearly": 665.72
        },
        "20161": {
            "year_quarter": 20161,
            "year": 2016,
            "quarter": 1,
            "eps": 0.43,
            "eps_growth_year": 207.14,
            "eps_4q": 2.84,
            "eps_4q_growth_year": 1402.92,
            "roe": 3.25,
            "roe_4q": 20.75,
            "gross_profit": 266377,
            "gross_margin": 10.43,
            "gross_margin_4q_avg": 8.44,
            "net_income": 114629,
            "net_income_4q": null,
            "revenue": 2554434,
            "revenue_4q": null,
            "common_shares": 2187030,
            "book_valuer_per_share": 14.68,
            "book_valuer_per_share_4q_avg": 13.3,
            "equity": 3584849,
            "current_ratio": 305.9,
            "debt_ratio": 44.5,
            "inventory_turnover_ratio": 1.95,
            "account_receivable_turnover_ratio": 1.98,
            "reinvestment_rate": -58.93,
            "research_to_sale_ratio": 0.22,
            "price_fair": 58.18,
            "eps_avg_yearly": 1.66,
            "eps_latest_yearly": 1.72,
            "eps_growth_yearly": 556.32
        },
        "20162": {
            "year_quarter": 20162,
            "year": 2016,
            "quarter": 2,
            "eps": 0.43,
            "eps_growth_year": 760,
            "eps_4q": 3.22,
            "eps_4q_growth_year": 1277.22,
            "roe": 3.42,
            "roe_4q": 23.74,
            "gross_profit": 317472,
            "gross_margin": 11.81,
            "gross_margin_4q_avg": 9.9,
            "net_income": 120312,
            "net_income_4q": null,
            "revenue": 2688002,
            "revenue_4q": null,
            "common_shares": 2187030,
            "book_valuer_per_share": 14.03,
            "book_valuer_per_share_4q_avg": 13.82,
            "equity": 3454637,
            "current_ratio": 197.09,
            "debt_ratio": 49.95,
            "inventory_turnover_ratio": 2.24,
            "account_receivable_turnover_ratio": 2.03,
            "reinvestment_rate": -52.57,
            "research_to_sale_ratio": 0.23,
            "price_fair": 58.38,
            "eps_avg_yearly": 1.67,
            "eps_latest_yearly": 1.72,
            "eps_growth_yearly": 500.69
        },
        "20163": {
            "year_quarter": 20163,
            "year": 2016,
            "quarter": 3,
            "eps": 0.38,
            "eps_growth_year": 58.33,
            "eps_4q": 3.37,
            "eps_4q_growth_year": 351.36,
            "roe": 3.22,
            "roe_4q": 24.810000000000002,
            "gross_profit": 281397,
            "gross_margin": 10.48,
            "gross_margin_4q_avg": 10.46,
            "net_income": 112751,
            "net_income_4q": null,
            "revenue": 2685378,
            "revenue_4q": null,
            "common_shares": 2187030,
            "book_valuer_per_share": 14.33,
            "book_valuer_per_share_4q_avg": 14.35,
            "equity": 3549532,
            "current_ratio": 205.72,
            "debt_ratio": 46.82,
            "inventory_turnover_ratio": 2.23,
            "account_receivable_turnover_ratio": 1.95,
            "reinvestment_rate": -51.11,
            "research_to_sale_ratio": 0.26,
            "price_fair": 57.26,
            "eps_avg_yearly": 1.64,
            "eps_latest_yearly": 1.52,
            "eps_growth_yearly": 352.03
        },
        "20164": {
            "year_quarter": 20164,
            "year": 2016,
            "quarter": 4,
            "eps": 0.51,
            "eps_growth_year": -75.76,
            "eps_4q": 1.76,
            "eps_4q_growth_year": -31.01,
            "roe": 3.85,
            "roe_4q": 13.74,
            "gross_profit": 319628,
            "gross_margin": 10.68,
            "gross_margin_4q_avg": 10.85,
            "net_income": 139085,
            "net_income_4q": null,
            "revenue": 2991640,
            "revenue_4q": null,
            "common_shares": 2187030,
            "book_valuer_per_share": 14.8,
            "book_valuer_per_share_4q_avg": 14.46,
            "equity": 3677711,
            "current_ratio": 220.33,
            "debt_ratio": 44.78,
            "inventory_turnover_ratio": 2.37,
            "account_receivable_turnover_ratio": 2.02,
            "reinvestment_rate": -42.57,
            "research_to_sale_ratio": 0.23,
            "price_fair": 58.55,
            "eps_avg_yearly": 1.67,
            "eps_latest_yearly": 2.04,
            "eps_growth_yearly": 332.47
        },
        "20171": {
            "year_quarter": 20171,
            "year": 2017,
            "quarter": 1,
            "eps": 0.37,
            "eps_growth_year": -13.95,
            "eps_4q": 1.7,
            "eps_4q_growth_year": -40.26,
            "roe": 2.69,
            "roe_4q": 13.18,
            "gross_profit": 255727,
            "gross_margin": 9.72,
            "gross_margin_4q_avg": 10.67,
            "net_income": 99879,
            "net_income_4q": null,
            "revenue": 2631202,
            "revenue_4q": null,
            "common_shares": 2187030,
            "book_valuer_per_share": 15,
            "book_valuer_per_share_4q_avg": 14.54,
            "equity": 3740575,
            "current_ratio": 235.74,
            "debt_ratio": 41.76,
            "inventory_turnover_ratio": 2.14,
            "account_receivable_turnover_ratio": 1.8,
            "reinvestment_rate": -42.49,
            "research_to_sale_ratio": 0.25,
            "price_fair": 57.98,
            "eps_avg_yearly": 1.66,
            "eps_latest_yearly": 1.48,
            "eps_growth_yearly": 295.61
        },
        "20172": {
            "year_quarter": 20172,
            "year": 2017,
            "quarter": 2,
            "eps": 0.33,
            "eps_growth_year": -23.26,
            "eps_4q": 1.6,
            "eps_4q_growth_year": -50.32,
            "roe": 2.47,
            "roe_4q": 12.23,
            "gross_profit": 259645,
            "gross_margin": 9.83,
            "gross_margin_4q_avg": 10.18,
            "net_income": 89396,
            "net_income_4q": null,
            "revenue": 2640366,
            "revenue_4q": null,
            "common_shares": 2187030,
            "book_valuer_per_share": 14.14,
            "book_valuer_per_share_4q_avg": 14.57,
            "equity": 3496941,
            "current_ratio": 202.45,
            "debt_ratio": 45.01,
            "inventory_turnover_ratio": 2.19,
            "account_receivable_turnover_ratio": 2,
            "reinvestment_rate": -40.61,
            "research_to_sale_ratio": 0.27,
            "price_fair": 60.55,
            "eps_avg_yearly": 1.73,
            "eps_latest_yearly": 1.32,
            "eps_growth_yearly": 297.14
        },
        "20173": {
            "year_quarter": 20173,
            "year": 2017,
            "quarter": 3,
            "eps": 0.41,
            "eps_growth_year": 7.89,
            "eps_4q": 1.62,
            "eps_4q_growth_year": -51.81,
            "roe": 3.12,
            "roe_4q": 12.129999999999999,
            "gross_profit": 274975,
            "gross_margin": 10.19,
            "gross_margin_4q_avg": 10.11,
            "net_income": 110936,
            "net_income_4q": null,
            "revenue": 2698553,
            "revenue_4q": null,
            "common_shares": 2187030,
            "book_valuer_per_share": 14.6,
            "book_valuer_per_share_4q_avg": 14.64,
            "equity": 3617663,
            "current_ratio": 198.98,
            "debt_ratio": 44.26,
            "inventory_turnover_ratio": 2.06,
            "account_receivable_turnover_ratio": 2.05,
            "reinvestment_rate": -36.26,
            "research_to_sale_ratio": 0.27,
            "price_fair": 60.31,
            "eps_avg_yearly": 1.72,
            "eps_latest_yearly": 1.64,
            "eps_growth_yearly": 281.74
        },
        "20174": {
            "year_quarter": 20174,
            "year": 2017,
            "quarter": 4,
            "eps": 0.02,
            "eps_growth_year": -96.2,
            "eps_4q": 1.13,
            "eps_4q_growth_year": -35.91,
            "roe": 0.56,
            "roe_4q": 8.84,
            "gross_profit": 245740,
            "gross_margin": 8.82,
            "gross_margin_4q_avg": 9.64,
            "net_income": 20335,
            "net_income_4q": null,
            "revenue": 2787192,
            "revenue_4q": null,
            "common_shares": 2187030,
            "book_valuer_per_share": 14.61,
            "book_valuer_per_share_4q_avg": 14.59,
            "equity": 3637558,
            "current_ratio": 182.99,
            "debt_ratio": 48.16,
            "inventory_turnover_ratio": 1.87,
            "account_receivable_turnover_ratio": 1.96,
            "reinvestment_rate": -36.12,
            "research_to_sale_ratio": 0.28,
            "price_fair": 56.2,
            "eps_avg_yearly": 1.61,
            "eps_latest_yearly": 0.08,
            "eps_growth_yearly": 234.44
        },
        "20181": {
            "year_quarter": 20181,
            "year": 2018,
            "quarter": 1,
            "eps": 0.38,
            "eps_growth_year": 2.7,
            "eps_4q": 1.14,
            "eps_4q_growth_year": -32.94,
            "roe": 2.61,
            "roe_4q": 8.76,
            "gross_profit": 251047,
            "gross_margin": 8.98,
            "gross_margin_4q_avg": 9.46,
            "net_income": 96267,
            "net_income_4q": null,
            "revenue": 2794671,
            "revenue_4q": null,
            "common_shares": 2187030,
            "book_valuer_per_share": 15.04,
            "book_valuer_per_share_4q_avg": 14.6,
            "equity": 3744141,
            "current_ratio": 211.65,
            "debt_ratio": 42.41,
            "inventory_turnover_ratio": 2.05,
            "account_receivable_turnover_ratio": 2.03,
            "reinvestment_rate": -33.56,
            "research_to_sale_ratio": 0.28,
            "price_fair": 58.2,
            "eps_avg_yearly": 1.66,
            "eps_latest_yearly": 1.52,
            "eps_growth_yearly": 737.74
        },
        "20182": {
            "year_quarter": 20182,
            "year": 2018,
            "quarter": 2,
            "eps": 0.34,
            "eps_growth_year": 3.03,
            "eps_4q": 1.15,
            "eps_4q_growth_year": -28.47,
            "roe": 2.36,
            "roe_4q": 8.649999999999999,
            "gross_profit": 230131,
            "gross_margin": 8.62,
            "gross_margin_4q_avg": 9.15,
            "net_income": 85508,
            "net_income_4q": null,
            "revenue": 2668436,
            "revenue_4q": null,
            "common_shares": 2187030,
            "book_valuer_per_share": 14.12,
            "book_valuer_per_share_4q_avg": 14.59,
            "equity": 3499970,
            "current_ratio": 205.5,
            "debt_ratio": 47.34,
            "inventory_turnover_ratio": 2.22,
            "account_receivable_turnover_ratio": 2,
            "reinvestment_rate": -29.95,
            "research_to_sale_ratio": 0.28,
            "price_fair": 61.5,
            "eps_avg_yearly": 1.76,
            "eps_latest_yearly": 1.36,
            "eps_growth_yearly": 761.71
        },
        "20183": {
            "year_quarter": 20183,
            "year": 2018,
            "quarter": 3,
            "eps": 0.07,
            "eps_growth_year": -82.93,
            "eps_4q": 0.81,
            "eps_4q_growth_year": -50.03,
            "roe": 0.71,
            "roe_4q": 6.24,
            "gross_profit": 161394,
            "gross_margin": 5.6,
            "gross_margin_4q_avg": 8.01,
            "net_income": 24738,
            "net_income_4q": null,
            "revenue": 2881758,
            "revenue_4q": null,
            "common_shares": 2187030,
            "book_valuer_per_share": 14.08,
            "book_valuer_per_share_4q_avg": 14.46,
            "equity": 3500352,
            "current_ratio": 192.27,
            "debt_ratio": 46.78,
            "inventory_turnover_ratio": 2.32,
            "account_receivable_turnover_ratio": 1.97,
            "reinvestment_rate": -26.57,
            "research_to_sale_ratio": 0.28,
            "price_fair": 58.05,
            "eps_avg_yearly": 1.66,
            "eps_latest_yearly": 0.28,
            "eps_growth_yearly": 689.76
        },
        "20184": {
            "year_quarter": 20184,
            "year": 2018,
            "quarter": 4,
            "eps": 0.38,
            "eps_growth_year": 1829.41,
            "eps_4q": 1.17,
            "eps_4q_growth_year": 3.55,
            "roe": 2.65,
            "roe_4q": 8.33,
            "gross_profit": 268049,
            "gross_margin": 9.25,
            "gross_margin_4q_avg": 8.11,
            "net_income": 93989,
            "net_income_4q": null,
            "revenue": 2898644,
            "revenue_4q": null,
            "common_shares": 2187030,
            "book_valuer_per_share": 14.49,
            "book_valuer_per_share_4q_avg": 14.43,
            "equity": 3601285,
            "current_ratio": 225.08,
            "debt_ratio": 43.96,
            "inventory_turnover_ratio": 2.38,
            "account_receivable_turnover_ratio": 1.92,
            "reinvestment_rate": -26.25,
            "research_to_sale_ratio": 0.28,
            "price_fair": 57.75,
            "eps_avg_yearly": 1.65,
            "eps_latest_yearly": 1.52,
            "eps_growth_yearly": 757.36
        },
        "20191": {
            "year_quarter": 20191,
            "year": 2019,
            "quarter": 1,
            "eps": 0.36,
            "eps_growth_year": -5.26,
            "eps_4q": 1.15,
            "eps_4q_growth_year": 0.6,
            "roe": 2.38,
            "roe_4q": 8.1,
            "gross_profit": 242787,
            "gross_margin": 9.8,
            "gross_margin_4q_avg": 8.32,
            "net_income": 86918,
            "net_income_4q": null,
            "revenue": 2477770,
            "revenue_4q": null,
            "common_shares": 2187030,
            "book_valuer_per_share": 14.91,
            "book_valuer_per_share_4q_avg": 14.4,
            "equity": 3703357,
            "current_ratio": 246.56,
            "debt_ratio": 45.67,
            "inventory_turnover_ratio": 2.2,
            "account_receivable_turnover_ratio": 1.74,
            "reinvestment_rate": -23.36,
            "research_to_sale_ratio": 0.32,
            "price_fair": 59.68,
            "eps_avg_yearly": 1.71,
            "eps_latest_yearly": 1.44,
            "eps_growth_yearly": 770.11
        },
        "20192": {
            "year_quarter": 20192,
            "year": 2019,
            "quarter": 2,
            "eps": 0.33,
            "eps_growth_year": -2.94,
            "eps_4q": 1.14,
            "eps_4q_growth_year": -0.52,
            "roe": 2.37,
            "roe_4q": 8.11,
            "gross_profit": 234753,
            "gross_margin": 8.91,
            "gross_margin_4q_avg": 8.39,
            "net_income": 85234,
            "net_income_4q": null,
            "revenue": 2633691,
            "revenue_4q": null,
            "common_shares": 2187030,
            "book_valuer_per_share": 14.06,
            "book_valuer_per_share_4q_avg": 14.39,
            "equity": 3480285,
            "current_ratio": 186.03,
            "debt_ratio": 52.78,
            "inventory_turnover_ratio": 2.24,
            "account_receivable_turnover_ratio": 1.88,
            "reinvestment_rate": -19.84,
            "research_to_sale_ratio": 0.29,
            "price_fair": 62.13,
            "eps_avg_yearly": 1.78,
            "eps_latest_yearly": 1.32,
            "eps_growth_yearly": 784.1
        },
        "20193": {
            "year_quarter": 20193,
            "year": 2019,
            "quarter": 3,
            "eps": 0.42,
            "eps_growth_year": 500,
            "eps_4q": 1.49,
            "eps_4q_growth_year": 83.19,
            "roe": 3.06,
            "roe_4q": 10.459999999999999,
            "gross_profit": 255378,
            "gross_margin": 9.37,
            "gross_margin_4q_avg": 9.33,
            "net_income": 107813,
            "net_income_4q": null,
            "revenue": 2726909,
            "revenue_4q": null,
            "common_shares": 2187030,
            "book_valuer_per_share": 14.36,
            "book_valuer_per_share_4q_avg": 14.46,
            "equity": 3562661,
            "current_ratio": 169.32,
            "debt_ratio": 56.37,
            "inventory_turnover_ratio": 1.96,
            "account_receivable_turnover_ratio": 1.89,
            "reinvestment_rate": -8.11,
            "research_to_sale_ratio": 0.33,
            "price_fair": 63.7,
            "eps_avg_yearly": 1.82,
            "eps_latest_yearly": 1.68,
            "eps_growth_yearly": 695.91
        },
        "20194": {
            "year_quarter": 20194,
            "year": 2019,
            "quarter": 4,
            "eps": 0.44,
            "eps_growth_year": 16.9,
            "eps_4q": 1.55,
            "eps_4q_growth_year": 32.61,
            "roe": 3.2,
            "roe_4q": 11.009999999999998,
            "gross_profit": 279625,
            "gross_margin": 9.96,
            "gross_margin_4q_avg": 9.51,
            "net_income": 115515,
            "net_income_4q": null,
            "revenue": 2808136,
            "revenue_4q": null,
            "common_shares": 2187030,
            "book_valuer_per_share": 14.66,
            "book_valuer_per_share_4q_avg": 14.5,
            "equity": 3648429,
            "current_ratio": 180.1,
            "debt_ratio": 52.87,
            "inventory_turnover_ratio": 1.97,
            "account_receivable_turnover_ratio": 2,
            "reinvestment_rate": 41.75,
            "research_to_sale_ratio": 0.31,
            "price_fair": 49,
            "eps_avg_yearly": 1.4,
            "eps_latest_yearly": 1.76,
            "eps_growth_yearly": 501.27
        },
        "20201": {
            "year_quarter": 20201,
            "year": 2020,
            "quarter": 1,
            "eps": 0.36,
            "eps_growth_year": 0,
            "eps_4q": 1.55,
            "eps_4q_growth_year": 35.17,
            "roe": 2.36,
            "roe_4q": 10.990000000000002,
            "gross_profit": 240028,
            "gross_margin": 9.52,
            "gross_margin_4q_avg": 9.44,
            "net_income": 86983,
            "net_income_4q": null,
            "revenue": 2521291,
            "revenue_4q": null,
            "common_shares": 2187030,
            "book_valuer_per_share": 15,
            "book_valuer_per_share_4q_avg": 14.52,
            "equity": 3730693,
            "current_ratio": 166.47,
            "debt_ratio": 50.96,
            "inventory_turnover_ratio": 1.91,
            "account_receivable_turnover_ratio": 1.9,
            "reinvestment_rate": 52.92,
            "research_to_sale_ratio": 0.33,
            "price_fair": 48.39,
            "eps_avg_yearly": 1.38,
            "eps_latest_yearly": 1.44,
            "eps_growth_yearly": 516.65
        },
        "20202": {
            "year_quarter": 20202,
            "year": 2020,
            "quarter": 2,
            "eps": 0.29,
            "eps_growth_year": -12.12,
            "eps_4q": 1.51,
            "eps_4q_growth_year": 32.57,
            "roe": 1.94,
            "roe_4q": 10.56,
            "gross_profit": 222473,
            "gross_margin": 9.05,
            "gross_margin_4q_avg": 9.48,
            "net_income": 69746,
            "net_income_4q": null,
            "revenue": 2458591,
            "revenue_4q": null,
            "common_shares": 2187030,
            "book_valuer_per_share": 13.93,
            "book_valuer_per_share_4q_avg": 14.49,
            "equity": 3455447,
            "current_ratio": 141.69,
            "debt_ratio": 53.61,
            "inventory_turnover_ratio": 1.88,
            "account_receivable_turnover_ratio": 1.9,
            "reinvestment_rate": 59.55,
            "research_to_sale_ratio": 0.35,
            "price_fair": 47.16,
            "eps_avg_yearly": 1.35,
            "eps_latest_yearly": 1.16,
            "eps_growth_yearly": 511.79
        },
        "20203": {
            "year_quarter": 20203,
            "year": 2020,
            "quarter": 3,
            "eps": 0.39,
            "eps_growth_year": -7.14,
            "eps_4q": 1.48,
            "eps_4q_growth_year": -0.28,
            "roe": 2.79,
            "roe_4q": 10.29,
            "gross_profit": 294038,
            "gross_margin": 11.72,
            "gross_margin_4q_avg": 10.06,
            "net_income": 97919,
            "net_income_4q": null,
            "revenue": 2509646,
            "revenue_4q": null,
            "common_shares": 2187030,
            "book_valuer_per_share": 14.39,
            "book_valuer_per_share_4q_avg": 14.5,
            "equity": 3566819,
            "current_ratio": 129.7,
            "debt_ratio": 52.08,
            "inventory_turnover_ratio": 1.92,
            "account_receivable_turnover_ratio": 1.85,
            "reinvestment_rate": 67.19,
            "research_to_sale_ratio": 0.35,
            "price_fair": 47.25,
            "eps_avg_yearly": 1.35,
            "eps_latest_yearly": 1.56,
            "eps_growth_yearly": 523.32
        },
        "20204": {
            "year_quarter": 20204,
            "year": 2020,
            "quarter": 4,
            "eps": 0.68,
            "eps_growth_year": 53.54,
            "eps_4q": 1.72,
            "eps_4q_growth_year": 10.84,
            "roe": 4.47,
            "roe_4q": 11.559999999999999,
            "gross_profit": 356223,
            "gross_margin": 13.08,
            "gross_margin_4q_avg": 10.84,
            "net_income": 163139,
            "net_income_4q": null,
            "revenue": 2723965,
            "revenue_4q": null,
            "common_shares": 2187030,
            "book_valuer_per_share": 15.08,
            "book_valuer_per_share_4q_avg": 14.6,
            "equity": 3733141,
            "current_ratio": 144.02,
            "debt_ratio": 51.48,
            "inventory_turnover_ratio": 2.16,
            "account_receivable_turnover_ratio": 1.93,
            "reinvestment_rate": 73.46,
            "research_to_sale_ratio": 0.34,
            "price_fair": 48.74,
            "eps_avg_yearly": 1.39,
            "eps_latest_yearly": 2.72,
            "eps_growth_yearly": 533.36
        },
        "20211": {
            "year_quarter": 20211,
            "year": 2021,
            "quarter": 1,
            "eps": 0.91,
            "eps_growth_year": 152.78,
            "eps_4q": 2.28,
            "eps_4q_growth_year": 46.99,
            "roe": 5.47,
            "roe_4q": 14.67,
            "gross_profit": 389435,
            "gross_margin": 12.58,
            "gross_margin_4q_avg": 11.61,
            "net_income": 210065,
            "net_income_4q": null,
            "revenue": 3095540,
            "revenue_4q": null,
            "common_shares": 2187030,
            "book_valuer_per_share": 15.99,
            "book_valuer_per_share_4q_avg": 14.85,
            "equity": 3941710,
            "current_ratio": 156.84,
            "debt_ratio": 48.84,
            "inventory_turnover_ratio": 2.52,
            "account_receivable_turnover_ratio": 2.1,
            "reinvestment_rate": 73.69,
            "research_to_sale_ratio": 0.3,
            "price_fair": 53.46,
            "eps_avg_yearly": 1.53,
            "eps_latest_yearly": 3.64,
            "eps_growth_yearly": 548.68
        },
        "20212": {
            "year_quarter": 20212,
            "year": 2021,
            "quarter": 2,
            "eps": 0.47,
            "eps_growth_year": 62.07,
            "eps_4q": 2.45,
            "eps_4q_growth_year": 62.12,
            "roe": 2.81,
            "roe_4q": 15.54,
            "gross_profit": 279022,
            "gross_margin": 8.8,
            "gross_margin_4q_avg": 11.55,
            "net_income": 111637,
            "net_income_4q": null,
            "revenue": 3169164,
            "revenue_4q": null,
            "common_shares": 2187030,
            "book_valuer_per_share": 16.45,
            "book_valuer_per_share_4q_avg": 15.48,
            "equity": 4014466,
            "current_ratio": 140.89,
            "debt_ratio": 53.9,
            "inventory_turnover_ratio": 1.95,
            "account_receivable_turnover_ratio": 2.01,
            "reinvestment_rate": 81.27,
            "research_to_sale_ratio": 0.29,
            "price_fair": 54.69,
            "eps_avg_yearly": 1.56,
            "eps_latest_yearly": 1.88,
            "eps_growth_yearly": 539.29
        },
        "20213": {
            "year_quarter": 20213,
            "year": 2021,
            "quarter": 3,
            "eps": 0.13,
            "eps_growth_year": -66.67,
            "eps_4q": 2.19,
            "eps_4q_growth_year": 47.58,
            "roe": 1.06,
            "roe_4q": 13.809999999999999,
            "gross_profit": 191797,
            "gross_margin": 6.03,
            "gross_margin_4q_avg": 10.12,
            "net_income": 41202,
            "net_income_4q": null,
            "revenue": 3183093,
            "revenue_4q": null,
            "common_shares": 2187030,
            "book_valuer_per_share": 15.17,
            "book_valuer_per_share_4q_avg": 15.67,
            "equity": 3748250,
            "current_ratio": 131.84,
            "debt_ratio": 54.3,
            "inventory_turnover_ratio": 1.87,
            "account_receivable_turnover_ratio": 1.92,
            "reinvestment_rate": 85.62,
            "research_to_sale_ratio": 0.29,
            "price_fair": 52.24,
            "eps_avg_yearly": 1.49,
            "eps_latest_yearly": 0.52,
            "eps_growth_yearly": 515.15
        },
        "20214": {
            "year_quarter": 20214,
            "year": 2021,
            "quarter": 4,
            "eps": 0.56,
            "eps_growth_year": -17.07,
            "eps_4q": 2.07,
            "eps_4q_growth_year": 20.59,
            "roe": 3.25,
            "roe_4q": 12.59,
            "gross_profit": 296846,
            "gross_margin": 8.12,
            "gross_margin_4q_avg": 8.88,
            "net_income": 123943,
            "net_income_4q": null,
            "revenue": 3656157,
            "revenue_4q": null,
            "common_shares": 2187030,
            "book_valuer_per_share": 15.73,
            "book_valuer_per_share_4q_avg": 15.84,
            "equity": 3872444,
            "current_ratio": 133.49,
            "debt_ratio": 57.49,
            "inventory_turnover_ratio": 2.14,
            "account_receivable_turnover_ratio": 2.02,
            "reinvestment_rate": 82.88,
            "research_to_sale_ratio": 0.25,
            "price_fair": 56.96,
            "eps_avg_yearly": 1.63,
            "eps_latest_yearly": 2.24,
            "eps_growth_yearly": 621.62
        },
        "20221": {
            "year_quarter": 20221,
            "year": 2022,
            "quarter": 1,
            "eps": 0.94,
            "eps_growth_year": 3.3,
            "eps_4q": 2.09,
            "eps_4q_growth_year": -8.04,
            "roe": 4.96,
            "roe_4q": 12.080000000000002,
            "gross_profit": 394387,
            "gross_margin": 11.25,
            "gross_margin_4q_avg": 8.55,
            "net_income": 196993,
            "net_income_4q": null,
            "revenue": 3505862,
            "revenue_4q": null,
            "common_shares": 2187030,
            "book_valuer_per_share": 16.7,
            "book_valuer_per_share_4q_avg": 16.01,
            "equity": 4075455,
            "current_ratio": 139.83,
            "debt_ratio": 52.27,
            "inventory_turnover_ratio": 1.69,
            "account_receivable_turnover_ratio": 1.9,
            "reinvestment_rate": 81.04,
            "research_to_sale_ratio": 0.25,
            "price_fair": 61.86,
            "eps_avg_yearly": 1.77,
            "eps_latest_yearly": 3.76,
            "eps_growth_yearly": 188.58
        },
        "20222": {
            "year_quarter": 20222,
            "year": 2022,
            "quarter": 2,
            "eps": 0.67,
            "eps_growth_year": 42.55,
            "eps_4q": 2.3,
            "eps_4q_growth_year": -6.01,
            "roe": 3.95,
            "roe_4q": 13.22,
            "gross_profit": 339140,
            "gross_margin": 8.9,
            "gross_margin_4q_avg": 8.58,
            "net_income": 156402,
            "net_income_4q": null,
            "revenue": 3808434,
            "revenue_4q": null,
            "common_shares": 2187030,
            "book_valuer_per_share": 15.76,
            "book_valuer_per_share_4q_avg": 15.84,
            "equity": 3849126,
            "current_ratio": 133.67,
            "debt_ratio": 60.23,
            "inventory_turnover_ratio": 1.64,
            "account_receivable_turnover_ratio": 2,
            "reinvestment_rate": 77.35,
            "research_to_sale_ratio": 0.25,
            "price_fair": 64.75,
            "eps_avg_yearly": 1.85,
            "eps_latest_yearly": 2.68,
            "eps_growth_yearly": 184.03
        },
        "20223": {
            "year_quarter": 20223,
            "year": 2022,
            "quarter": 3,
            "eps": -0.05,
            "eps_growth_year": -138.46,
            "eps_4q": 2.12,
            "eps_4q_growth_year": -3.06,
            "roe": -0.49,
            "roe_4q": 11.67,
            "gross_profit": 99503,
            "gross_margin": 2.53,
            "gross_margin_4q_avg": 7.7,
            "net_income": -18701,
            "net_income_4q": null,
            "revenue": 3930313,
            "revenue_4q": null,
            "common_shares": 2187030,
            "book_valuer_per_share": 15.72,
            "book_valuer_per_share_4q_avg": 15.98,
            "equity": 3832128,
            "current_ratio": 132.09,
            "debt_ratio": 58.46,
            "inventory_turnover_ratio": 1.66,
            "account_receivable_turnover_ratio": 1.97,
            "reinvestment_rate": 78.37,
            "research_to_sale_ratio": 0.25,
            "price_fair": 68.41,
            "eps_avg_yearly": 1.95,
            "eps_latest_yearly": 2.68,
            "eps_growth_yearly": 217.48
        },
        "20224": {
            "year_quarter": 20224,
            "year": 2022,
            "quarter": 4,
            "eps": 0.13,
            "eps_growth_year": -77.18,
            "eps_4q": 1.69,
            "eps_4q_growth_year": -18.56,
            "roe": 0.32,
            "roe_4q": 8.74,
            "gross_profit": 167687,
            "gross_margin": 4.16,
            "gross_margin_4q_avg": 6.71,
            "net_income": 12453,
            "net_income_4q": null,
            "revenue": 4029752,
            "revenue_4q": null,
            "common_shares": 2187030,
            "book_valuer_per_share": 15.88,
            "book_valuer_per_share_4q_avg": 16.02,
            "equity": 3852374,
            "current_ratio": 144.06,
            "debt_ratio": 59.2,
            "inventory_turnover_ratio": 1.75,
            "account_receivable_turnover_ratio": 2,
            "reinvestment_rate": 82.9,
            "research_to_sale_ratio": 0.26,
            "price_fair": 69.5,
            "eps_avg_yearly": 1.99,
            "eps_latest_yearly": 2.68,
            "eps_growth_yearly": 106.48
        },
        "20231": {
            "year_quarter": 20231,
            "year": 2023,
            "quarter": 1,
            "eps": 0.3,
            "eps_growth_year": -68.09,
            "eps_4q": 1.05,
            "eps_4q_growth_year": -49.92,
            "roe": 1.6,
            "roe_4q": 5.380000000000001,
            "gross_profit": 226455,
            "gross_margin": 5.96,
            "gross_margin_4q_avg": 5.39,
            "net_income": 62280,
            "net_income_4q": null,
            "revenue": 3797333,
            "revenue_4q": null,
            "common_shares": 2187030,
            "book_valuer_per_share": 16.18,
            "book_valuer_per_share_4q_avg": 15.89,
            "equity": 3916359,
            "current_ratio": 157.96,
            "debt_ratio": 54,
            "inventory_turnover_ratio": 1.89,
            "account_receivable_turnover_ratio": 1.96,
            "reinvestment_rate": 83.21,
            "research_to_sale_ratio": 0.26,
            "price_fair": 68.9,
            "eps_avg_yearly": 1.97,
            "eps_latest_yearly": 1.2,
            "eps_growth_yearly": 145.35
        },
        "20232": {
            "year_quarter": 20232,
            "year": 2023,
            "quarter": 2,
            "eps": 0.18,
            "eps_growth_year": -73.13,
            "eps_4q": 0.53,
            "eps_4q_growth_year": -76.93,
            "roe": 1.28,
            "roe_4q": 2.71,
            "gross_profit": 192962,
            "gross_margin": 5.54,
            "gross_margin_4q_avg": 4.55,
            "net_income": 48254,
            "net_income_4q": null,
            "revenue": 3482609,
            "revenue_4q": null,
            "common_shares": 2187030,
            "book_valuer_per_share": 14.85,
            "book_valuer_per_share_4q_avg": 15.66,
            "equity": 3632675,
            "current_ratio": 141.68,
            "debt_ratio": 57.9,
            "inventory_turnover_ratio": 2,
            "account_receivable_turnover_ratio": 1.95,
            "reinvestment_rate": 81.61,
            "research_to_sale_ratio": 0.29,
            "price_fair": 67.4,
            "eps_avg_yearly": 1.93,
            "eps_latest_yearly": 0.72,
            "eps_growth_yearly": 136.3
        },
        "20233": {
            "year_quarter": 20233,
            "year": 2023,
            "quarter": 3,
            "eps": 0.56,
            "eps_growth_year": null,
            "eps_4q": 1.14,
            "eps_4q_growth_year": -46.11,
            "roe": 3.97,
            "roe_4q": 7.17,
            "gross_profit": 329456,
            "gross_margin": 9.07,
            "gross_margin_4q_avg": 6.18,
            "net_income": 147359,
            "net_income_4q": null,
            "revenue": 3632729,
            "revenue_4q": null,
            "common_shares": 2296382,
            "book_valuer_per_share": 14.73,
            "book_valuer_per_share_4q_avg": 15.41,
            "equity": 3786209,
            "current_ratio": 147.86,
            "debt_ratio": 52.75,
            "inventory_turnover_ratio": 2.33,
            "account_receivable_turnover_ratio": 1.93,
            "reinvestment_rate": 78.4,
            "research_to_sale_ratio": 0.29,
            "price_fair": 68.8,
            "eps_avg_yearly": 1.97,
            "eps_latest_yearly": 2.24,
            "eps_growth_yearly": 188.83
        }
    },
    "months": {
        "2001-06": {
            "month": "2001-06",
            "price": "3.52",
            "revenue": 267562
        },
        "2001-07": {
            "month": "2001-07",
            "price": "3.41",
            "revenue": 311430
        },
        "2001-08": {
            "month": "2001-08",
            "price": "3.19",
            "revenue": 290049
        },
        "2001-09": {
            "month": "2001-09",
            "price": "3.10",
            "revenue": 267687
        },
        "2001-10": {
            "month": "2001-10",
            "price": "2.49",
            "revenue": 290149
        },
        "2001-11": {
            "month": "2001-11",
            "price": "2.54",
            "revenue": 276054
        },
        "2001-12": {
            "month": "2001-12",
            "price": "3.29",
            "revenue": 337879
        },
        "2002-01": {
            "month": "2002-01",
            "price": "3.39",
            "revenue": 341415
        },
        "2002-02": {
            "month": "2002-02",
            "price": "3.38",
            "revenue": 274939
        },
        "2002-03": {
            "month": "2002-03",
            "price": "3.84",
            "revenue": 309088
        },
        "2002-04": {
            "month": "2002-04",
            "price": "5.32",
            "revenue": 310599
        },
        "2002-05": {
            "month": "2002-05",
            "price": "5.40",
            "revenue": 297545
        },
        "2002-06": {
            "month": "2002-06",
            "price": "5.39",
            "revenue": 280472
        },
        "2002-07": {
            "month": "2002-07",
            "price": "5.14",
            "revenue": 349167
        },
        "2002-08": {
            "month": "2002-08",
            "price": "4.94",
            "revenue": 333139
        },
        "2002-09": {
            "month": "2002-09",
            "price": "4.29",
            "revenue": 308375
        },
        "2002-10": {
            "month": "2002-10",
            "price": "3.20",
            "revenue": 352260
        },
        "2002-11": {
            "month": "2002-11",
            "price": "3.38",
            "revenue": 379203
        },
        "2002-12": {
            "month": "2002-12",
            "price": "3.50",
            "revenue": 370692
        },
        "2003-01": {
            "month": "2003-01",
            "price": "3.91",
            "revenue": 398076
        },
        "2003-02": {
            "month": "2003-02",
            "price": "4.65",
            "revenue": 300962
        },
        "2003-03": {
            "month": "2003-03",
            "price": "4.11",
            "revenue": 342422
        },
        "2003-04": {
            "month": "2003-04",
            "price": "3.88",
            "revenue": 340418
        },
        "2003-05": {
            "month": "2003-05",
            "price": "3.83",
            "revenue": 352703
        },
        "2003-06": {
            "month": "2003-06",
            "price": "4.25",
            "revenue": 319700
        },
        "2003-07": {
            "month": "2003-07",
            "price": "4.44",
            "revenue": 338538
        },
        "2003-08": {
            "month": "2003-08",
            "price": "4.11",
            "revenue": 374024
        },
        "2003-09": {
            "month": "2003-09",
            "price": "4.12",
            "revenue": 393615
        },
        "2003-10": {
            "month": "2003-10",
            "price": "4.31",
            "revenue": 468326
        },
        "2003-11": {
            "month": "2003-11",
            "price": "5.04",
            "revenue": 431254
        },
        "2003-12": {
            "month": "2003-12",
            "price": "4.92",
            "revenue": 538108
        },
        "2004-01": {
            "month": "2004-01",
            "price": "5.16",
            "revenue": 425785
        },
        "2004-02": {
            "month": "2004-02",
            "price": "7.02",
            "revenue": 441228
        },
        "2004-03": {
            "month": "2004-03",
            "price": "7.86",
            "revenue": 535172
        },
        "2004-04": {
            "month": "2004-04",
            "price": "8.12",
            "revenue": 501559
        },
        "2004-05": {
            "month": "2004-05",
            "price": "6.38",
            "revenue": 405638
        },
        "2004-06": {
            "month": "2004-06",
            "price": "6.09",
            "revenue": 363321
        },
        "2004-07": {
            "month": "2004-07",
            "price": "6.86",
            "revenue": 382234
        },
        "2004-08": {
            "month": "2004-08",
            "price": "5.81",
            "revenue": 461792
        },
        "2004-09": {
            "month": "2004-09",
            "price": "5.24",
            "revenue": 448155
        },
        "2004-10": {
            "month": "2004-10",
            "price": "4.70",
            "revenue": 457847
        },
        "2004-11": {
            "month": "2004-11",
            "price": "4.77",
            "revenue": 483893
        },
        "2004-12": {
            "month": "2004-12",
            "price": "4.85",
            "revenue": 548822
        },
        "2005-01": {
            "month": "2005-01",
            "price": "5.11",
            "revenue": 475396
        },
        "2005-02": {
            "month": "2005-02",
            "price": "4.85",
            "revenue": 358000
        },
        "2005-03": {
            "month": "2005-03",
            "price": "4.84",
            "revenue": 434711
        },
        "2005-04": {
            "month": "2005-04",
            "price": "4.12",
            "revenue": 400904
        },
        "2005-05": {
            "month": "2005-05",
            "price": "4.29",
            "revenue": 398450
        },
        "2005-06": {
            "month": "2005-06",
            "price": "4.92",
            "revenue": 398988
        },
        "2005-07": {
            "month": "2005-07",
            "price": "5.31",
            "revenue": 409624
        },
        "2005-08": {
            "month": "2005-08",
            "price": "4.90",
            "revenue": 476007
        },
        "2005-09": {
            "month": "2005-09",
            "price": "5.04",
            "revenue": 472436
        },
        "2005-10": {
            "month": "2005-10",
            "price": "4.36",
            "revenue": 428024
        },
        "2005-11": {
            "month": "2005-11",
            "price": "4.10",
            "revenue": 474635
        },
        "2005-12": {
            "month": "2005-12",
            "price": "4.32",
            "revenue": 487375
        },
        "2006-01": {
            "month": "2006-01",
            "price": "4.57",
            "revenue": 442810
        },
        "2006-02": {
            "month": "2006-02",
            "price": "4.12",
            "revenue": 373336
        },
        "2006-03": {
            "month": "2006-03",
            "price": "3.98",
            "revenue": 463235
        },
        "2006-04": {
            "month": "2006-04",
            "price": "4.20",
            "revenue": 396656
        },
        "2006-05": {
            "month": "2006-05",
            "price": "5.20",
            "revenue": 407760
        },
        "2006-06": {
            "month": "2006-06",
            "price": "4.75",
            "revenue": 403612
        },
        "2006-07": {
            "month": "2006-07",
            "price": "4.79",
            "revenue": 450661
        },
        "2006-08": {
            "month": "2006-08",
            "price": "5.06",
            "revenue": 512260
        },
        "2006-09": {
            "month": "2006-09",
            "price": "5.11",
            "revenue": 428801
        },
        "2006-10": {
            "month": "2006-10",
            "price": "5.34",
            "revenue": 499667
        },
        "2006-11": {
            "month": "2006-11",
            "price": "5.69",
            "revenue": 553763
        },
        "2006-12": {
            "month": "2006-12",
            "price": "6.80",
            "revenue": 602439
        },
        "2007-01": {
            "month": "2007-01",
            "price": "7.50",
            "revenue": 583026
        },
        "2007-02": {
            "month": "2007-02",
            "price": "7.29",
            "revenue": 503001
        },
        "2007-03": {
            "month": "2007-03",
            "price": "7.41",
            "revenue": 614778
        },
        "2007-04": {
            "month": "2007-04",
            "price": "8.44",
            "revenue": 547049
        },
        "2007-05": {
            "month": "2007-05",
            "price": "7.58",
            "revenue": 673446
        },
        "2007-06": {
            "month": "2007-06",
            "price": "7.91",
            "revenue": 610895
        },
        "2007-07": {
            "month": "2007-07",
            "price": "10.18",
            "revenue": 684361
        },
        "2007-08": {
            "month": "2007-08",
            "price": "10.00",
            "revenue": 733225
        },
        "2007-09": {
            "month": "2007-09",
            "price": "10.57",
            "revenue": 700445
        },
        "2007-10": {
            "month": "2007-10",
            "price": "10.62",
            "revenue": 859467
        },
        "2007-11": {
            "month": "2007-11",
            "price": "10.03",
            "revenue": 683776
        },
        "2007-12": {
            "month": "2007-12",
            "price": "9.50",
            "revenue": 741131
        },
        "2008-01": {
            "month": "2008-01",
            "price": "9.93",
            "revenue": 826752
        },
        "2008-02": {
            "month": "2008-02",
            "price": "10.40",
            "revenue": 580563
        },
        "2008-03": {
            "month": "2008-03",
            "price": "12.40",
            "revenue": 711129
        },
        "2008-04": {
            "month": "2008-04",
            "price": "13.80",
            "revenue": 619975
        },
        "2008-05": {
            "month": "2008-05",
            "price": "19.97",
            "revenue": 629147
        },
        "2008-06": {
            "month": "2008-06",
            "price": "18.55",
            "revenue": 745688
        },
        "2008-07": {
            "month": "2008-07",
            "price": "17.53",
            "revenue": 775361
        },
        "2008-08": {
            "month": "2008-08",
            "price": "12.86",
            "revenue": 697923
        },
        "2008-09": {
            "month": "2008-09",
            "price": "8.73",
            "revenue": 669690
        },
        "2008-10": {
            "month": "2008-10",
            "price": "6.59",
            "revenue": 826887
        },
        "2008-11": {
            "month": "2008-11",
            "price": "6.24",
            "revenue": 646279
        },
        "2008-12": {
            "month": "2008-12",
            "price": "6.98",
            "revenue": 677923
        },
        "2009-01": {
            "month": "2009-01",
            "price": "7.14",
            "revenue": 590945
        },
        "2009-02": {
            "month": "2009-02",
            "price": "6.88",
            "revenue": 577056
        },
        "2009-03": {
            "month": "2009-03",
            "price": "7.36",
            "revenue": 616208
        },
        "2009-04": {
            "month": "2009-04",
            "price": "8.99",
            "revenue": 666570
        },
        "2009-05": {
            "month": "2009-05",
            "price": "9.88",
            "revenue": 648936
        },
        "2009-06": {
            "month": "2009-06",
            "price": "12.76",
            "revenue": 729863
        },
        "2009-07": {
            "month": "2009-07",
            "price": "12.62",
            "revenue": 634077
        },
        "2009-08": {
            "month": "2009-08",
            "price": "11.36",
            "revenue": 669357
        },
        "2009-09": {
            "month": "2009-09",
            "price": "11.42",
            "revenue": 594528
        },
        "2009-10": {
            "month": "2009-10",
            "price": "12.24",
            "revenue": 665827
        },
        "2009-11": {
            "month": "2009-11",
            "price": "14.15",
            "revenue": 653283
        },
        "2009-12": {
            "month": "2009-12",
            "price": "15.81",
            "revenue": 717612
        },
        "2010-01": {
            "month": "2010-01",
            "price": "15.99",
            "revenue": 682288
        },
        "2010-02": {
            "month": "2010-02",
            "price": "13.25",
            "revenue": 602612
        },
        "2010-03": {
            "month": "2010-03",
            "price": "14.64",
            "revenue": 690140
        },
        "2010-04": {
            "month": "2010-04",
            "price": "15.23",
            "revenue": 679897
        },
        "2010-05": {
            "month": "2010-05",
            "price": "13.23",
            "revenue": 635581
        },
        "2010-06": {
            "month": "2010-06",
            "price": "13.45",
            "revenue": 631144
        },
        "2010-07": {
            "month": "2010-07",
            "price": "14.32",
            "revenue": 658934
        },
        "2010-08": {
            "month": "2010-08",
            "price": "15.91",
            "revenue": 679113
        },
        "2010-09": {
            "month": "2010-09",
            "price": "14.52",
            "revenue": 664565
        },
        "2010-10": {
            "month": "2010-10",
            "price": "15.56",
            "revenue": 852977
        },
        "2010-11": {
            "month": "2010-11",
            "price": "15.27",
            "revenue": 852832
        },
        "2010-12": {
            "month": "2010-12",
            "price": "15.27",
            "revenue": 823067
        },
        "2011-01": {
            "month": "2011-01",
            "price": "15.78",
            "revenue": 840809
        },
        "2011-02": {
            "month": "2011-02",
            "price": "15.48",
            "revenue": 624783
        },
        "2011-03": {
            "month": "2011-03",
            "price": "14.52",
            "revenue": 793746
        },
        "2011-04": {
            "month": "2011-04",
            "price": "15.14",
            "revenue": 740853
        },
        "2011-05": {
            "month": "2011-05",
            "price": "15.06",
            "revenue": 795671
        },
        "2011-06": {
            "month": "2011-06",
            "price": "14.55",
            "revenue": 761770
        },
        "2011-07": {
            "month": "2011-07",
            "price": "14.95",
            "revenue": 814179
        },
        "2011-08": {
            "month": "2011-08",
            "price": "14.25",
            "revenue": 862646
        },
        "2011-09": {
            "month": "2011-09",
            "price": "13.23",
            "revenue": 860591
        },
        "2011-10": {
            "month": "2011-10",
            "price": "13.36",
            "revenue": 855086
        },
        "2011-11": {
            "month": "2011-11",
            "price": "12.90",
            "revenue": 985718
        },
        "2011-12": {
            "month": "2011-12",
            "price": "12.30",
            "revenue": 882361
        },
        "2012-01": {
            "month": "2012-01",
            "price": "12.43",
            "revenue": 700701
        },
        "2012-02": {
            "month": "2012-02",
            "price": "13.08",
            "revenue": 695773
        },
        "2012-03": {
            "month": "2012-03",
            "price": "13.45",
            "revenue": 911524
        },
        "2012-04": {
            "month": "2012-04",
            "price": "12.92",
            "revenue": 930435
        },
        "2012-05": {
            "month": "2012-05",
            "price": "12.94",
            "revenue": 857723
        },
        "2012-06": {
            "month": "2012-06",
            "price": "12.90",
            "revenue": 815853
        },
        "2012-07": {
            "month": "2012-07",
            "price": "13.49",
            "revenue": 977447
        },
        "2012-08": {
            "month": "2012-08",
            "price": "13.90",
            "revenue": 982925
        },
        "2012-09": {
            "month": "2012-09",
            "price": "13.18",
            "revenue": 884067
        },
        "2012-10": {
            "month": "2012-10",
            "price": "12.98",
            "revenue": 944442
        },
        "2012-11": {
            "month": "2012-11",
            "price": "12.78",
            "revenue": 1126473
        },
        "2012-12": {
            "month": "2012-12",
            "price": "12.92",
            "revenue": 1397665
        },
        "2013-01": {
            "month": "2013-01",
            "price": "12.92",
            "revenue": 1298985
        },
        "2013-02": {
            "month": "2013-02",
            "price": "13.07",
            "revenue": 910219
        },
        "2013-03": {
            "month": "2013-03",
            "price": "13.09",
            "revenue": 1179326
        },
        "2013-04": {
            "month": "2013-04",
            "price": "13.12",
            "revenue": 1239446
        },
        "2013-05": {
            "month": "2013-05",
            "price": "13.17",
            "revenue": 1204594
        },
        "2013-06": {
            "month": "2013-06",
            "price": "13.10",
            "revenue": 1313996
        },
        "2013-07": {
            "month": "2013-07",
            "price": "13.07",
            "revenue": 1195864
        },
        "2013-08": {
            "month": "2013-08",
            "price": "13.09",
            "revenue": 1210326
        },
        "2013-09": {
            "month": "2013-09",
            "price": "12.88",
            "revenue": 1069826
        },
        "2013-10": {
            "month": "2013-10",
            "price": "13.13",
            "revenue": 1292061
        },
        "2013-11": {
            "month": "2013-11",
            "price": "11.05",
            "revenue": 1138165
        },
        "2013-12": {
            "month": "2013-12",
            "price": "10.53",
            "revenue": 1156278
        },
        "2014-01": {
            "month": "2014-01",
            "price": "10.91",
            "revenue": 1090934
        },
        "2014-02": {
            "month": "2014-02",
            "price": "11.35",
            "revenue": 828019
        },
        "2014-03": {
            "month": "2014-03",
            "price": "12.17",
            "revenue": 1018326
        },
        "2014-04": {
            "month": "2014-04",
            "price": "14.30",
            "revenue": 1066108
        },
        "2014-05": {
            "month": "2014-05",
            "price": "13.45",
            "revenue": 1070398
        },
        "2014-06": {
            "month": "2014-06",
            "price": "14.69",
            "revenue": 974147
        },
        "2014-07": {
            "month": "2014-07",
            "price": "20.04",
            "revenue": 1043879
        },
        "2014-08": {
            "month": "2014-08",
            "price": "20.77",
            "revenue": 1051380
        },
        "2014-09": {
            "month": "2014-09",
            "price": "24.57",
            "revenue": 1007374
        },
        "2014-10": {
            "month": "2014-10",
            "price": "19.68",
            "revenue": 1121712
        },
        "2014-11": {
            "month": "2014-11",
            "price": "23.42",
            "revenue": 1009767
        },
        "2014-12": {
            "month": "2014-12",
            "price": "22.20",
            "revenue": 1125364
        },
        "2015-01": {
            "month": "2015-01",
            "price": "20.46",
            "revenue": 1057958
        },
        "2015-02": {
            "month": "2015-02",
            "price": "20.40",
            "revenue": 767327
        },
        "2015-03": {
            "month": "2015-03",
            "price": "20.95",
            "revenue": 893328
        },
        "2015-04": {
            "month": "2015-04",
            "price": "21.02",
            "revenue": 845041
        },
        "2015-05": {
            "month": "2015-05",
            "price": "21.14",
            "revenue": 843411
        },
        "2015-06": {
            "month": "2015-06",
            "price": "20.59",
            "revenue": 933214
        },
        "2015-07": {
            "month": "2015-07",
            "price": "22.25",
            "revenue": 1004967
        },
        "2015-08": {
            "month": "2015-08",
            "price": "22.20",
            "revenue": 895295
        },
        "2015-09": {
            "month": "2015-09",
            "price": "22.60",
            "revenue": 810949
        },
        "2015-10": {
            "month": "2015-10",
            "price": "23.15",
            "revenue": 998208
        },
        "2015-11": {
            "month": "2015-11",
            "price": "24.44",
            "revenue": 900226
        },
        "2015-12": {
            "month": "2015-12",
            "price": "25.11",
            "revenue": 934399
        },
        "2016-01": {
            "month": "2016-01",
            "price": "25.72",
            "revenue": 937281
        },
        "2016-02": {
            "month": "2016-02",
            "price": "27.05",
            "revenue": 734483
        },
        "2016-03": {
            "month": "2016-03",
            "price": "30.13",
            "revenue": 882670
        },
        "2016-04": {
            "month": "2016-04",
            "price": "31.24",
            "revenue": 917262
        },
        "2016-05": {
            "month": "2016-05",
            "price": "32.98",
            "revenue": 887891
        },
        "2016-06": {
            "month": "2016-06",
            "price": "39.19",
            "revenue": 882849
        },
        "2016-07": {
            "month": "2016-07",
            "price": "48.90",
            "revenue": 882722
        },
        "2016-08": {
            "month": "2016-08",
            "price": "50.45",
            "revenue": 953134
        },
        "2016-09": {
            "month": "2016-09",
            "price": "51.87",
            "revenue": 849522
        },
        "2016-10": {
            "month": "2016-10",
            "price": "51.38",
            "revenue": 941735
        },
        "2016-11": {
            "month": "2016-11",
            "price": "48.14",
            "revenue": 1014391
        },
        "2016-12": {
            "month": "2016-12",
            "price": "47.00",
            "revenue": 1035339
        },
        "2017-01": {
            "month": "2017-01",
            "price": "47.89",
            "revenue": 889754
        },
        "2017-02": {
            "month": "2017-02",
            "price": "49.48",
            "revenue": 767569
        },
        "2017-03": {
            "month": "2017-03",
            "price": "50.28",
            "revenue": 973879
        },
        "2017-04": {
            "month": "2017-04",
            "price": "50.01",
            "revenue": 892975
        },
        "2017-05": {
            "month": "2017-05",
            "price": "49.77",
            "revenue": 865153
        },
        "2017-06": {
            "month": "2017-06",
            "price": "52.23",
            "revenue": 882238
        },
        "2017-07": {
            "month": "2017-07",
            "price": "54.09",
            "revenue": 894039
        },
        "2017-08": {
            "month": "2017-08",
            "price": "58.89",
            "revenue": 919990
        },
        "2017-09": {
            "month": "2017-09",
            "price": "63.24",
            "revenue": 884524
        },
        "2017-10": {
            "month": "2017-10",
            "price": "65.24",
            "revenue": 874672
        },
        "2017-11": {
            "month": "2017-11",
            "price": "65.52",
            "revenue": 950447
        },
        "2017-12": {
            "month": "2017-12",
            "price": "66.68",
            "revenue": 962073
        },
        "2018-01": {
            "month": "2018-01",
            "price": "67.58",
            "revenue": 1031250
        },
        "2018-02": {
            "month": "2018-02",
            "price": "70.74",
            "revenue": 788933
        },
        "2018-03": {
            "month": "2018-03",
            "price": "71.84",
            "revenue": 974488
        },
        "2018-04": {
            "month": "2018-04",
            "price": "73.29",
            "revenue": 897122
        },
        "2018-05": {
            "month": "2018-05",
            "price": "76.10",
            "revenue": 906043
        },
        "2018-06": {
            "month": "2018-06",
            "price": "82.24",
            "revenue": 865271
        },
        "2018-07": {
            "month": "2018-07",
            "price": "87.44",
            "revenue": 958539
        },
        "2018-08": {
            "month": "2018-08",
            "price": "83.59",
            "revenue": 985283
        },
        "2018-09": {
            "month": "2018-09",
            "price": "85.49",
            "revenue": 937936
        },
        "2018-10": {
            "month": "2018-10",
            "price": "76.74",
            "revenue": 932581
        },
        "2018-11": {
            "month": "2018-11",
            "price": "75.20",
            "revenue": 1029697
        },
        "2018-12": {
            "month": "2018-12",
            "price": "75.52",
            "revenue": 936366
        },
        "2019-01": {
            "month": "2019-01",
            "price": "73.40",
            "revenue": 964100
        },
        "2019-02": {
            "month": "2019-02",
            "price": "71.52",
            "revenue": 633413
        },
        "2019-03": {
            "month": "2019-03",
            "price": "67.09",
            "revenue": 880257
        },
        "2019-04": {
            "month": "2019-04",
            "price": "75.29",
            "revenue": 889193
        },
        "2019-05": {
            "month": "2019-05",
            "price": "72.18",
            "revenue": 857478
        },
        "2019-06": {
            "month": "2019-06",
            "price": "72.97",
            "revenue": 887020
        },
        "2019-07": {
            "month": "2019-07",
            "price": "66.36",
            "revenue": 962604
        },
        "2019-08": {
            "month": "2019-08",
            "price": "52.45",
            "revenue": 927042
        },
        "2019-09": {
            "month": "2019-09",
            "price": "46.50",
            "revenue": 837263
        },
        "2019-10": {
            "month": "2019-10",
            "price": "38.64",
            "revenue": 1023560
        },
        "2019-11": {
            "month": "2019-11",
            "price": "36.57",
            "revenue": 872342
        },
        "2019-12": {
            "month": "2019-12",
            "price": "35.14",
            "revenue": 912234
        },
        "2020-01": {
            "month": "2020-01",
            "price": "33.71",
            "revenue": 850077
        },
        "2020-02": {
            "month": "2020-02",
            "price": "33.02",
            "revenue": 785185
        },
        "2020-03": {
            "month": "2020-03",
            "price": "31.45",
            "revenue": 886030
        },
        "2020-04": {
            "month": "2020-04",
            "price": "36.38",
            "revenue": 856010
        },
        "2020-05": {
            "month": "2020-05",
            "price": "37.40",
            "revenue": 809957
        },
        "2020-06": {
            "month": "2020-06",
            "price": "37.76",
            "revenue": 792623
        },
        "2020-07": {
            "month": "2020-07",
            "price": "37.35",
            "revenue": 847382
        },
        "2020-08": {
            "month": "2020-08",
            "price": "34.12",
            "revenue": 826403
        },
        "2020-09": {
            "month": "2020-09",
            "price": "32.82",
            "revenue": 835861
        },
        "2020-10": {
            "month": "2020-10",
            "price": "31.79",
            "revenue": 817026
        },
        "2020-11": {
            "month": "2020-11",
            "price": "31.99",
            "revenue": 900073
        },
        "2020-12": {
            "month": "2020-12",
            "price": "33.83",
            "revenue": 1006866
        },
        "2021-01": {
            "month": "2021-01",
            "price": "35.38",
            "revenue": 1076979
        },
        "2021-02": {
            "month": "2021-02",
            "price": "34.68",
            "revenue": 893451
        },
        "2021-03": {
            "month": "2021-03",
            "price": "42.03",
            "revenue": 1125109
        },
        "2021-04": {
            "month": "2021-04",
            "price": "51.84",
            "revenue": 1020599
        },
        "2021-05": {
            "month": "2021-05",
            "price": "47.27",
            "revenue": 1114265
        },
        "2021-06": {
            "month": "2021-06",
            "price": "46.07",
            "revenue": 1034300
        },
        "2021-07": {
            "month": "2021-07",
            "price": "45.96",
            "revenue": 1084754
        },
        "2021-08": {
            "month": "2021-08",
            "price": "43.55",
            "revenue": 1052440
        },
        "2021-09": {
            "month": "2021-09",
            "price": "43.81",
            "revenue": 1045897
        },
        "2021-10": {
            "month": "2021-10",
            "price": "50.04",
            "revenue": 1081685
        },
        "2021-11": {
            "month": "2021-11",
            "price": "50.04",
            "revenue": 1322704
        },
        "2021-12": {
            "month": "2021-12",
            "price": "51.41",
            "revenue": 1251774
        },
        "2022-01": {
            "month": "2022-01",
            "price": "53.83",
            "revenue": 1291723
        },
        "2022-02": {
            "month": "2022-02",
            "price": "58.68",
            "revenue": 934637
        },
        "2022-03": {
            "month": "2022-03",
            "price": "58.83",
            "revenue": 1279502
        },
        "2022-04": {
            "month": "2022-04",
            "price": "59.04",
            "revenue": 1219664
        },
        "2022-05": {
            "month": "2022-05",
            "price": "52.06",
            "revenue": 1269125
        },
        "2022-06": {
            "month": "2022-06",
            "price": "49.53",
            "revenue": 1319645
        },
        "2022-07": {
            "month": "2022-07",
            "price": "49.55",
            "revenue": 1301087
        },
        "2022-08": {
            "month": "2022-08",
            "price": "51.33",
            "revenue": 1333748
        },
        "2022-09": {
            "month": "2022-09",
            "price": "52.16",
            "revenue": 1295478
        },
        "2022-10": {
            "month": "2022-10",
            "price": "53.38",
            "revenue": 1291928
        },
        "2022-11": {
            "month": "2022-11",
            "price": "56.29",
            "revenue": 1291214
        },
        "2022-12": {
            "month": "2022-12",
            "price": "56.94",
            "revenue": 1446610
        },
        "2023-01": {
            "month": "2023-01",
            "price": "57.22",
            "revenue": 1136459
        },
        "2023-02": {
            "month": "2023-02",
            "price": "57.57",
            "revenue": 1326121
        },
        "2023-03": {
            "month": "2023-03",
            "price": "58.19",
            "revenue": 1334753
        },
        "2023-04": {
            "month": "2023-04",
            "price": "60.99",
            "revenue": 1108821
        },
        "2023-05": {
            "month": "2023-05",
            "price": "59.79",
            "revenue": 1233009
        },
        "2023-06": {
            "month": "2023-06",
            "price": "56.63",
            "revenue": 1140779
        },
        "2023-07": {
            "month": "2023-07",
            "price": "55.95",
            "revenue": 1215578
        },
        "2023-08": {
            "month": "2023-08",
            "price": "55.34",
            "revenue": 1232824
        },
        "2023-09": {
            "month": "2023-09",
            "price": "53.26",
            "revenue": 1184327
        },
        "2023-10": {
            "month": "2023-10",
            "price": "54.02",
            "revenue": 1212955
        },
        "2023-11": {
            "month": "2023-11",
            "price": "53.99",
            "revenue": 1237270
        },
        "2023-12": {
            "month": "2023-12",
            "price": "54.36",
            "revenue": 1180913
        }
    }
}
