{
    "summary": {
        "stock_name": "佳格",
        "stock_id": "1227",
        "category": "食品",
        "main_business": "嬰兒麥粉,麥片及相關產品之生產製造<br>食用油及滋養飲料粉之分裝,加工,銷售業務<br>一般進出口貿易",
        "website_url": "https://www.sfworldwide.com/tw.html",
        "ceo": "曹博睿",
        "pe_ratio": 29,
        "report_year_from": 2001,
        "report_year_to": 2023,
        "age": 22,
        "eps_negative_percentage": 0,
        "eps_growth_avg": {
            "last_all": 12.62,
            "last_2y": -26.67,
            "last_4y": -6,
            "last_8y": -4.98,
            "last_12y": -4.28,
            "last_16y": 6.56,
            "last_20y": 12.62,
            "at_2006_last_3y": 14.34,
            "at_2007_last_3y": 23.85,
            "at_2008_last_3y": 23.29,
            "at_2009_last_3y": 41.77,
            "at_2010_last_3y": 68.14,
            "at_2011_last_3y": 53.19,
            "at_2012_last_3y": 24.93,
            "at_2013_last_3y": -2.68,
            "at_2014_last_3y": -15.29,
            "at_2015_last_3y": -8.74,
            "at_2016_last_3y": -5.03,
            "at_2017_last_3y": -3.71,
            "at_2018_last_3y": 5.03,
            "at_2019_last_3y": 3.4,
            "at_2020_last_3y": 5.17,
            "at_2021_last_3y": 5.09,
            "at_2022_last_3y": -16.08,
            "at_2023_last_3y": -16.08,
            "at_2006_last_all": 19.55,
            "at_2007_last_all": 25.6,
            "at_2008_last_all": 34.08,
            "at_2009_last_all": 40.07,
            "at_2010_last_all": 41.15,
            "at_2011_last_all": 36.63,
            "at_2012_last_all": 30.75,
            "at_2013_last_all": 25.82,
            "at_2014_last_all": 23.78,
            "at_2015_last_all": 23.67,
            "at_2016_last_all": 21.21,
            "at_2017_last_all": 18.44,
            "at_2018_last_all": 19.37,
            "at_2019_last_all": 19.16,
            "at_2020_last_all": 17.83,
            "at_2021_last_all": 15.77,
            "at_2022_last_all": 12.62,
            "at_2023_last_all": 12.62
        },
        "latest_eps": 1.29,
        "latest_price": 38,
        "latest_roe": 6.98,
        "latest_gross_margin": 21.23,
        "latest_equity": 17009894,
        "latest_revenue": 6323469,
        "latest_gross_profit": 1342704,
        "latest_net_income": 184924,
        "latest_debt_ratio": 38.96,
        "latest_current_ratio": 182.66,
        "latest_account_receivable_turnover_ratio": 1.73,
        "latest_inventory_turnover_ratio": 0.78,
        "latest_reinvestment_rate": -12.44,
        "latest_research_to_sale_ratio": 0.74
    },
    "eps_dividends": {
        "1991": {
            "cash": 0,
            "stock": 3.3,
            "eps": 0
        },
        "1992": {
            "cash": 0,
            "stock": 4,
            "eps": 0
        },
        "1993": {
            "cash": 0,
            "stock": 4,
            "eps": 0
        },
        "1994": {
            "cash": 0,
            "stock": 4,
            "eps": 0
        },
        "1995": {
            "cash": 0,
            "stock": 4,
            "eps": 0
        },
        "1996": {
            "cash": 0,
            "stock": 4,
            "eps": 0
        },
        "1997": {
            "cash": 0,
            "stock": 2.5,
            "eps": 0
        },
        "1998": {
            "cash": 0,
            "stock": 1.5,
            "eps": 0
        },
        "2000": {
            "cash": 0.6,
            "stock": 0.6,
            "eps": 0
        },
        "2001": {
            "cash": 0.5,
            "stock": 0,
            "eps": 0.52
        },
        "2002": {
            "cash": 0.6,
            "stock": 0,
            "eps": 0.73
        },
        "2003": {
            "cash": 0.5,
            "stock": 0,
            "eps": 0.86
        },
        "2004": {
            "cash": 0.9,
            "stock": 0,
            "eps": 1.61
        },
        "2005": {
            "cash": 1.1,
            "stock": 0,
            "eps": 1.74
        },
        "2006": {
            "cash": 0,
            "stock": 0,
            "eps": 0.77
        },
        "2007": {
            "cash": 1.3,
            "stock": 0,
            "eps": 1.2
        },
        "2008": {
            "cash": 0.9,
            "stock": 0,
            "eps": 2.22
        },
        "2009": {
            "cash": 1.4,
            "stock": 0.05,
            "eps": 4.04
        },
        "2010": {
            "cash": 2,
            "stock": 1.5,
            "eps": 6.05
        },
        "2011": {
            "cash": 4.9,
            "stock": 4.9,
            "eps": 5.81
        },
        "2012": {
            "cash": 0,
            "stock": 0,
            "eps": 4.18
        },
        "2013": {
            "cash": 2,
            "stock": 1.5,
            "eps": 2.99
        },
        "2014": {
            "cash": 1.6,
            "stock": 0.9,
            "eps": 2.97
        },
        "2015": {
            "cash": 1.6,
            "stock": 1,
            "eps": 3.63
        },
        "2016": {
            "cash": 1.6,
            "stock": 1.1,
            "eps": 3.15
        },
        "2017": {
            "cash": 1.6,
            "stock": 0.4,
            "eps": 2.42
        },
        "2018": {
            "cash": 2,
            "stock": 0,
            "eps": 3.25
        },
        "2019": {
            "cash": 2.5,
            "stock": 0,
            "eps": 3.76
        },
        "2020": {
            "cash": 2.65,
            "stock": 0,
            "eps": 3.53
        },
        "2021": {
            "cash": 2.5,
            "stock": 0,
            "eps": 2.7
        },
        "2022": {
            "cash": 1.9,
            "stock": 0,
            "eps": 1.34
        },
        "2023": {
            "cash": 1.29,
            "stock": 0,
            "eps": 0.49
        }
    },
    "dividends": {
        "1991-11-08": {
            "cash": 0,
            "stock": 3.3
        },
        "1992-12-29": {
            "cash": 0,
            "stock": 4
        },
        "1993-11-02": {
            "cash": 0,
            "stock": 4
        },
        "1994-10-28": {
            "cash": 0,
            "stock": 4
        },
        "1995-10-28": {
            "cash": 0,
            "stock": 4
        },
        "1996-11-16": {
            "cash": 0,
            "stock": 4
        },
        "1997-11-08": {
            "cash": 0,
            "stock": 2.5
        },
        "1998-11-11": {
            "cash": 0,
            "stock": 1.5
        },
        "2000-11-27": {
            "cash": 0.6,
            "stock": 0.6
        },
        "2001-07-31": {
            "cash": 0.5,
            "stock": 0
        },
        "2002-07-31": {
            "cash": 0.6,
            "stock": 0
        },
        "2003-07-31": {
            "cash": 0.5,
            "stock": 0
        },
        "2004-07-31": {
            "cash": 0.9,
            "stock": 0
        },
        "2005-07-31": {
            "cash": 1.1,
            "stock": 0
        },
        "2007-03-23": {
            "cash": 1.3,
            "stock": 0
        },
        "2008-04-17": {
            "cash": 0.9,
            "stock": 0
        },
        "2009-04-15": {
            "cash": 1.4,
            "stock": 0.05
        },
        "2010-04-27": {
            "cash": 2,
            "stock": 1.5
        },
        "2011-01-01": {
            "cash": 2.4,
            "stock": 2.4
        },
        "2011-04-26": {
            "cash": 2.5,
            "stock": 2.5
        },
        "2013-04-23": {
            "cash": 2,
            "stock": 1.5
        },
        "2014-08-29": {
            "cash": 1.6,
            "stock": 0.9
        },
        "2015-09-15": {
            "cash": 1.6,
            "stock": 1
        },
        "2016-09-26": {
            "cash": 1.6,
            "stock": 1.1
        },
        "2017-09-25": {
            "cash": 1.6,
            "stock": 0.4
        },
        "2018-08-24": {
            "cash": 2,
            "stock": 0
        },
        "2019-08-15": {
            "cash": 2.5,
            "stock": 0
        },
        "2020-08-12": {
            "cash": 2.65,
            "stock": 0
        },
        "2021-08-20": {
            "cash": 2.5,
            "stock": 0
        },
        "2022-08-17": {
            "cash": 1.9,
            "stock": 0
        },
        "2023-07-20": {
            "cash": 1.29,
            "stock": 0
        }
    },
    "prices": {
        "200101": "12.88",
        "200102": "12.81",
        "200103": "11.35",
        "200104": "11.51",
        "200105": "10.08",
        "200106": "8.54",
        "200107": "7.70",
        "200108": "7.96",
        "200109": "7.56",
        "200110": "7.08",
        "200111": "7.04",
        "200112": "7.61",
        "200201": "7.52",
        "200202": "7.54",
        "200203": "8.17",
        "200204": "9.63",
        "200205": "9.37",
        "200206": "9.68",
        "200207": "9.09",
        "200208": "8.66",
        "200209": "7.88",
        "200210": "7.83",
        "200211": "8.54",
        "200212": "8.90",
        "200301": "9.23",
        "200302": "8.25",
        "200303": "7.82",
        "200304": "7.75",
        "200305": "7.36",
        "200306": "8.08",
        "200307": "8.32",
        "200308": "8.52",
        "200309": "8.32",
        "200310": "8.69",
        "200311": "8.86",
        "200312": "8.84",
        "200401": "9.02",
        "200402": "10.52",
        "200403": "10.06",
        "200404": "9.92",
        "200405": "10.20",
        "200406": "10.10",
        "200407": "10.06",
        "200408": "10.07",
        "200409": "11.10",
        "200410": "11.20",
        "200411": "11.57",
        "200412": "11.83",
        "200501": "11.94",
        "200502": "12.27",
        "200503": "12.00",
        "200504": "11.61",
        "200505": "11.66",
        "200506": "11.92",
        "200507": "12.18",
        "200508": "12.50",
        "200509": "12.64",
        "200510": "12.99",
        "200511": "13.52",
        "200512": "14.31",
        "200601": "13.73",
        "200602": "13.78",
        "200603": "13.89",
        "200604": "14.22",
        "200605": "15.37",
        "200606": "14.96",
        "200607": "15.08",
        "200608": "15.08",
        "200609": "14.22",
        "200610": "14.52",
        "200611": "13.65",
        "200612": "14.00",
        "200701": "14.35",
        "200702": "14.25",
        "200703": "14.48",
        "200704": "16.76",
        "200705": "17.18",
        "200706": "17.80",
        "200707": "21.42",
        "200708": "19.24",
        "200709": "18.21",
        "200710": "17.98",
        "200711": "16.13",
        "200712": "16.00",
        "200801": "16.43",
        "200802": "16.66",
        "200803": "17.25",
        "200804": "17.86",
        "200805": "29.55",
        "200806": "28.69",
        "200807": "28.12",
        "200808": "27.36",
        "200809": "24.24",
        "200810": "17.94",
        "200811": "19.46",
        "200812": "21.36",
        "200901": "21.82",
        "200902": "21.42",
        "200903": "22.78",
        "200904": "29.85",
        "200905": "30.64",
        "200906": "28.95",
        "200907": "30.01",
        "200908": "29.48",
        "200909": "31.89",
        "200910": "33.85",
        "200911": "37.80",
        "200912": "38.69",
        "201001": "42.57",
        "201002": "39.83",
        "201003": "48.91",
        "201004": "62.06",
        "201005": "74.63",
        "201006": "77.79",
        "201007": "83.16",
        "201008": "82.35",
        "201009": "75.78",
        "201010": "79.34",
        "201011": "79.21",
        "201012": "77.36",
        "201101": "71.86",
        "201102": "71.35",
        "201103": "76.24",
        "201104": "83.76",
        "201105": "104.84",
        "201106": "104.57",
        "201107": "121.05",
        "201108": "105.31",
        "201109": "91.60",
        "201110": "91.93",
        "201111": "105.23",
        "201112": "92.79",
        "201201": "93.10",
        "201202": "103.62",
        "201203": "104.80",
        "201204": "90.71",
        "201205": "90.97",
        "201206": "85.06",
        "201207": "82.87",
        "201208": "82.41",
        "201209": "78.18",
        "201210": "78.39",
        "201211": "77.27",
        "201212": "80.79",
        "201301": "81.52",
        "201302": "84.87",
        "201303": "86.26",
        "201304": "96.26",
        "201305": "99.04",
        "201306": "93.73",
        "201307": "95.72",
        "201308": "88.47",
        "201309": "88.81",
        "201310": "91.09",
        "201311": "87.66",
        "201312": "90.13",
        "201401": "90.81",
        "201402": "87.87",
        "201403": "84.52",
        "201404": "83.58",
        "201405": "82.89",
        "201406": "82.22",
        "201407": "83.18",
        "201408": "76.84",
        "201409": "74.79",
        "201410": "69.11",
        "201411": "69.80",
        "201412": "69.54",
        "201501": "67.38",
        "201502": "70.48",
        "201503": "77.20",
        "201504": "75.90",
        "201505": "78.04",
        "201506": "84.49",
        "201507": "91.20",
        "201508": "83.61",
        "201509": "72.76",
        "201510": "76.78",
        "201511": "77.49",
        "201512": "78.57",
        "201601": "77.97",
        "201602": "81.79",
        "201603": "81.66",
        "201604": "78.55",
        "201605": "77.62",
        "201606": "79.03",
        "201607": "79.78",
        "201608": "80.29",
        "201609": "79.09",
        "201610": "79.70",
        "201611": "76.15",
        "201612": "76.23",
        "201701": "76.06",
        "201702": "77.11",
        "201703": "76.04",
        "201704": "74.83",
        "201705": "77.14",
        "201706": "80.46",
        "201707": "80.74",
        "201708": "78.04",
        "201709": "74.96",
        "201710": "74.27",
        "201711": "74.28",
        "201712": "73.00",
        "201801": "74.92",
        "201802": "70.35",
        "201803": "67.77",
        "201804": "67.83",
        "201805": "61.68",
        "201806": "62.33",
        "201807": "61.17",
        "201808": "55.76",
        "201809": "51.53",
        "201810": "46.23",
        "201811": "47.77",
        "201812": "49.27",
        "201901": "50.05",
        "201902": "50.88",
        "201903": "51.96",
        "201904": "51.70",
        "201905": "55.97",
        "201906": "60.11",
        "201907": "60.41",
        "201908": "58.97",
        "201909": "63.67",
        "201910": "61.88",
        "201911": "63.27",
        "201912": "69.88",
        "202001": "69.46",
        "202002": "69.61",
        "202003": "59.93",
        "202004": "65.17",
        "202005": "66.06",
        "202006": "64.40",
        "202007": "64.12",
        "202008": "63.06",
        "202009": "62.77",
        "202010": "62.28",
        "202011": "62.53",
        "202012": "60.79",
        "202101": "58.04",
        "202102": "56.52",
        "202103": "57.43",
        "202104": "56.89",
        "202105": "53.45",
        "202106": "53.96",
        "202107": "54.20",
        "202108": "52.04",
        "202109": "51.65",
        "202110": "51.42",
        "202111": "51.93",
        "202112": "52.36",
        "202201": "52.21",
        "202202": "51.37",
        "202203": "49.27",
        "202204": "49.91",
        "202205": "47.83",
        "202206": "46.59",
        "202207": "44.18",
        "202208": "41.29",
        "202209": "40.13",
        "202210": "38.02",
        "202211": "39.80",
        "202212": "39.77",
        "202301": "40.29",
        "202302": "41.68",
        "202303": "41.13",
        "202304": "40.29",
        "202305": "41.05",
        "202306": "41.23",
        "202307": "40.65",
        "202308": "38.64",
        "202309": "37.95"
    },
    "quarters": {
        "20011": {
            "year_quarter": 20011,
            "year": 2001,
            "quarter": 1,
            "eps": 0.22,
            "eps_growth_year": -72.15,
            "eps_4q": 0.71,
            "eps_4q_growth_year": -46.74,
            "roe": 1.81,
            "roe_4q": 1.81,
            "gross_profit": 520383,
            "gross_margin": 44.56,
            "gross_margin_4q_avg": 44.56,
            "net_income": 69146,
            "revenue": 1167818,
            "common_shares": 3209184,
            "book_valuer_per_share": 11.96,
            "book_valuer_per_share_4q_avg": 11.96,
            "equity": 3837183,
            "current_ratio": 253.62,
            "debt_ratio": 38.68,
            "inventory_turnover_ratio": 0.96,
            "account_receivable_turnover_ratio": null,
            "reinvestment_rate": null,
            "research_to_sale_ratio": null,
            "price_fair": 0,
            "eps_avg_yearly": 0,
            "eps_latest_yearly": 0,
            "eps_growth_yearly": 0
        },
        "20012": {
            "year_quarter": 20012,
            "year": 2001,
            "quarter": 2,
            "eps": 0.09,
            "eps_growth_year": -62.5,
            "eps_4q": 0.56,
            "eps_4q_growth_year": -57.46,
            "roe": 0.74,
            "roe_4q": 2.55,
            "gross_profit": 485827,
            "gross_margin": 41.16,
            "gross_margin_4q_avg": 42.86,
            "net_income": 28546,
            "revenue": 1180312,
            "common_shares": 3209184,
            "book_valuer_per_share": 12.2,
            "book_valuer_per_share_4q_avg": 12.08,
            "equity": 3915434,
            "current_ratio": 269.51,
            "debt_ratio": 37.08,
            "inventory_turnover_ratio": 0.99,
            "account_receivable_turnover_ratio": null,
            "reinvestment_rate": null,
            "research_to_sale_ratio": null,
            "price_fair": 0,
            "eps_avg_yearly": 0,
            "eps_latest_yearly": 0,
            "eps_growth_yearly": 0
        },
        "20013": {
            "year_quarter": 20013,
            "year": 2001,
            "quarter": 3,
            "eps": 0.11,
            "eps_growth_year": -68.57,
            "eps_4q": 0.34,
            "eps_4q_growth_year": -77.65,
            "roe": 0.9,
            "roe_4q": 3.45,
            "gross_profit": 447341,
            "gross_margin": 38.51,
            "gross_margin_4q_avg": 41.41,
            "net_income": 35215,
            "revenue": 1161671,
            "common_shares": 3209184,
            "book_valuer_per_share": 12.32,
            "book_valuer_per_share_4q_avg": 12.16,
            "equity": 3952344,
            "current_ratio": 261.89,
            "debt_ratio": 36.4,
            "inventory_turnover_ratio": 0.98,
            "account_receivable_turnover_ratio": null,
            "reinvestment_rate": null,
            "research_to_sale_ratio": null,
            "price_fair": 0,
            "eps_avg_yearly": 0,
            "eps_latest_yearly": 0,
            "eps_growth_yearly": 0
        },
        "20014": {
            "year_quarter": 20014,
            "year": 2001,
            "quarter": 4,
            "eps": 0.1,
            "eps_growth_year": null,
            "eps_4q": 0.51,
            "eps_4q_growth_year": -63.25,
            "roe": 0.82,
            "roe_4q": 4.27,
            "gross_profit": 502075,
            "gross_margin": 40,
            "gross_margin_4q_avg": 41.06,
            "net_income": 32181,
            "revenue": 1255252,
            "common_shares": 3209184,
            "book_valuer_per_share": 12.2,
            "book_valuer_per_share_4q_avg": 12.17,
            "equity": 3915434,
            "current_ratio": 167.23,
            "debt_ratio": 45.65,
            "inventory_turnover_ratio": 0.97,
            "account_receivable_turnover_ratio": null,
            "reinvestment_rate": null,
            "research_to_sale_ratio": null,
            "price_fair": 0,
            "eps_avg_yearly": 0,
            "eps_latest_yearly": 0,
            "eps_growth_yearly": 0
        },
        "20021": {
            "year_quarter": 20021,
            "year": 2002,
            "quarter": 1,
            "eps": 0.26,
            "eps_growth_year": 18.18,
            "eps_4q": 0.56,
            "eps_4q_growth_year": -21.85,
            "roe": 2.14,
            "roe_4q": 4.6,
            "gross_profit": 530253,
            "gross_margin": 39.73,
            "gross_margin_4q_avg": 39.85,
            "net_income": 83652,
            "revenue": 1334638,
            "common_shares": 3209184,
            "book_valuer_per_share": 12.21,
            "book_valuer_per_share_4q_avg": 12.23,
            "equity": 3917780,
            "current_ratio": 384.14,
            "debt_ratio": 34.59,
            "inventory_turnover_ratio": 1.13,
            "account_receivable_turnover_ratio": null,
            "reinvestment_rate": null,
            "research_to_sale_ratio": null,
            "price_fair": 36.4,
            "eps_avg_yearly": 1.04,
            "eps_latest_yearly": 1.04,
            "eps_growth_yearly": 640
        },
        "20022": {
            "year_quarter": 20022,
            "year": 2002,
            "quarter": 2,
            "eps": 0.29,
            "eps_growth_year": 222.22,
            "eps_4q": 0.75,
            "eps_4q_growth_year": 33.47,
            "roe": 2.4,
            "roe_4q": 6.260000000000001,
            "gross_profit": 472466,
            "gross_margin": 37.77,
            "gross_margin_4q_avg": 39,
            "net_income": 94553,
            "revenue": 1250922,
            "common_shares": 3209184,
            "book_valuer_per_share": 12.36,
            "book_valuer_per_share_4q_avg": 12.27,
            "equity": 3965093,
            "current_ratio": 280.75,
            "debt_ratio": 36.17,
            "inventory_turnover_ratio": 1.16,
            "account_receivable_turnover_ratio": null,
            "reinvestment_rate": null,
            "research_to_sale_ratio": null,
            "price_fair": 38.5,
            "eps_avg_yearly": 1.1,
            "eps_latest_yearly": 1.16,
            "eps_growth_yearly": 343.08
        },
        "20023": {
            "year_quarter": 20023,
            "year": 2002,
            "quarter": 3,
            "eps": 0.07,
            "eps_growth_year": -36.36,
            "eps_4q": 0.69,
            "eps_4q_growth_year": 100.95,
            "roe": 0.6,
            "roe_4q": 5.960000000000001,
            "gross_profit": 409921,
            "gross_margin": 35.17,
            "gross_margin_4q_avg": 38.17,
            "net_income": 23871,
            "revenue": 1165549,
            "common_shares": 3209184,
            "book_valuer_per_share": 12.49,
            "book_valuer_per_share_4q_avg": 12.32,
            "equity": 4006990,
            "current_ratio": 245.43,
            "debt_ratio": 35.8,
            "inventory_turnover_ratio": 0.98,
            "account_receivable_turnover_ratio": null,
            "reinvestment_rate": null,
            "research_to_sale_ratio": null,
            "price_fair": 28.93,
            "eps_avg_yearly": 0.83,
            "eps_latest_yearly": 0.28,
            "eps_growth_yearly": 127.57
        },
        "20024": {
            "year_quarter": 20024,
            "year": 2002,
            "quarter": 4,
            "eps": 0.11,
            "eps_growth_year": 10,
            "eps_4q": 0.72,
            "eps_4q_growth_year": 41.14,
            "roe": 0.91,
            "roe_4q": 6.050000000000001,
            "gross_profit": 519527,
            "gross_margin": 38.57,
            "gross_margin_4q_avg": 37.81,
            "net_income": 36200,
            "revenue": 1347096,
            "common_shares": 3209184,
            "book_valuer_per_share": 12.36,
            "book_valuer_per_share_4q_avg": 12.36,
            "equity": 3965093,
            "current_ratio": 195.48,
            "debt_ratio": 43.27,
            "inventory_turnover_ratio": 1.03,
            "account_receivable_turnover_ratio": null,
            "reinvestment_rate": 124.92,
            "research_to_sale_ratio": null,
            "price_fair": 25.55,
            "eps_avg_yearly": 0.73,
            "eps_latest_yearly": 0.44,
            "eps_growth_yearly": 152.82
        },
        "20031": {
            "year_quarter": 20031,
            "year": 2003,
            "quarter": 1,
            "eps": 0.13,
            "eps_growth_year": -50,
            "eps_4q": 0.6,
            "eps_4q_growth_year": 7.02,
            "roe": 1.09,
            "roe_4q": 5,
            "gross_profit": 511522,
            "gross_margin": 39.03,
            "gross_margin_4q_avg": 37.64,
            "net_income": 43006,
            "revenue": 1310423,
            "common_shares": 3209184,
            "book_valuer_per_share": 12.13,
            "book_valuer_per_share_4q_avg": 12.34,
            "equity": 3891368,
            "current_ratio": 291.78,
            "debt_ratio": 35.63,
            "inventory_turnover_ratio": 1,
            "account_receivable_turnover_ratio": null,
            "reinvestment_rate": 35.31,
            "research_to_sale_ratio": null,
            "price_fair": 24.08,
            "eps_avg_yearly": 0.69,
            "eps_latest_yearly": 0.52,
            "eps_growth_yearly": 136.8
        },
        "20032": {
            "year_quarter": 20032,
            "year": 2003,
            "quarter": 2,
            "eps": 0.24,
            "eps_growth_year": -17.24,
            "eps_4q": 0.56,
            "eps_4q_growth_year": -25.37,
            "roe": 1.96,
            "roe_4q": 4.56,
            "gross_profit": 455961,
            "gross_margin": 35.05,
            "gross_margin_4q_avg": 36.96,
            "net_income": 76793,
            "revenue": 1301063,
            "common_shares": 3209184,
            "book_valuer_per_share": 12.35,
            "book_valuer_per_share_4q_avg": 12.33,
            "equity": 3962743,
            "current_ratio": 379.02,
            "debt_ratio": 33.8,
            "inventory_turnover_ratio": 1.03,
            "account_receivable_turnover_ratio": null,
            "reinvestment_rate": 32.98,
            "research_to_sale_ratio": null,
            "price_fair": 25.67,
            "eps_avg_yearly": 0.73,
            "eps_latest_yearly": 0.96,
            "eps_growth_yearly": 170.41
        },
        "20033": {
            "year_quarter": 20033,
            "year": 2003,
            "quarter": 3,
            "eps": 0.01,
            "eps_growth_year": -85.71,
            "eps_4q": 0.49,
            "eps_4q_growth_year": -28.14,
            "roe": 0.06,
            "roe_4q": 4.0200000000000005,
            "gross_profit": 447753,
            "gross_margin": 35.2,
            "gross_margin_4q_avg": 36.96,
            "net_income": 2424,
            "revenue": 1271907,
            "common_shares": 3209184,
            "book_valuer_per_share": 12.31,
            "book_valuer_per_share_4q_avg": 12.29,
            "equity": 3949275,
            "current_ratio": 321.67,
            "debt_ratio": 34.96,
            "inventory_turnover_ratio": 0.95,
            "account_receivable_turnover_ratio": null,
            "reinvestment_rate": 26.71,
            "research_to_sale_ratio": null,
            "price_fair": 22.2,
            "eps_avg_yearly": 0.63,
            "eps_latest_yearly": 0.04,
            "eps_growth_yearly": 91.3
        },
        "20034": {
            "year_quarter": 20034,
            "year": 2003,
            "quarter": 4,
            "eps": 0.48,
            "eps_growth_year": 336.36,
            "eps_4q": 0.86,
            "eps_4q_growth_year": 19.26,
            "roe": 3.87,
            "roe_4q": 6.98,
            "gross_profit": 599050,
            "gross_margin": 38.7,
            "gross_margin_4q_avg": 37,
            "net_income": 152985,
            "revenue": 1548080,
            "common_shares": 3209184,
            "book_valuer_per_share": 12.35,
            "book_valuer_per_share_4q_avg": 12.29,
            "equity": 3962743,
            "current_ratio": 210.41,
            "debt_ratio": 42.53,
            "inventory_turnover_ratio": 1.03,
            "account_receivable_turnover_ratio": null,
            "reinvestment_rate": 53.46,
            "research_to_sale_ratio": null,
            "price_fair": 27.83,
            "eps_avg_yearly": 0.8,
            "eps_latest_yearly": 1.92,
            "eps_growth_yearly": 2429.89
        },
        "20041": {
            "year_quarter": 20041,
            "year": 2004,
            "quarter": 1,
            "eps": 0.47,
            "eps_growth_year": 261.54,
            "eps_4q": 1.21,
            "eps_4q_growth_year": 101.89,
            "roe": 3.69,
            "roe_4q": 9.58,
            "gross_profit": 550169,
            "gross_margin": 37.54,
            "gross_margin_4q_avg": 36.62,
            "net_income": 148256,
            "revenue": 1465522,
            "common_shares": 3209184,
            "book_valuer_per_share": 12.66,
            "book_valuer_per_share_4q_avg": 12.42,
            "equity": 4064415,
            "current_ratio": 291.63,
            "debt_ratio": 30.71,
            "inventory_turnover_ratio": 1.07,
            "account_receivable_turnover_ratio": null,
            "reinvestment_rate": -4.31,
            "research_to_sale_ratio": null,
            "price_fair": 32.04,
            "eps_avg_yearly": 0.92,
            "eps_latest_yearly": 1.88,
            "eps_growth_yearly": 2158.98
        },
        "20042": {
            "year_quarter": 20042,
            "year": 2004,
            "quarter": 2,
            "eps": 0.31,
            "eps_growth_year": 29.17,
            "eps_4q": 1.25,
            "eps_4q_growth_year": 123.17,
            "roe": 2.42,
            "roe_4q": 10.040000000000001,
            "gross_profit": 517306,
            "gross_margin": 36.54,
            "gross_margin_4q_avg": 37,
            "net_income": 99661,
            "revenue": 1415782,
            "common_shares": 3209184,
            "book_valuer_per_share": 13.02,
            "book_valuer_per_share_4q_avg": 12.59,
            "equity": 4179534,
            "current_ratio": 279.48,
            "debt_ratio": 28.21,
            "inventory_turnover_ratio": 1.13,
            "account_receivable_turnover_ratio": null,
            "reinvestment_rate": -16.71,
            "research_to_sale_ratio": null,
            "price_fair": 33.18,
            "eps_avg_yearly": 0.95,
            "eps_latest_yearly": 1.24,
            "eps_growth_yearly": 1929.46
        },
        "20043": {
            "year_quarter": 20043,
            "year": 2004,
            "quarter": 3,
            "eps": 0.35,
            "eps_growth_year": 3400,
            "eps_4q": 1.62,
            "eps_4q_growth_year": 228.8,
            "roe": 2.6,
            "roe_4q": 12.579999999999998,
            "gross_profit": 537150,
            "gross_margin": 36.99,
            "gross_margin_4q_avg": 37.44,
            "net_income": 110211,
            "revenue": 1452146,
            "common_shares": 3209184,
            "book_valuer_per_share": 13.4,
            "book_valuer_per_share_4q_avg": 12.86,
            "equity": 4299428,
            "current_ratio": 284.18,
            "debt_ratio": 29.04,
            "inventory_turnover_ratio": 1.1,
            "account_receivable_turnover_ratio": null,
            "reinvestment_rate": -18.76,
            "research_to_sale_ratio": null,
            "price_fair": 34.62,
            "eps_avg_yearly": 0.99,
            "eps_latest_yearly": 1.4,
            "eps_growth_yearly": 1758.75
        },
        "20044": {
            "year_quarter": 20044,
            "year": 2004,
            "quarter": 4,
            "eps": 0.48,
            "eps_growth_year": 0,
            "eps_4q": 1.62,
            "eps_4q_growth_year": 87.07,
            "roe": 3.57,
            "roe_4q": 12.28,
            "gross_profit": 643992,
            "gross_margin": 40.56,
            "gross_margin_4q_avg": 37.91,
            "net_income": 151409,
            "revenue": 1587744,
            "common_shares": 3209184,
            "book_valuer_per_share": 13.02,
            "book_valuer_per_share_4q_avg": 13.03,
            "equity": 4179534,
            "current_ratio": 178.95,
            "debt_ratio": 37.48,
            "inventory_turnover_ratio": 1.07,
            "account_receivable_turnover_ratio": null,
            "reinvestment_rate": -29.52,
            "research_to_sale_ratio": null,
            "price_fair": 37.33,
            "eps_avg_yearly": 1.07,
            "eps_latest_yearly": 1.92,
            "eps_growth_yearly": 1624.57
        },
        "20051": {
            "year_quarter": 20051,
            "year": 2005,
            "quarter": 1,
            "eps": 0.48,
            "eps_growth_year": 2.13,
            "eps_4q": 1.62,
            "eps_4q_growth_year": 34.2,
            "roe": 3.63,
            "roe_4q": 12.219999999999999,
            "gross_profit": 679442,
            "gross_margin": 41.11,
            "gross_margin_4q_avg": 38.8,
            "net_income": 152308,
            "revenue": 1652819,
            "common_shares": 3209184,
            "book_valuer_per_share": 13.11,
            "book_valuer_per_share_4q_avg": 13.14,
            "equity": 4208130,
            "current_ratio": 239.42,
            "debt_ratio": 30.69,
            "inventory_turnover_ratio": 1.08,
            "account_receivable_turnover_ratio": null,
            "reinvestment_rate": -36.17,
            "research_to_sale_ratio": null,
            "price_fair": 39.63,
            "eps_avg_yearly": 1.13,
            "eps_latest_yearly": 1.92,
            "eps_growth_yearly": 1499.6
        },
        "20052": {
            "year_quarter": 20052,
            "year": 2005,
            "quarter": 2,
            "eps": 0.26,
            "eps_growth_year": -16.13,
            "eps_4q": 1.57,
            "eps_4q_growth_year": 24.78,
            "roe": 1.94,
            "roe_4q": 11.74,
            "gross_profit": 561366,
            "gross_margin": 39,
            "gross_margin_4q_avg": 39.42,
            "net_income": 82440,
            "revenue": 1439354,
            "common_shares": 3209184,
            "book_valuer_per_share": 13.39,
            "book_valuer_per_share_4q_avg": 13.23,
            "equity": 4298695,
            "current_ratio": 257.05,
            "debt_ratio": 26.91,
            "inventory_turnover_ratio": 0.98,
            "account_receivable_turnover_ratio": null,
            "reinvestment_rate": -35.07,
            "research_to_sale_ratio": null,
            "price_fair": 39.4,
            "eps_avg_yearly": 1.13,
            "eps_latest_yearly": 1.04,
            "eps_growth_yearly": 1379.39
        },
        "20053": {
            "year_quarter": 20053,
            "year": 2005,
            "quarter": 3,
            "eps": 0.51,
            "eps_growth_year": 45.71,
            "eps_4q": 1.72,
            "eps_4q_growth_year": 6.11,
            "roe": 3.68,
            "roe_4q": 12.82,
            "gross_profit": 602602,
            "gross_margin": 39.65,
            "gross_margin_4q_avg": 40.08,
            "net_income": 162441,
            "revenue": 1519913,
            "common_shares": 3209184,
            "book_valuer_per_share": 14.12,
            "book_valuer_per_share_4q_avg": 13.41,
            "equity": 4530833,
            "current_ratio": 219.95,
            "debt_ratio": 27.62,
            "inventory_turnover_ratio": 0.97,
            "account_receivable_turnover_ratio": null,
            "reinvestment_rate": -31.18,
            "research_to_sale_ratio": null,
            "price_fair": 41.53,
            "eps_avg_yearly": 1.19,
            "eps_latest_yearly": 2.04,
            "eps_growth_yearly": 1313.07
        },
        "20054": {
            "year_quarter": 20054,
            "year": 2005,
            "quarter": 4,
            "eps": 0.49,
            "eps_growth_year": 2.08,
            "eps_4q": 1.75,
            "eps_4q_growth_year": 8.16,
            "roe": 3.47,
            "roe_4q": 12.719999999999999,
            "gross_profit": 671105,
            "gross_margin": 38.72,
            "gross_margin_4q_avg": 39.62,
            "net_income": 154806,
            "revenue": 1733147,
            "common_shares": 3209184,
            "book_valuer_per_share": 13.44,
            "book_valuer_per_share_4q_avg": 13.52,
            "equity": 4390791,
            "current_ratio": 173.41,
            "debt_ratio": 42.5,
            "inventory_turnover_ratio": 0.94,
            "account_receivable_turnover_ratio": null,
            "reinvestment_rate": -29.06,
            "research_to_sale_ratio": null,
            "price_fair": 43.23,
            "eps_avg_yearly": 1.24,
            "eps_latest_yearly": 1.96,
            "eps_growth_yearly": 1230.03
        },
        "20061": {
            "year_quarter": 20061,
            "year": 2006,
            "quarter": 1,
            "eps": 0.48,
            "eps_growth_year": 0,
            "eps_4q": 1.72,
            "eps_4q_growth_year": 6.54,
            "roe": 3.48,
            "roe_4q": 12.57,
            "gross_profit": 638214,
            "gross_margin": 41.66,
            "gross_margin_4q_avg": 39.76,
            "net_income": 154159,
            "revenue": 1532077,
            "common_shares": 3209184,
            "book_valuer_per_share": 13.9,
            "book_valuer_per_share_4q_avg": 13.71,
            "equity": 4461812,
            "current_ratio": 231.96,
            "debt_ratio": 27.56,
            "inventory_turnover_ratio": 0.8,
            "account_receivable_turnover_ratio": null,
            "reinvestment_rate": -27.63,
            "research_to_sale_ratio": null,
            "price_fair": 45.15,
            "eps_avg_yearly": 1.29,
            "eps_latest_yearly": 1.92,
            "eps_growth_yearly": 1189.52
        },
        "20062": {
            "year_quarter": 20062,
            "year": 2006,
            "quarter": 2,
            "eps": 0.07,
            "eps_growth_year": -73.08,
            "eps_4q": 1.63,
            "eps_4q_growth_year": 4.02,
            "roe": 0.47,
            "roe_4q": 11.1,
            "gross_profit": 498741,
            "gross_margin": 36.76,
            "gross_margin_4q_avg": 39.2,
            "net_income": 21174,
            "revenue": 1356638,
            "common_shares": 3209184,
            "book_valuer_per_share": 13.96,
            "book_valuer_per_share_4q_avg": 13.86,
            "equity": 4479070,
            "current_ratio": 259.1,
            "debt_ratio": 25.15,
            "inventory_turnover_ratio": 0.88,
            "account_receivable_turnover_ratio": null,
            "reinvestment_rate": -27.99,
            "research_to_sale_ratio": null,
            "price_fair": 43.23,
            "eps_avg_yearly": 1.24,
            "eps_latest_yearly": 0.28,
            "eps_growth_yearly": 1165.28
        },
        "20063": {
            "year_quarter": 20063,
            "year": 2006,
            "quarter": 3,
            "eps": 0.13,
            "eps_growth_year": -74.51,
            "eps_4q": 1.14,
            "eps_4q_growth_year": -33.77,
            "roe": 0.94,
            "roe_4q": 8.36,
            "gross_profit": 556412,
            "gross_margin": 36.63,
            "gross_margin_4q_avg": 38.44,
            "net_income": 42461,
            "revenue": 1518867,
            "common_shares": 3209184,
            "book_valuer_per_share": 14.18,
            "book_valuer_per_share_4q_avg": 13.87,
            "equity": 4549803,
            "current_ratio": 247.94,
            "debt_ratio": 26.07,
            "inventory_turnover_ratio": 0.96,
            "account_receivable_turnover_ratio": null,
            "reinvestment_rate": -26.22,
            "research_to_sale_ratio": null,
            "price_fair": 43.75,
            "eps_avg_yearly": 1.25,
            "eps_latest_yearly": 0.52,
            "eps_growth_yearly": 1205.67
        },
        "20064": {
            "year_quarter": 20064,
            "year": 2006,
            "quarter": 4,
            "eps": 0.09,
            "eps_growth_year": -81.63,
            "eps_4q": 0.75,
            "eps_4q_growth_year": -57.35,
            "roe": 0.65,
            "roe_4q": 5.539999999999999,
            "gross_profit": 603885,
            "gross_margin": 39.79,
            "gross_margin_4q_avg": 38.71,
            "net_income": 29918,
            "revenue": 1517859,
            "common_shares": 3209184,
            "book_valuer_per_share": 14.25,
            "book_valuer_per_share_4q_avg": 14.07,
            "equity": 4650822,
            "current_ratio": 164.63,
            "debt_ratio": 39.59,
            "inventory_turnover_ratio": 0.78,
            "account_receivable_turnover_ratio": null,
            "reinvestment_rate": -24.67,
            "research_to_sale_ratio": null,
            "price_fair": 43.58,
            "eps_avg_yearly": 1.25,
            "eps_latest_yearly": 0.36,
            "eps_growth_yearly": 1183.69
        },
        "20071": {
            "year_quarter": 20071,
            "year": 2007,
            "quarter": 1,
            "eps": 0.48,
            "eps_growth_year": 0,
            "eps_4q": 0.77,
            "eps_4q_growth_year": -55.15,
            "roe": 3.26,
            "roe_4q": 5.319999999999999,
            "gross_profit": 722512,
            "gross_margin": 42.25,
            "gross_margin_4q_avg": 38.86,
            "net_income": 152995,
            "revenue": 1710066,
            "common_shares": 3209184,
            "book_valuer_per_share": 14.8,
            "book_valuer_per_share_4q_avg": 14.3,
            "equity": 4748026,
            "current_ratio": 269.05,
            "debt_ratio": 18.75,
            "inventory_turnover_ratio": 0.91,
            "account_receivable_turnover_ratio": null,
            "reinvestment_rate": -24.29,
            "research_to_sale_ratio": null,
            "price_fair": 46.64,
            "eps_avg_yearly": 1.33,
            "eps_latest_yearly": 1.92,
            "eps_growth_yearly": 1287.48
        },
        "20072": {
            "year_quarter": 20072,
            "year": 2007,
            "quarter": 2,
            "eps": 0.16,
            "eps_growth_year": 128.57,
            "eps_4q": 0.86,
            "eps_4q_growth_year": -47.28,
            "roe": 1.13,
            "roe_4q": 5.98,
            "gross_profit": 624392,
            "gross_margin": 37.57,
            "gross_margin_4q_avg": 39.06,
            "net_income": 51628,
            "revenue": 1661788,
            "common_shares": 3209184,
            "book_valuer_per_share": 13.62,
            "book_valuer_per_share_4q_avg": 14.21,
            "equity": 4370687,
            "current_ratio": 196.8,
            "debt_ratio": 23.39,
            "inventory_turnover_ratio": 1.19,
            "account_receivable_turnover_ratio": null,
            "reinvestment_rate": -24.79,
            "research_to_sale_ratio": null,
            "price_fair": 45.94,
            "eps_avg_yearly": 1.31,
            "eps_latest_yearly": 0.64,
            "eps_growth_yearly": 1249.66
        },
        "20073": {
            "year_quarter": 20073,
            "year": 2007,
            "quarter": 3,
            "eps": 0.27,
            "eps_growth_year": 107.69,
            "eps_4q": 1.02,
            "eps_4q_growth_year": -10.58,
            "roe": 1.91,
            "roe_4q": 6.95,
            "gross_profit": 612871,
            "gross_margin": 38.82,
            "gross_margin_4q_avg": 39.61,
            "net_income": 84431,
            "revenue": 1578767,
            "common_shares": 3209184,
            "book_valuer_per_share": 13.87,
            "book_valuer_per_share_4q_avg": 14.14,
            "equity": 4450848,
            "current_ratio": 223.78,
            "debt_ratio": 22.51,
            "inventory_turnover_ratio": 0.9,
            "account_receivable_turnover_ratio": null,
            "reinvestment_rate": -22.85,
            "research_to_sale_ratio": null,
            "price_fair": 48.21,
            "eps_avg_yearly": 1.38,
            "eps_latest_yearly": 1.08,
            "eps_growth_yearly": 1290.81
        },
        "20074": {
            "year_quarter": 20074,
            "year": 2007,
            "quarter": 4,
            "eps": 0.29,
            "eps_growth_year": 222.22,
            "eps_4q": 1.2,
            "eps_4q_growth_year": 61.04,
            "roe": 2.03,
            "roe_4q": 8.329999999999998,
            "gross_profit": 711073,
            "gross_margin": 39.94,
            "gross_margin_4q_avg": 39.65,
            "net_income": 92114,
            "revenue": 1780204,
            "common_shares": 3209184,
            "book_valuer_per_share": 14.12,
            "book_valuer_per_share_4q_avg": 14.1,
            "equity": 4618126,
            "current_ratio": 171.3,
            "debt_ratio": 46.86,
            "inventory_turnover_ratio": 0.58,
            "account_receivable_turnover_ratio": null,
            "reinvestment_rate": -18.94,
            "research_to_sale_ratio": null,
            "price_fair": 46.55,
            "eps_avg_yearly": 1.33,
            "eps_latest_yearly": 1.16,
            "eps_growth_yearly": 117.66
        },
        "20081": {
            "year_quarter": 20081,
            "year": 2008,
            "quarter": 1,
            "eps": 1.01,
            "eps_growth_year": 110.42,
            "eps_4q": 1.72,
            "eps_4q_growth_year": 122.34,
            "roe": 6.79,
            "roe_4q": 11.86,
            "gross_profit": 1239266,
            "gross_margin": 37.02,
            "gross_margin_4q_avg": 38.34,
            "net_income": 323582,
            "revenue": 3347113,
            "common_shares": 3209184,
            "book_valuer_per_share": 15.02,
            "book_valuer_per_share_4q_avg": 14.16,
            "equity": 4906435,
            "current_ratio": 197.84,
            "debt_ratio": 40.32,
            "inventory_turnover_ratio": 0.93,
            "account_receivable_turnover_ratio": null,
            "reinvestment_rate": 38.95,
            "research_to_sale_ratio": null,
            "price_fair": 51.28,
            "eps_avg_yearly": 1.47,
            "eps_latest_yearly": 4.04,
            "eps_growth_yearly": 180.25
        },
        "20082": {
            "year_quarter": 20082,
            "year": 2008,
            "quarter": 2,
            "eps": 0.75,
            "eps_growth_year": 368.75,
            "eps_4q": 2.31,
            "eps_4q_growth_year": 169.11,
            "roe": 4.91,
            "roe_4q": 15.639999999999999,
            "gross_profit": 1147580,
            "gross_margin": 37.33,
            "gross_margin_4q_avg": 38.28,
            "net_income": 239233,
            "revenue": 3074513,
            "common_shares": 3209184,
            "book_valuer_per_share": 14.83,
            "book_valuer_per_share_4q_avg": 14.46,
            "equity": 4846342,
            "current_ratio": 189.19,
            "debt_ratio": 42.54,
            "inventory_turnover_ratio": 0.88,
            "account_receivable_turnover_ratio": null,
            "reinvestment_rate": 36.39,
            "research_to_sale_ratio": null,
            "price_fair": 55.13,
            "eps_avg_yearly": 1.58,
            "eps_latest_yearly": 3,
            "eps_growth_yearly": 182.32
        },
        "20083": {
            "year_quarter": 20083,
            "year": 2008,
            "quarter": 3,
            "eps": 0.45,
            "eps_growth_year": 66.67,
            "eps_4q": 2.46,
            "eps_4q_growth_year": 141.04,
            "roe": 2.95,
            "roe_4q": 16.68,
            "gross_profit": 1177797,
            "gross_margin": 36.21,
            "gross_margin_4q_avg": 37.63,
            "net_income": 145656,
            "revenue": 3253084,
            "common_shares": 3209184,
            "book_valuer_per_share": 15.38,
            "book_valuer_per_share_4q_avg": 14.84,
            "equity": 5027274,
            "current_ratio": 184.53,
            "debt_ratio": 45.38,
            "inventory_turnover_ratio": 0.89,
            "account_receivable_turnover_ratio": null,
            "reinvestment_rate": 42.37,
            "research_to_sale_ratio": null,
            "price_fair": 56,
            "eps_avg_yearly": 1.6,
            "eps_latest_yearly": 1.8,
            "eps_growth_yearly": 169.1
        },
        "20084": {
            "year_quarter": 20084,
            "year": 2008,
            "quarter": 4,
            "eps": 0.01,
            "eps_growth_year": -96.55,
            "eps_4q": 2.19,
            "eps_4q_growth_year": 82.24,
            "roe": 0.09,
            "roe_4q": 14.74,
            "gross_profit": 1122224,
            "gross_margin": 28.7,
            "gross_margin_4q_avg": 34.82,
            "net_income": 4530,
            "revenue": 3910415,
            "common_shares": 3209184,
            "book_valuer_per_share": 15.38,
            "book_valuer_per_share_4q_avg": 15.15,
            "equity": 5028854,
            "current_ratio": 173.81,
            "debt_ratio": 45.77,
            "inventory_turnover_ratio": 1.22,
            "account_receivable_turnover_ratio": 3.3,
            "reinvestment_rate": -0.27,
            "research_to_sale_ratio": null,
            "price_fair": 51.89,
            "eps_avg_yearly": 1.48,
            "eps_latest_yearly": 0.04,
            "eps_growth_yearly": 135.37
        },
        "20091": {
            "year_quarter": 20091,
            "year": 2009,
            "quarter": 1,
            "eps": 1.08,
            "eps_growth_year": 6.93,
            "eps_4q": 2.25,
            "eps_4q_growth_year": 30.83,
            "roe": 6.68,
            "roe_4q": 14.629999999999999,
            "gross_profit": 1529264,
            "gross_margin": 38.38,
            "gross_margin_4q_avg": 35.16,
            "net_income": 349022,
            "revenue": 3984255,
            "common_shares": 3209184,
            "book_valuer_per_share": 16.58,
            "book_valuer_per_share_4q_avg": 15.54,
            "equity": 5418616,
            "current_ratio": 193.01,
            "debt_ratio": 40.23,
            "inventory_turnover_ratio": 1.26,
            "account_receivable_turnover_ratio": 1.72,
            "reinvestment_rate": 44.81,
            "research_to_sale_ratio": null,
            "price_fair": 57.14,
            "eps_avg_yearly": 1.63,
            "eps_latest_yearly": 4.32,
            "eps_growth_yearly": 2810.37
        },
        "20092": {
            "year_quarter": 20092,
            "year": 2009,
            "quarter": 2,
            "eps": 0.79,
            "eps_growth_year": 5.33,
            "eps_4q": 2.31,
            "eps_4q_growth_year": 0.14,
            "roe": 4.77,
            "roe_4q": 14.489999999999998,
            "gross_profit": 1379107,
            "gross_margin": 39.58,
            "gross_margin_4q_avg": 35.72,
            "net_income": 253478,
            "revenue": 3484429,
            "common_shares": 3209184,
            "book_valuer_per_share": 15.94,
            "book_valuer_per_share_4q_avg": 15.82,
            "equity": 5212760,
            "current_ratio": 177.12,
            "debt_ratio": 43.51,
            "inventory_turnover_ratio": 1.19,
            "account_receivable_turnover_ratio": 1.59,
            "reinvestment_rate": 40.57,
            "research_to_sale_ratio": null,
            "price_fair": 61.78,
            "eps_avg_yearly": 1.77,
            "eps_latest_yearly": 3.16,
            "eps_growth_yearly": 2815.11
        },
        "20093": {
            "year_quarter": 20093,
            "year": 2009,
            "quarter": 3,
            "eps": 1.05,
            "eps_growth_year": 133.33,
            "eps_4q": 2.9,
            "eps_4q_growth_year": 17.83,
            "roe": 6.29,
            "roe_4q": 17.83,
            "gross_profit": 1620292,
            "gross_margin": 41.21,
            "gross_margin_4q_avg": 36.97,
            "net_income": 338351,
            "revenue": 3931802,
            "common_shares": 3225230,
            "book_valuer_per_share": 16.87,
            "book_valuer_per_share_4q_avg": 16.19,
            "equity": 5544667,
            "current_ratio": 186.25,
            "debt_ratio": 41.96,
            "inventory_turnover_ratio": 1.17,
            "account_receivable_turnover_ratio": 1.7,
            "reinvestment_rate": 38.74,
            "research_to_sale_ratio": null,
            "price_fair": 66.5,
            "eps_avg_yearly": 1.9,
            "eps_latest_yearly": 4.2,
            "eps_growth_yearly": 2799.3
        },
        "20094": {
            "year_quarter": 20094,
            "year": 2009,
            "quarter": 4,
            "eps": 1.12,
            "eps_growth_year": 11100,
            "eps_4q": 4.03,
            "eps_4q_growth_year": 84.27,
            "roe": 6.44,
            "roe_4q": 24.18,
            "gross_profit": 1727784,
            "gross_margin": 40.82,
            "gross_margin_4q_avg": 40,
            "net_income": 369089,
            "revenue": 4233054,
            "common_shares": 3225230,
            "book_valuer_per_share": 18.14,
            "book_valuer_per_share_4q_avg": 16.88,
            "equity": 5920326,
            "current_ratio": 184.98,
            "debt_ratio": 38.68,
            "inventory_turnover_ratio": 1.06,
            "account_receivable_turnover_ratio": 3.33,
            "reinvestment_rate": 10.06,
            "research_to_sale_ratio": null,
            "price_fair": 72.01,
            "eps_avg_yearly": 2.06,
            "eps_latest_yearly": 4.48,
            "eps_growth_yearly": 2801.95
        },
        "20101": {
            "year_quarter": 20101,
            "year": 2010,
            "quarter": 1,
            "eps": 1.96,
            "eps_growth_year": 81.48,
            "eps_4q": 4.91,
            "eps_4q_growth_year": 118.39,
            "roe": 10.24,
            "roe_4q": 27.74,
            "gross_profit": 1804913,
            "gross_margin": 41.76,
            "gross_margin_4q_avg": 40.84,
            "net_income": 638803,
            "revenue": 4321699,
            "common_shares": 3225230,
            "book_valuer_per_share": 20.08,
            "book_valuer_per_share_4q_avg": 17.76,
            "equity": 6551674,
            "current_ratio": 221.5,
            "debt_ratio": 32.9,
            "inventory_turnover_ratio": 1.03,
            "account_receivable_turnover_ratio": 1.67,
            "reinvestment_rate": 43.74,
            "research_to_sale_ratio": 0.36,
            "price_fair": 84.96,
            "eps_avg_yearly": 2.43,
            "eps_latest_yearly": 7.84,
            "eps_growth_yearly": 2821.21
        },
        "20102": {
            "year_quarter": 20102,
            "year": 2010,
            "quarter": 2,
            "eps": 1.27,
            "eps_growth_year": 60.32,
            "eps_4q": 4.85,
            "eps_4q_growth_year": 109.66,
            "roe": 7.41,
            "roe_4q": 30.38,
            "gross_profit": 1616197,
            "gross_margin": 41.49,
            "gross_margin_4q_avg": 41.32,
            "net_income": 482639,
            "revenue": 3895564,
            "common_shares": 3225230,
            "book_valuer_per_share": 19.78,
            "book_valuer_per_share_4q_avg": 18.72,
            "equity": 6473651,
            "current_ratio": 213.76,
            "debt_ratio": 32.9,
            "inventory_turnover_ratio": 1,
            "account_receivable_turnover_ratio": 1.48,
            "reinvestment_rate": 35.23,
            "research_to_sale_ratio": 0.4,
            "price_fair": 95.46,
            "eps_avg_yearly": 2.73,
            "eps_latest_yearly": 5.08,
            "eps_growth_yearly": 2833.76
        },
        "20103": {
            "year_quarter": 20103,
            "year": 2010,
            "quarter": 3,
            "eps": 1.21,
            "eps_growth_year": 14.82,
            "eps_4q": 5.15,
            "eps_4q_growth_year": 77.82,
            "roe": 6.77,
            "roe_4q": 30.860000000000003,
            "gross_profit": 1848613,
            "gross_margin": 40.08,
            "gross_margin_4q_avg": 41.04,
            "net_income": 452511,
            "revenue": 4612386,
            "common_shares": 3709015,
            "book_valuer_per_share": 18.36,
            "book_valuer_per_share_4q_avg": 19.09,
            "equity": 6904025,
            "current_ratio": 224.95,
            "debt_ratio": 32.9,
            "inventory_turnover_ratio": 1.14,
            "account_receivable_turnover_ratio": 1.61,
            "reinvestment_rate": 31.4,
            "research_to_sale_ratio": 0.33,
            "price_fair": 104.91,
            "eps_avg_yearly": 3,
            "eps_latest_yearly": 4.84,
            "eps_growth_yearly": 2811.15
        },
        "20104": {
            "year_quarter": 20104,
            "year": 2010,
            "quarter": 4,
            "eps": 1.61,
            "eps_growth_year": 43.63,
            "eps_4q": 5.79,
            "eps_4q_growth_year": 43.6,
            "roe": 8.4,
            "roe_4q": 32.82,
            "gross_profit": 1997880,
            "gross_margin": 38.71,
            "gross_margin_4q_avg": 40.51,
            "net_income": 597809,
            "revenue": 5160585,
            "common_shares": 3709015,
            "book_valuer_per_share": 19.48,
            "book_valuer_per_share_4q_avg": 19.43,
            "equity": 7321158,
            "current_ratio": 247.18,
            "debt_ratio": 30.61,
            "inventory_turnover_ratio": 1.26,
            "account_receivable_turnover_ratio": 1.63,
            "reinvestment_rate": 3.04,
            "research_to_sale_ratio": 0.42,
            "price_fair": 118.21,
            "eps_avg_yearly": 3.38,
            "eps_latest_yearly": 6.44,
            "eps_growth_yearly": 2827.11
        },
        "20111": {
            "year_quarter": 20111,
            "year": 2011,
            "quarter": 1,
            "eps": 2.35,
            "eps_growth_year": 19.9,
            "eps_4q": 6.43,
            "eps_4q_growth_year": 30.88,
            "roe": 11.15,
            "roe_4q": 33.730000000000004,
            "gross_profit": 2014653,
            "gross_margin": 38.52,
            "gross_margin_4q_avg": 39.7,
            "net_income": 867511,
            "revenue": 5229760,
            "common_shares": 3709015,
            "book_valuer_per_share": 21.95,
            "book_valuer_per_share_4q_avg": 19.89,
            "equity": 8233355,
            "current_ratio": 284.19,
            "debt_ratio": 28.76,
            "inventory_turnover_ratio": 1.28,
            "account_receivable_turnover_ratio": 1.63,
            "reinvestment_rate": 23.81,
            "research_to_sale_ratio": 0.4,
            "price_fair": 134.58,
            "eps_avg_yearly": 3.85,
            "eps_latest_yearly": 9.4,
            "eps_growth_yearly": 2730.27
        },
        "20112": {
            "year_quarter": 20112,
            "year": 2011,
            "quarter": 2,
            "eps": 1.03,
            "eps_growth_year": -18.96,
            "eps_4q": 5.15,
            "eps_4q_growth_year": 6.21,
            "roe": 6,
            "roe_4q": 32.31999999999999,
            "gross_profit": 1554970,
            "gross_margin": 39.26,
            "gross_margin_4q_avg": 39.14,
            "net_income": 479140,
            "revenue": 3960192,
            "common_shares": 3709015,
            "book_valuer_per_share": 20.64,
            "book_valuer_per_share_4q_avg": 20.11,
            "equity": 7734443,
            "current_ratio": 220.46,
            "debt_ratio": 35.58,
            "inventory_turnover_ratio": 0.87,
            "account_receivable_turnover_ratio": 1.36,
            "reinvestment_rate": 23.56,
            "research_to_sale_ratio": 0.49,
            "price_fair": 142.19,
            "eps_avg_yearly": 4.06,
            "eps_latest_yearly": 4.12,
            "eps_growth_yearly": 2732.89
        },
        "20113": {
            "year_quarter": 20113,
            "year": 2011,
            "quarter": 3,
            "eps": 1.26,
            "eps_growth_year": 4.69,
            "eps_4q": 5.46,
            "eps_4q_growth_year": 5.93,
            "roe": 7.24,
            "roe_4q": 32.79,
            "gross_profit": 1881113,
            "gross_margin": 36.67,
            "gross_margin_4q_avg": 38.29,
            "net_income": 586787,
            "revenue": 5129992,
            "common_shares": 4636269,
            "book_valuer_per_share": 18.12,
            "book_valuer_per_share_4q_avg": 20.05,
            "equity": 8480799,
            "current_ratio": 283.56,
            "debt_ratio": 26.63,
            "inventory_turnover_ratio": 1.07,
            "account_receivable_turnover_ratio": 1.78,
            "reinvestment_rate": 22.48,
            "research_to_sale_ratio": 0.41,
            "price_fair": 150.85,
            "eps_avg_yearly": 4.31,
            "eps_latest_yearly": 5.04,
            "eps_growth_yearly": 2721.29
        },
        "20114": {
            "year_quarter": 20114,
            "year": 2011,
            "quarter": 4,
            "eps": 1.17,
            "eps_growth_year": -27.17,
            "eps_4q": 5.34,
            "eps_4q_growth_year": -7.69,
            "roe": 6.27,
            "roe_4q": 30.659999999999997,
            "gross_profit": 2064416,
            "gross_margin": 37.49,
            "gross_margin_4q_avg": 37.99,
            "net_income": 548883,
            "revenue": 5507267,
            "common_shares": 4636269,
            "book_valuer_per_share": 19.29,
            "book_valuer_per_share_4q_avg": 20,
            "equity": 9028045,
            "current_ratio": 280.46,
            "debt_ratio": 27.57,
            "inventory_turnover_ratio": 1.14,
            "account_receivable_turnover_ratio": 1.7,
            "reinvestment_rate": 5.09,
            "research_to_sale_ratio": 0.32,
            "price_fair": 158.55,
            "eps_avg_yearly": 4.53,
            "eps_latest_yearly": 4.68,
            "eps_growth_yearly": 2717.65
        },
        "20121": {
            "year_quarter": 20121,
            "year": 2012,
            "quarter": 1,
            "eps": 1.35,
            "eps_growth_year": -42.55,
            "eps_4q": 4.81,
            "eps_4q_growth_year": -25.2,
            "roe": 6.69,
            "roe_4q": 26.200000000000003,
            "gross_profit": 1779664,
            "gross_margin": 37.41,
            "gross_margin_4q_avg": 37.71,
            "net_income": 623268,
            "revenue": 4756680,
            "common_shares": 4636269,
            "book_valuer_per_share": 20.52,
            "book_valuer_per_share_4q_avg": 19.64,
            "equity": 9595578,
            "current_ratio": 347.19,
            "debt_ratio": 22.46,
            "inventory_turnover_ratio": 1.07,
            "account_receivable_turnover_ratio": 1.55,
            "reinvestment_rate": 4.25,
            "research_to_sale_ratio": 0.36,
            "price_fair": 161.53,
            "eps_avg_yearly": 4.62,
            "eps_latest_yearly": 5.4,
            "eps_growth_yearly": 2659.42
        },
        "20122": {
            "year_quarter": 20122,
            "year": 2012,
            "quarter": 2,
            "eps": 0.67,
            "eps_growth_year": -34.45,
            "eps_4q": 3.72,
            "eps_4q_growth_year": -27.81,
            "roe": 4.18,
            "roe_4q": 24.380000000000003,
            "gross_profit": 1688566,
            "gross_margin": 36.58,
            "gross_margin_4q_avg": 37.04,
            "net_income": 385795,
            "revenue": 4615840,
            "common_shares": 4636269,
            "book_valuer_per_share": 18.98,
            "book_valuer_per_share_4q_avg": 19.23,
            "equity": 8874254,
            "current_ratio": 263.57,
            "debt_ratio": 29.71,
            "inventory_turnover_ratio": 1.2,
            "account_receivable_turnover_ratio": 1.62,
            "reinvestment_rate": 3.65,
            "research_to_sale_ratio": 0.36,
            "price_fair": 160.83,
            "eps_avg_yearly": 4.6,
            "eps_latest_yearly": 2.68,
            "eps_growth_yearly": 2653.27
        },
        "20123": {
            "year_quarter": 20123,
            "year": 2012,
            "quarter": 3,
            "eps": 1.03,
            "eps_growth_year": -18.55,
            "eps_4q": 3.73,
            "eps_4q_growth_year": -31.56,
            "roe": 6.42,
            "roe_4q": 23.56,
            "gross_profit": 2154666,
            "gross_margin": 39.41,
            "gross_margin_4q_avg": 37.72,
            "net_income": 587225,
            "revenue": 5467217,
            "common_shares": 5748973,
            "book_valuer_per_share": 16.24,
            "book_valuer_per_share_4q_avg": 18.76,
            "equity": 9408055,
            "current_ratio": 328.83,
            "debt_ratio": 23.73,
            "inventory_turnover_ratio": 1.38,
            "account_receivable_turnover_ratio": 1.73,
            "reinvestment_rate": 2.18,
            "research_to_sale_ratio": 0.35,
            "price_fair": 165.9,
            "eps_avg_yearly": 4.74,
            "eps_latest_yearly": 4.12,
            "eps_growth_yearly": 2676.7
        },
        "20124": {
            "year_quarter": 20124,
            "year": 2012,
            "quarter": 4,
            "eps": 1.13,
            "eps_growth_year": -3.39,
            "eps_4q": 3.92,
            "eps_4q_growth_year": -26.58,
            "roe": 6.65,
            "roe_4q": 23.94,
            "gross_profit": 2014233,
            "gross_margin": 38.61,
            "gross_margin_4q_avg": 38,
            "net_income": 646929,
            "revenue": 5216381,
            "common_shares": 5748973,
            "book_valuer_per_share": 17.38,
            "book_valuer_per_share_4q_avg": 18.28,
            "equity": 10058152,
            "current_ratio": 294.17,
            "debt_ratio": 27.02,
            "inventory_turnover_ratio": 1.2,
            "account_receivable_turnover_ratio": 1.54,
            "reinvestment_rate": 1.68,
            "research_to_sale_ratio": 0.38,
            "price_fair": 175.7,
            "eps_avg_yearly": 5.02,
            "eps_latest_yearly": 4.52,
            "eps_growth_yearly": 2703.57
        },
        "20131": {
            "year_quarter": 20131,
            "year": 2013,
            "quarter": 1,
            "eps": 1.23,
            "eps_growth_year": -8.89,
            "eps_4q": 4.06,
            "eps_4q_growth_year": -15.57,
            "roe": 6.72,
            "roe_4q": 23.97,
            "gross_profit": 1582182,
            "gross_margin": 31.17,
            "gross_margin_4q_avg": 36.44,
            "net_income": 699669,
            "revenue": 5076330,
            "common_shares": 5748973,
            "book_valuer_per_share": 18.62,
            "book_valuer_per_share_4q_avg": 17.81,
            "equity": 10765697,
            "current_ratio": 340.12,
            "debt_ratio": 24.13,
            "inventory_turnover_ratio": 1.31,
            "account_receivable_turnover_ratio": 1.55,
            "reinvestment_rate": 2.24,
            "research_to_sale_ratio": 0.36,
            "price_fair": 177.01,
            "eps_avg_yearly": 5.06,
            "eps_latest_yearly": 4.92,
            "eps_growth_yearly": 30.78
        },
        "20132": {
            "year_quarter": 20132,
            "year": 2013,
            "quarter": 2,
            "eps": 0.51,
            "eps_growth_year": -24.2,
            "eps_4q": 3.45,
            "eps_4q_growth_year": -7.1,
            "roe": 3.23,
            "roe_4q": 23.020000000000003,
            "gross_profit": 1178560,
            "gross_margin": 26.54,
            "gross_margin_4q_avg": 33.93,
            "net_income": 335656,
            "revenue": 4441329,
            "common_shares": 5748973,
            "book_valuer_per_share": 17.28,
            "book_valuer_per_share_4q_avg": 17.38,
            "equity": 9996952,
            "current_ratio": 244.56,
            "debt_ratio": 32.33,
            "inventory_turnover_ratio": 1.19,
            "account_receivable_turnover_ratio": 1.42,
            "reinvestment_rate": 4.55,
            "research_to_sale_ratio": 0.46,
            "price_fair": 163.91,
            "eps_avg_yearly": 4.99,
            "eps_latest_yearly": 2.04,
            "eps_growth_yearly": 22.86
        },
        "20133": {
            "year_quarter": 20133,
            "year": 2013,
            "quarter": 3,
            "eps": 0.61,
            "eps_growth_year": -40.67,
            "eps_4q": 3.18,
            "eps_4q_growth_year": -14.94,
            "roe": 3.97,
            "roe_4q": 20.57,
            "gross_profit": 1487251,
            "gross_margin": 26.69,
            "gross_margin_4q_avg": 30.75,
            "net_income": 404961,
            "revenue": 5573201,
            "common_shares": 6611319,
            "book_valuer_per_share": 15.61,
            "book_valuer_per_share_4q_avg": 17.22,
            "equity": 10379914,
            "current_ratio": 243.94,
            "debt_ratio": 32.04,
            "inventory_turnover_ratio": 1.33,
            "account_receivable_turnover_ratio": 1.67,
            "reinvestment_rate": 7.82,
            "research_to_sale_ratio": 0.4,
            "price_fair": 144.07,
            "eps_avg_yearly": 4.88,
            "eps_latest_yearly": 2.44,
            "eps_growth_yearly": 19.54
        },
        "20134": {
            "year_quarter": 20134,
            "year": 2013,
            "quarter": 4,
            "eps": 0.64,
            "eps_growth_year": -43.35,
            "eps_4q": 2.83,
            "eps_4q_growth_year": -27.75,
            "roe": 3.98,
            "roe_4q": 17.9,
            "gross_profit": 1407893,
            "gross_margin": 26.62,
            "gross_margin_4q_avg": 27.76,
            "net_income": 422569,
            "revenue": 5288346,
            "common_shares": 6611319,
            "book_valuer_per_share": 16.31,
            "book_valuer_per_share_4q_avg": 16.96,
            "equity": 10844244,
            "current_ratio": 244.01,
            "debt_ratio": 31.81,
            "inventory_turnover_ratio": 1.17,
            "account_receivable_turnover_ratio": 1.42,
            "reinvestment_rate": 6.84,
            "research_to_sale_ratio": 0.61,
            "price_fair": 138.45,
            "eps_avg_yearly": 4.76,
            "eps_latest_yearly": 2.56,
            "eps_growth_yearly": 19.1
        },
        "20141": {
            "year_quarter": 20141,
            "year": 2014,
            "quarter": 1,
            "eps": 0.82,
            "eps_growth_year": -33.33,
            "eps_4q": 2.59,
            "eps_4q_growth_year": -36.3,
            "roe": 4.87,
            "roe_4q": 16.05,
            "gross_profit": 1423128,
            "gross_margin": 26.82,
            "gross_margin_4q_avg": 26.67,
            "net_income": 542165,
            "revenue": 5307080,
            "common_shares": 6611319,
            "book_valuer_per_share": 17.22,
            "book_valuer_per_share_4q_avg": 16.61,
            "equity": 11443004,
            "current_ratio": 292.98,
            "debt_ratio": 26.57,
            "inventory_turnover_ratio": 1.17,
            "account_receivable_turnover_ratio": 1.47,
            "reinvestment_rate": 7.43,
            "research_to_sale_ratio": 0.44,
            "price_fair": 77.74,
            "eps_avg_yearly": 4.47,
            "eps_latest_yearly": 3.28,
            "eps_growth_yearly": 7.38
        },
        "20142": {
            "year_quarter": 20142,
            "year": 2014,
            "quarter": 2,
            "eps": 0.46,
            "eps_growth_year": -9.8,
            "eps_4q": 2.36,
            "eps_4q_growth_year": -31.73,
            "roe": 2.96,
            "roe_4q": 15.780000000000001,
            "gross_profit": 1267393,
            "gross_margin": 27.43,
            "gross_margin_4q_avg": 26.89,
            "net_income": 327010,
            "revenue": 4620754,
            "common_shares": 6611319,
            "book_valuer_per_share": 16.01,
            "book_valuer_per_share_4q_avg": 16.29,
            "equity": 10643610,
            "current_ratio": 218.16,
            "debt_ratio": 35.26,
            "inventory_turnover_ratio": 1.02,
            "account_receivable_turnover_ratio": 1.37,
            "reinvestment_rate": 10.4,
            "research_to_sale_ratio": 0.54,
            "price_fair": 64.93,
            "eps_avg_yearly": 4.27,
            "eps_latest_yearly": 1.84,
            "eps_growth_yearly": 5.21
        },
        "20143": {
            "year_quarter": 20143,
            "year": 2014,
            "quarter": 3,
            "eps": 0.98,
            "eps_growth_year": 60.66,
            "eps_4q": 2.78,
            "eps_4q_growth_year": -12.54,
            "roe": 6.37,
            "roe_4q": 18.18,
            "gross_profit": 1836583,
            "gross_margin": 31.31,
            "gross_margin_4q_avg": 28.05,
            "net_income": 702404,
            "revenue": 5865135,
            "common_shares": 7206338,
            "book_valuer_per_share": 15.75,
            "book_valuer_per_share_4q_avg": 16.32,
            "equity": 11406669,
            "current_ratio": 255.42,
            "debt_ratio": 30.35,
            "inventory_turnover_ratio": 1.23,
            "account_receivable_turnover_ratio": 1.64,
            "reinvestment_rate": 12.64,
            "research_to_sale_ratio": 0.5,
            "price_fair": 147.44,
            "eps_avg_yearly": 4.21,
            "eps_latest_yearly": 3.92,
            "eps_growth_yearly": 34.65
        },
        "20144": {
            "year_quarter": 20144,
            "year": 2014,
            "quarter": 4,
            "eps": 0.71,
            "eps_growth_year": 11.03,
            "eps_4q": 2.9,
            "eps_4q_growth_year": 2.41,
            "roe": 4.41,
            "roe_4q": 18.610000000000003,
            "gross_profit": 1695302,
            "gross_margin": 28.22,
            "gross_margin_4q_avg": 28.45,
            "net_income": 518781,
            "revenue": 6007044,
            "common_shares": 7206338,
            "book_valuer_per_share": 16.71,
            "book_valuer_per_share_4q_avg": 16.42,
            "equity": 12103187,
            "current_ratio": 238.56,
            "debt_ratio": 33.28,
            "inventory_turnover_ratio": 1.24,
            "account_receivable_turnover_ratio": 1.47,
            "reinvestment_rate": 16.24,
            "research_to_sale_ratio": 0.4,
            "price_fair": 117.62,
            "eps_avg_yearly": 3.99,
            "eps_latest_yearly": 2.84,
            "eps_growth_yearly": 19.5
        },
        "20151": {
            "year_quarter": 20151,
            "year": 2015,
            "quarter": 1,
            "eps": 1.27,
            "eps_growth_year": 54.88,
            "eps_4q": 3.42,
            "eps_4q_growth_year": 32.31,
            "roe": 7.33,
            "roe_4q": 21.07,
            "gross_profit": 2378275,
            "gross_margin": 33.11,
            "gross_margin_4q_avg": 30.02,
            "net_income": 918848,
            "revenue": 7183052,
            "common_shares": 7206338,
            "book_valuer_per_share": 17.9,
            "book_valuer_per_share_4q_avg": 16.59,
            "equity": 12963168,
            "current_ratio": 273.5,
            "debt_ratio": 29.66,
            "inventory_turnover_ratio": 1.37,
            "account_receivable_turnover_ratio": 1.63,
            "reinvestment_rate": 16.24,
            "research_to_sale_ratio": 0.32,
            "price_fair": 130.11,
            "eps_avg_yearly": 3.72,
            "eps_latest_yearly": 5.08,
            "eps_growth_yearly": 27.72
        },
        "20152": {
            "year_quarter": 20152,
            "year": 2015,
            "quarter": 2,
            "eps": 0.52,
            "eps_growth_year": 13.04,
            "eps_4q": 3.17,
            "eps_4q_growth_year": 34.45,
            "roe": 3.02,
            "roe_4q": 21.13,
            "gross_profit": 1570614,
            "gross_margin": 30.44,
            "gross_margin_4q_avg": 30.77,
            "net_income": 379302,
            "revenue": 5159535,
            "common_shares": 7206338,
            "book_valuer_per_share": 16.71,
            "book_valuer_per_share_4q_avg": 16.77,
            "equity": 12143255,
            "current_ratio": 229.74,
            "debt_ratio": 34.79,
            "inventory_turnover_ratio": 1.11,
            "account_receivable_turnover_ratio": 1.24,
            "reinvestment_rate": 15.55,
            "research_to_sale_ratio": 0.47,
            "price_fair": 125.65,
            "eps_avg_yearly": 3.59,
            "eps_latest_yearly": 2.08,
            "eps_growth_yearly": 27
        },
        "20153": {
            "year_quarter": 20153,
            "year": 2015,
            "quarter": 3,
            "eps": 1.08,
            "eps_growth_year": 10.2,
            "eps_4q": 3.36,
            "eps_4q_growth_year": 20.89,
            "roe": 6.77,
            "roe_4q": 21.529999999999998,
            "gross_profit": 2213867,
            "gross_margin": 32.13,
            "gross_margin_4q_avg": 30.98,
            "net_income": 853491,
            "revenue": 6891261,
            "common_shares": 7926972,
            "book_valuer_per_share": 16.38,
            "book_valuer_per_share_4q_avg": 16.93,
            "equity": 13086593,
            "current_ratio": 248.85,
            "debt_ratio": 32.63,
            "inventory_turnover_ratio": 1.41,
            "account_receivable_turnover_ratio": 1.62,
            "reinvestment_rate": 15.79,
            "research_to_sale_ratio": 0.42,
            "price_fair": 124.08,
            "eps_avg_yearly": 3.55,
            "eps_latest_yearly": 4.32,
            "eps_growth_yearly": 48.34
        },
        "20154": {
            "year_quarter": 20154,
            "year": 2015,
            "quarter": 4,
            "eps": 0.76,
            "eps_growth_year": 6.58,
            "eps_4q": 3.47,
            "eps_4q_growth_year": 19.58,
            "roe": 4.52,
            "roe_4q": 21.64,
            "gross_profit": 1878094,
            "gross_margin": 29.9,
            "gross_margin_4q_avg": 31.4,
            "net_income": 600826,
            "revenue": 6280738,
            "common_shares": 7926972,
            "book_valuer_per_share": 16.91,
            "book_valuer_per_share_4q_avg": 16.98,
            "equity": 13503473,
            "current_ratio": 238.94,
            "debt_ratio": 34.22,
            "inventory_turnover_ratio": 1.27,
            "account_receivable_turnover_ratio": 1.38,
            "reinvestment_rate": 15.93,
            "research_to_sale_ratio": 0.41,
            "price_fair": 120.49,
            "eps_avg_yearly": 3.44,
            "eps_latest_yearly": 3.04,
            "eps_growth_yearly": 42.72
        },
        "20161": {
            "year_quarter": 20161,
            "year": 2016,
            "quarter": 1,
            "eps": 1.11,
            "eps_growth_year": -12.6,
            "eps_4q": 3.42,
            "eps_4q_growth_year": -0.14,
            "roe": 6.33,
            "roe_4q": 20.639999999999997,
            "gross_profit": 2375239,
            "gross_margin": 32,
            "gross_margin_4q_avg": 31.12,
            "net_income": 878890,
            "revenue": 7422008,
            "common_shares": 7926972,
            "book_valuer_per_share": 17.88,
            "book_valuer_per_share_4q_avg": 16.97,
            "equity": 14276686,
            "current_ratio": 273.41,
            "debt_ratio": 28.91,
            "inventory_turnover_ratio": 1.38,
            "account_receivable_turnover_ratio": 1.68,
            "reinvestment_rate": 22.71,
            "research_to_sale_ratio": 0.41,
            "price_fair": 118.39,
            "eps_avg_yearly": 3.38,
            "eps_latest_yearly": 4.44,
            "eps_growth_yearly": 50.39
        },
        "20162": {
            "year_quarter": 20162,
            "year": 2016,
            "quarter": 2,
            "eps": 0.53,
            "eps_growth_year": 1.92,
            "eps_4q": 3.13,
            "eps_4q_growth_year": -1.43,
            "roe": 3.07,
            "roe_4q": 20.689999999999998,
            "gross_profit": 1558991,
            "gross_margin": 29.79,
            "gross_margin_4q_avg": 30.96,
            "net_income": 422368,
            "revenue": 5233988,
            "common_shares": 7926972,
            "book_valuer_per_share": 16.6,
            "book_valuer_per_share_4q_avg": 16.94,
            "equity": 13247132,
            "current_ratio": 225.48,
            "debt_ratio": 33.87,
            "inventory_turnover_ratio": 1,
            "account_receivable_turnover_ratio": 1.28,
            "reinvestment_rate": 23.33,
            "research_to_sale_ratio": 0.49,
            "price_fair": 117.16,
            "eps_avg_yearly": 3.35,
            "eps_latest_yearly": 2.12,
            "eps_growth_yearly": 49.92
        },
        "20163": {
            "year_quarter": 20163,
            "year": 2016,
            "quarter": 3,
            "eps": 0.7,
            "eps_growth_year": -35.19,
            "eps_4q": 2.86,
            "eps_4q_growth_year": -14.83,
            "roe": 4.59,
            "roe_4q": 18.509999999999998,
            "gross_profit": 2003345,
            "gross_margin": 29.07,
            "gross_margin_4q_avg": 30.19,
            "net_income": 620789,
            "revenue": 6891000,
            "common_shares": 8798939,
            "book_valuer_per_share": 15.59,
            "book_valuer_per_share_4q_avg": 16.75,
            "equity": 13811357,
            "current_ratio": 214.17,
            "debt_ratio": 35.13,
            "inventory_turnover_ratio": 1.32,
            "account_receivable_turnover_ratio": 1.65,
            "reinvestment_rate": 28.25,
            "research_to_sale_ratio": 0.53,
            "price_fair": 114.28,
            "eps_avg_yearly": 3.27,
            "eps_latest_yearly": 2.8,
            "eps_growth_yearly": 44.5
        },
        "20164": {
            "year_quarter": 20164,
            "year": 2016,
            "quarter": 4,
            "eps": 0.81,
            "eps_growth_year": 6.38,
            "eps_4q": 2.98,
            "eps_4q_growth_year": -14,
            "roe": 5.07,
            "roe_4q": 19.060000000000002,
            "gross_profit": 2067474,
            "gross_margin": 27.47,
            "gross_margin_4q_avg": 29.58,
            "net_income": 715709,
            "revenue": 7526568,
            "common_shares": 8798939,
            "book_valuer_per_share": 16.28,
            "book_valuer_per_share_4q_avg": 16.59,
            "equity": 14417761,
            "current_ratio": 220.33,
            "debt_ratio": 33.92,
            "inventory_turnover_ratio": 1.36,
            "account_receivable_turnover_ratio": 1.53,
            "reinvestment_rate": 27.46,
            "research_to_sale_ratio": 0.6,
            "price_fair": 111.48,
            "eps_avg_yearly": 3.19,
            "eps_latest_yearly": 3.24,
            "eps_growth_yearly": 46.01
        },
        "20171": {
            "year_quarter": 20171,
            "year": 2017,
            "quarter": 1,
            "eps": 0.68,
            "eps_growth_year": -38.74,
            "eps_4q": 2.66,
            "eps_4q_growth_year": -22.13,
            "roe": 4.08,
            "roe_4q": 16.81,
            "gross_profit": 1871393,
            "gross_margin": 28.83,
            "gross_margin_4q_avg": 28.79,
            "net_income": 593589,
            "revenue": 6491920,
            "common_shares": 8798939,
            "book_valuer_per_share": 16.56,
            "book_valuer_per_share_4q_avg": 16.26,
            "equity": 14669389,
            "current_ratio": 227.54,
            "debt_ratio": 32.64,
            "inventory_turnover_ratio": 1.06,
            "account_receivable_turnover_ratio": 1.35,
            "reinvestment_rate": 29.62,
            "research_to_sale_ratio": 0.24,
            "price_fair": 106.66,
            "eps_avg_yearly": 3.05,
            "eps_latest_yearly": 2.72,
            "eps_growth_yearly": 39.78
        },
        "20172": {
            "year_quarter": 20172,
            "year": 2017,
            "quarter": 2,
            "eps": 0.24,
            "eps_growth_year": -54.72,
            "eps_4q": 2.33,
            "eps_4q_growth_year": -25.35,
            "roe": 1.54,
            "roe_4q": 15.280000000000001,
            "gross_profit": 1454751,
            "gross_margin": 26.43,
            "gross_margin_4q_avg": 27.95,
            "net_income": 216917,
            "revenue": 5504085,
            "common_shares": 8798939,
            "book_valuer_per_share": 15.35,
            "book_valuer_per_share_4q_avg": 15.95,
            "equity": 13588506,
            "current_ratio": 184.08,
            "debt_ratio": 38.76,
            "inventory_turnover_ratio": 0.89,
            "account_receivable_turnover_ratio": 1.28,
            "reinvestment_rate": 34.89,
            "research_to_sale_ratio": 0.42,
            "price_fair": 104.3,
            "eps_avg_yearly": 2.98,
            "eps_latest_yearly": 0.96,
            "eps_growth_yearly": 38.24
        },
        "20173": {
            "year_quarter": 20173,
            "year": 2017,
            "quarter": 3,
            "eps": 0.77,
            "eps_growth_year": 10,
            "eps_4q": 2.43,
            "eps_4q_growth_year": -14.9,
            "roe": 5.12,
            "roe_4q": 15.81,
            "gross_profit": 2157870,
            "gross_margin": 29.26,
            "gross_margin_4q_avg": 28,
            "net_income": 716182,
            "revenue": 7374717,
            "common_shares": 9150897,
            "book_valuer_per_share": 15.57,
            "book_valuer_per_share_4q_avg": 15.94,
            "equity": 14368393,
            "current_ratio": 224.4,
            "debt_ratio": 31.41,
            "inventory_turnover_ratio": 1.15,
            "account_receivable_turnover_ratio": 1.57,
            "reinvestment_rate": 31.01,
            "research_to_sale_ratio": 0.34,
            "price_fair": 105.7,
            "eps_avg_yearly": 3.02,
            "eps_latest_yearly": 3.08,
            "eps_growth_yearly": 88.55
        },
        "20174": {
            "year_quarter": 20174,
            "year": 2017,
            "quarter": 4,
            "eps": 0.73,
            "eps_growth_year": -9.07,
            "eps_4q": 2.39,
            "eps_4q_growth_year": -19.84,
            "roe": 4.65,
            "roe_4q": 15.389999999999999,
            "gross_profit": 1915941,
            "gross_margin": 26.96,
            "gross_margin_4q_avg": 27.87,
            "net_income": 683222,
            "revenue": 7107202,
            "common_shares": 9150897,
            "book_valuer_per_share": 16.28,
            "book_valuer_per_share_4q_avg": 15.94,
            "equity": 15023608,
            "current_ratio": 217.13,
            "debt_ratio": 33.84,
            "inventory_turnover_ratio": 1.16,
            "account_receivable_turnover_ratio": 1.39,
            "reinvestment_rate": 27.24,
            "research_to_sale_ratio": 0.46,
            "price_fair": 106.49,
            "eps_avg_yearly": 3.04,
            "eps_latest_yearly": 2.92,
            "eps_growth_yearly": 86.02
        },
        "20181": {
            "year_quarter": 20181,
            "year": 2018,
            "quarter": 1,
            "eps": 0.82,
            "eps_growth_year": 20.59,
            "eps_4q": 2.56,
            "eps_4q_growth_year": -3.79,
            "roe": 4.8,
            "roe_4q": 16.11,
            "gross_profit": 2289204,
            "gross_margin": 30.87,
            "gross_margin_4q_avg": 28.38,
            "net_income": 743847,
            "revenue": 7414473,
            "common_shares": 9150897,
            "book_valuer_per_share": 17.31,
            "book_valuer_per_share_4q_avg": 16.13,
            "equity": 15990946,
            "current_ratio": 246.6,
            "debt_ratio": 29.91,
            "inventory_turnover_ratio": 1.18,
            "account_receivable_turnover_ratio": 1.48,
            "reinvestment_rate": 25.46,
            "research_to_sale_ratio": 0.34,
            "price_fair": 106.49,
            "eps_avg_yearly": 3.04,
            "eps_latest_yearly": 3.28,
            "eps_growth_yearly": 82.07
        },
        "20182": {
            "year_quarter": 20182,
            "year": 2018,
            "quarter": 2,
            "eps": 0.39,
            "eps_growth_year": 62.5,
            "eps_4q": 2.71,
            "eps_4q_growth_year": 16.27,
            "roe": 2.31,
            "roe_4q": 16.88,
            "gross_profit": 1390641,
            "gross_margin": 27.77,
            "gross_margin_4q_avg": 28.72,
            "net_income": 351480,
            "revenue": 5007524,
            "common_shares": 9150897,
            "book_valuer_per_share": 15.62,
            "book_valuer_per_share_4q_avg": 16.2,
            "equity": 14419961,
            "current_ratio": 196.47,
            "debt_ratio": 37.25,
            "inventory_turnover_ratio": 0.85,
            "account_receivable_turnover_ratio": 1.09,
            "reinvestment_rate": 23.92,
            "research_to_sale_ratio": 0.6,
            "price_fair": 105.88,
            "eps_avg_yearly": 3.03,
            "eps_latest_yearly": 1.56,
            "eps_growth_yearly": 79.93
        },
        "20183": {
            "year_quarter": 20183,
            "year": 2018,
            "quarter": 3,
            "eps": 1.19,
            "eps_growth_year": 54.55,
            "eps_4q": 3.13,
            "eps_4q_growth_year": 28.55,
            "roe": 7.32,
            "roe_4q": 19.08,
            "gross_profit": 2306530,
            "gross_margin": 32.61,
            "gross_margin_4q_avg": 29.55,
            "net_income": 1084996,
            "revenue": 7072275,
            "common_shares": 9150897,
            "book_valuer_per_share": 16.53,
            "book_valuer_per_share_4q_avg": 16.44,
            "equity": 15241517,
            "current_ratio": 232.72,
            "debt_ratio": 31.97,
            "inventory_turnover_ratio": 1.11,
            "account_receivable_turnover_ratio": 1.5,
            "reinvestment_rate": 18.98,
            "research_to_sale_ratio": 0.37,
            "price_fair": 107.71,
            "eps_avg_yearly": 3.08,
            "eps_latest_yearly": 4.76,
            "eps_growth_yearly": 102.96
        },
        "20184": {
            "year_quarter": 20184,
            "year": 2018,
            "quarter": 4,
            "eps": 0.85,
            "eps_growth_year": 15.94,
            "eps_4q": 3.25,
            "eps_4q_growth_year": 35.71,
            "roe": 5.04,
            "roe_4q": 19.47,
            "gross_profit": 2267970,
            "gross_margin": 28.9,
            "gross_margin_4q_avg": 30.04,
            "net_income": 787984,
            "revenue": 7846315,
            "common_shares": 9150897,
            "book_valuer_per_share": 17.4,
            "book_valuer_per_share_4q_avg": 16.72,
            "equity": 16040325,
            "current_ratio": 227.76,
            "debt_ratio": 33.16,
            "inventory_turnover_ratio": 1.33,
            "account_receivable_turnover_ratio": 1.38,
            "reinvestment_rate": 15.96,
            "research_to_sale_ratio": 1.1,
            "price_fair": 108.94,
            "eps_avg_yearly": 3.11,
            "eps_latest_yearly": 3.4,
            "eps_growth_yearly": 102.7
        },
        "20191": {
            "year_quarter": 20191,
            "year": 2019,
            "quarter": 1,
            "eps": 0.87,
            "eps_growth_year": 6.1,
            "eps_4q": 3.3,
            "eps_4q_growth_year": 28.69,
            "roe": 4.83,
            "roe_4q": 19.5,
            "gross_profit": 2235865,
            "gross_margin": 30.47,
            "gross_margin_4q_avg": 29.94,
            "net_income": 798264,
            "revenue": 7337166,
            "common_shares": 9150897,
            "book_valuer_per_share": 18.45,
            "book_valuer_per_share_4q_avg": 17,
            "equity": 17017579,
            "current_ratio": 273.2,
            "debt_ratio": 27.86,
            "inventory_turnover_ratio": 1.25,
            "account_receivable_turnover_ratio": 1.29,
            "reinvestment_rate": 16.39,
            "research_to_sale_ratio": 0.49,
            "price_fair": 105.44,
            "eps_avg_yearly": 3.01,
            "eps_latest_yearly": 3.48,
            "eps_growth_yearly": 83.57
        },
        "20192": {
            "year_quarter": 20192,
            "year": 2019,
            "quarter": 2,
            "eps": 0.67,
            "eps_growth_year": 71.79,
            "eps_4q": 3.58,
            "eps_4q_growth_year": 32.02,
            "roe": 3.83,
            "roe_4q": 21.02,
            "gross_profit": 1852244,
            "gross_margin": 30.51,
            "gross_margin_4q_avg": 30.62,
            "net_income": 617000,
            "revenue": 6070454,
            "common_shares": 9150897,
            "book_valuer_per_share": 16.51,
            "book_valuer_per_share_4q_avg": 17.22,
            "equity": 15240737,
            "current_ratio": 213.72,
            "debt_ratio": 34.98,
            "inventory_turnover_ratio": 1.13,
            "account_receivable_turnover_ratio": 1.23,
            "reinvestment_rate": 14.88,
            "research_to_sale_ratio": 0.6,
            "price_fair": 106.75,
            "eps_avg_yearly": 3.05,
            "eps_latest_yearly": 2.68,
            "eps_growth_yearly": 92.59
        },
        "20193": {
            "year_quarter": 20193,
            "year": 2019,
            "quarter": 3,
            "eps": 1.15,
            "eps_growth_year": -3.36,
            "eps_4q": 3.54,
            "eps_4q_growth_year": 13.03,
            "roe": 6.7,
            "roe_4q": 20.400000000000002,
            "gross_profit": 2642072,
            "gross_margin": 33.04,
            "gross_margin_4q_avg": 30.73,
            "net_income": 1050883,
            "revenue": 7997276,
            "common_shares": 9150897,
            "book_valuer_per_share": 17.48,
            "book_valuer_per_share_4q_avg": 17.46,
            "equity": 16139239,
            "current_ratio": 248.17,
            "debt_ratio": 31.41,
            "inventory_turnover_ratio": 1.46,
            "account_receivable_turnover_ratio": 1.53,
            "reinvestment_rate": 12.71,
            "research_to_sale_ratio": 0.51,
            "price_fair": 107.36,
            "eps_avg_yearly": 3.07,
            "eps_latest_yearly": 4.6,
            "eps_growth_yearly": 83.57
        },
        "20194": {
            "year_quarter": 20194,
            "year": 2019,
            "quarter": 4,
            "eps": 1.07,
            "eps_growth_year": 26.26,
            "eps_4q": 3.76,
            "eps_4q_growth_year": 15.84,
            "roe": 5.98,
            "roe_4q": 21.339999999999996,
            "gross_profit": 2900832,
            "gross_margin": 29.42,
            "gross_margin_4q_avg": 30.86,
            "net_income": 988689,
            "revenue": 9861336,
            "common_shares": 9150897,
            "book_valuer_per_share": 18.36,
            "book_valuer_per_share_4q_avg": 17.7,
            "equity": 16950691,
            "current_ratio": 240.99,
            "debt_ratio": 33.5,
            "inventory_turnover_ratio": 1.86,
            "account_receivable_turnover_ratio": 1.63,
            "reinvestment_rate": 11.09,
            "research_to_sale_ratio": 0.36,
            "price_fair": 110.08,
            "eps_avg_yearly": 3.15,
            "eps_latest_yearly": 4.28,
            "eps_growth_yearly": 89.24
        },
        "20201": {
            "year_quarter": 20201,
            "year": 2020,
            "quarter": 1,
            "eps": 0.67,
            "eps_growth_year": -22.99,
            "eps_4q": 3.56,
            "eps_4q_growth_year": 8.11,
            "roe": 3.53,
            "roe_4q": 20.04,
            "gross_profit": 1895498,
            "gross_margin": 28.41,
            "gross_margin_4q_avg": 30.35,
            "net_income": 607487,
            "revenue": 6671433,
            "common_shares": 9150897,
            "book_valuer_per_share": 18.9,
            "book_valuer_per_share_4q_avg": 17.81,
            "equity": 17427725,
            "current_ratio": 253.16,
            "debt_ratio": 31.93,
            "inventory_turnover_ratio": 1.25,
            "account_receivable_turnover_ratio": 1.21,
            "reinvestment_rate": 4.76,
            "research_to_sale_ratio": 0.52,
            "price_fair": 106.23,
            "eps_avg_yearly": 3.04,
            "eps_latest_yearly": 2.68,
            "eps_growth_yearly": 68.38
        },
        "20202": {
            "year_quarter": 20202,
            "year": 2020,
            "quarter": 2,
            "eps": 1.07,
            "eps_growth_year": 59.7,
            "eps_4q": 3.97,
            "eps_4q_growth_year": 10.69,
            "roe": 5.91,
            "roe_4q": 22.12,
            "gross_profit": 2465809,
            "gross_margin": 31.01,
            "gross_margin_4q_avg": 30.47,
            "net_income": 985580,
            "revenue": 7952636,
            "common_shares": 9150897,
            "book_valuer_per_share": 17.22,
            "book_valuer_per_share_4q_avg": 17.99,
            "equity": 15897480,
            "current_ratio": 215.36,
            "debt_ratio": 37.22,
            "inventory_turnover_ratio": 1.32,
            "account_receivable_turnover_ratio": 1.7,
            "reinvestment_rate": 3.4,
            "research_to_sale_ratio": 0.46,
            "price_fair": 110.95,
            "eps_avg_yearly": 3.17,
            "eps_latest_yearly": 4.28,
            "eps_growth_yearly": 96.37
        },
        "20203": {
            "year_quarter": 20203,
            "year": 2020,
            "quarter": 3,
            "eps": 1.05,
            "eps_growth_year": -8.7,
            "eps_4q": 3.87,
            "eps_4q_growth_year": 9.33,
            "roe": 5.87,
            "roe_4q": 21.29,
            "gross_profit": 2800116,
            "gross_margin": 29.17,
            "gross_margin_4q_avg": 29.5,
            "net_income": 968700,
            "revenue": 9600461,
            "common_shares": 9150897,
            "book_valuer_per_share": 18.49,
            "book_valuer_per_share_4q_avg": 18.24,
            "equity": 17084997,
            "current_ratio": 252.1,
            "debt_ratio": 32.46,
            "inventory_turnover_ratio": 1.5,
            "account_receivable_turnover_ratio": 1.76,
            "reinvestment_rate": -6.65,
            "research_to_sale_ratio": 0.42,
            "price_fair": 114.01,
            "eps_avg_yearly": 3.26,
            "eps_latest_yearly": 4.2,
            "eps_growth_yearly": 87.89
        },
        "20204": {
            "year_quarter": 20204,
            "year": 2020,
            "quarter": 4,
            "eps": 0.74,
            "eps_growth_year": -30.75,
            "eps_4q": 3.54,
            "eps_4q_growth_year": -5.95,
            "roe": 3.95,
            "roe_4q": 19.26,
            "gross_profit": 2448031,
            "gross_margin": 23.9,
            "gross_margin_4q_avg": 28.12,
            "net_income": 694063,
            "revenue": 10241714,
            "common_shares": 9150897,
            "book_valuer_per_share": 19.47,
            "book_valuer_per_share_4q_avg": 18.52,
            "equity": 18015627,
            "current_ratio": 235.89,
            "debt_ratio": 35.25,
            "inventory_turnover_ratio": 1.57,
            "account_receivable_turnover_ratio": 1.64,
            "reinvestment_rate": -6.37,
            "research_to_sale_ratio": 0.53,
            "price_fair": 113.4,
            "eps_avg_yearly": 3.24,
            "eps_latest_yearly": 2.96,
            "eps_growth_yearly": 76.58
        },
        "20211": {
            "year_quarter": 20211,
            "year": 2021,
            "quarter": 1,
            "eps": 0.62,
            "eps_growth_year": -7.46,
            "eps_4q": 3.49,
            "eps_4q_growth_year": -2.12,
            "roe": 3.11,
            "roe_4q": 18.84,
            "gross_profit": 2105534,
            "gross_margin": 25.46,
            "gross_margin_4q_avg": 27.39,
            "net_income": 571436,
            "revenue": 8269002,
            "common_shares": 9150897,
            "book_valuer_per_share": 20.16,
            "book_valuer_per_share_4q_avg": 18.84,
            "equity": 18677750,
            "current_ratio": 267.58,
            "debt_ratio": 30.38,
            "inventory_turnover_ratio": 1.16,
            "account_receivable_turnover_ratio": 1.44,
            "reinvestment_rate": -8.62,
            "research_to_sale_ratio": 0.47,
            "price_fair": 112.88,
            "eps_avg_yearly": 3.23,
            "eps_latest_yearly": 2.48,
            "eps_growth_yearly": 76.53
        },
        "20212": {
            "year_quarter": 20212,
            "year": 2021,
            "quarter": 2,
            "eps": 0.9,
            "eps_growth_year": -15.89,
            "eps_4q": 3.31,
            "eps_4q_growth_year": -16.5,
            "roe": 4.59,
            "roe_4q": 17.52,
            "gross_profit": 1993032,
            "gross_margin": 26.91,
            "gross_margin_4q_avg": 26.36,
            "net_income": 822426,
            "revenue": 7407505,
            "common_shares": 9150897,
            "book_valuer_per_share": 18.52,
            "book_valuer_per_share_4q_avg": 19.16,
            "equity": 17182125,
            "current_ratio": 210.59,
            "debt_ratio": 37.91,
            "inventory_turnover_ratio": 0.98,
            "account_receivable_turnover_ratio": 1.49,
            "reinvestment_rate": -13.69,
            "research_to_sale_ratio": 0.61,
            "price_fair": 118.65,
            "eps_avg_yearly": 3.39,
            "eps_latest_yearly": 3.6,
            "eps_growth_yearly": 104
        },
        "20213": {
            "year_quarter": 20213,
            "year": 2021,
            "quarter": 3,
            "eps": 0.65,
            "eps_growth_year": -38.1,
            "eps_4q": 2.91,
            "eps_4q_growth_year": -24.65,
            "roe": 3.48,
            "roe_4q": 15.129999999999999,
            "gross_profit": 2086723,
            "gross_margin": 24.07,
            "gross_margin_4q_avg": 25.09,
            "net_income": 609096,
            "revenue": 8668586,
            "common_shares": 9150897,
            "book_valuer_per_share": 19.16,
            "book_valuer_per_share_4q_avg": 19.33,
            "equity": 17819987,
            "current_ratio": 232.93,
            "debt_ratio": 34.43,
            "inventory_turnover_ratio": 1.12,
            "account_receivable_turnover_ratio": 1.77,
            "reinvestment_rate": -14.04,
            "research_to_sale_ratio": 0.53,
            "price_fair": 117.6,
            "eps_avg_yearly": 3.36,
            "eps_latest_yearly": 2.6,
            "eps_growth_yearly": 41.85
        },
        "20214": {
            "year_quarter": 20214,
            "year": 2021,
            "quarter": 4,
            "eps": 0.53,
            "eps_growth_year": -28.18,
            "eps_4q": 2.7,
            "eps_4q_growth_year": -23.54,
            "roe": 2.74,
            "roe_4q": 13.92,
            "gross_profit": 2046571,
            "gross_margin": 20.54,
            "gross_margin_4q_avg": 24.25,
            "net_income": 498148,
            "revenue": 9961951,
            "common_shares": 9150897,
            "book_valuer_per_share": 19.86,
            "book_valuer_per_share_4q_avg": 19.43,
            "equity": 18477217,
            "current_ratio": 227.64,
            "debt_ratio": 34.68,
            "inventory_turnover_ratio": 1.33,
            "account_receivable_turnover_ratio": 1.85,
            "reinvestment_rate": -12.47,
            "research_to_sale_ratio": 0.48,
            "price_fair": 115.85,
            "eps_avg_yearly": 3.31,
            "eps_latest_yearly": 2.12,
            "eps_growth_yearly": 38.53
        },
        "20221": {
            "year_quarter": 20221,
            "year": 2022,
            "quarter": 1,
            "eps": 0.36,
            "eps_growth_year": -41.94,
            "eps_4q": 2.44,
            "eps_4q_growth_year": -29.97,
            "roe": 1.78,
            "roe_4q": 12.59,
            "gross_profit": 1471201,
            "gross_margin": 21.86,
            "gross_margin_4q_avg": 23.35,
            "net_income": 332947,
            "revenue": 6730455,
            "common_shares": 9150897,
            "book_valuer_per_share": 20.4,
            "book_valuer_per_share_4q_avg": 19.49,
            "equity": 18908459,
            "current_ratio": 264.91,
            "debt_ratio": 29.22,
            "inventory_turnover_ratio": 0.93,
            "account_receivable_turnover_ratio": 1.36,
            "reinvestment_rate": -11.71,
            "research_to_sale_ratio": 0.56,
            "price_fair": 111.83,
            "eps_avg_yearly": 3.2,
            "eps_latest_yearly": 1.44,
            "eps_growth_yearly": 27.43
        },
        "20222": {
            "year_quarter": 20222,
            "year": 2022,
            "quarter": 2,
            "eps": 0.18,
            "eps_growth_year": -80,
            "eps_4q": 1.72,
            "eps_4q_growth_year": -48,
            "roe": 0.94,
            "roe_4q": 8.94,
            "gross_profit": 1399141,
            "gross_margin": 23.35,
            "gross_margin_4q_avg": 22.46,
            "net_income": 170229,
            "revenue": 5992214,
            "common_shares": 9150897,
            "book_valuer_per_share": 18.45,
            "book_valuer_per_share_4q_avg": 19.47,
            "equity": 17136404,
            "current_ratio": 192.94,
            "debt_ratio": 38.76,
            "inventory_turnover_ratio": 0.74,
            "account_receivable_turnover_ratio": 1.46,
            "reinvestment_rate": -12.31,
            "research_to_sale_ratio": 0.71,
            "price_fair": 109.99,
            "eps_avg_yearly": 3.14,
            "eps_latest_yearly": 0.72,
            "eps_growth_yearly": 28.04
        },
        "20223": {
            "year_quarter": 20223,
            "year": 2022,
            "quarter": 3,
            "eps": 0.54,
            "eps_growth_year": -16.92,
            "eps_4q": 1.61,
            "eps_4q_growth_year": -44.79,
            "roe": 2.99,
            "roe_4q": 8.45,
            "gross_profit": 1798535,
            "gross_margin": 23.43,
            "gross_margin_4q_avg": 22.3,
            "net_income": 521604,
            "revenue": 7676870,
            "common_shares": 9150897,
            "book_valuer_per_share": 19.08,
            "book_valuer_per_share_4q_avg": 19.45,
            "equity": 17741281,
            "current_ratio": 221.12,
            "debt_ratio": 32.93,
            "inventory_turnover_ratio": 0.96,
            "account_receivable_turnover_ratio": 1.77,
            "reinvestment_rate": -11.24,
            "research_to_sale_ratio": 0.58,
            "price_fair": 104.3,
            "eps_avg_yearly": 2.98,
            "eps_latest_yearly": 2.16,
            "eps_growth_yearly": 26.76
        },
        "20224": {
            "year_quarter": 20224,
            "year": 2022,
            "quarter": 4,
            "eps": 0.26,
            "eps_growth_year": -50.97,
            "eps_4q": 1.34,
            "eps_4q_growth_year": -50.58,
            "roe": 1.23,
            "roe_4q": 6.94,
            "gross_profit": 1689699,
            "gross_margin": 19.82,
            "gross_margin_4q_avg": 22.12,
            "net_income": 219328,
            "revenue": 8523261,
            "common_shares": 9150897,
            "book_valuer_per_share": 19.28,
            "book_valuer_per_share_4q_avg": 19.3,
            "equity": 17853740,
            "current_ratio": 200.45,
            "debt_ratio": 36.08,
            "inventory_turnover_ratio": 1.23,
            "account_receivable_turnover_ratio": 1.78,
            "reinvestment_rate": -11.59,
            "research_to_sale_ratio": 0.55,
            "price_fair": 87.63,
            "eps_avg_yearly": 2.83,
            "eps_latest_yearly": 1.04,
            "eps_growth_yearly": 20.94
        },
        "20231": {
            "year_quarter": 20231,
            "year": 2023,
            "quarter": 1,
            "eps": 0.29,
            "eps_growth_year": -19.44,
            "eps_4q": 1.27,
            "eps_4q_growth_year": -48.17,
            "roe": 1.48,
            "roe_4q": 6.640000000000001,
            "gross_profit": 1343435,
            "gross_margin": 22.85,
            "gross_margin_4q_avg": 22.36,
            "net_income": 266243,
            "revenue": 5880499,
            "common_shares": 9150897,
            "book_valuer_per_share": 19.68,
            "book_valuer_per_share_4q_avg": 19.12,
            "equity": 18201681,
            "current_ratio": 243.27,
            "debt_ratio": 29.05,
            "inventory_turnover_ratio": 0.8,
            "account_receivable_turnover_ratio": 1.37,
            "reinvestment_rate": -13.09,
            "research_to_sale_ratio": 0.66,
            "price_fair": 89.32,
            "eps_avg_yearly": 2.69,
            "eps_latest_yearly": 1.16,
            "eps_growth_yearly": 23.23
        },
        "20232": {
            "year_quarter": 20232,
            "year": 2023,
            "quarter": 2,
            "eps": 0.2,
            "eps_growth_year": 11.11,
            "eps_4q": 1.29,
            "eps_4q_growth_year": -25.29,
            "roe": 1.05,
            "roe_4q": 6.75,
            "gross_profit": 1342704,
            "gross_margin": 21.23,
            "gross_margin_4q_avg": 21.83,
            "net_income": 184924,
            "revenue": 6323469,
            "common_shares": 9150897,
            "book_valuer_per_share": 18.41,
            "book_valuer_per_share_4q_avg": 19.11,
            "equity": 17009894,
            "current_ratio": 182.66,
            "debt_ratio": 38.96,
            "inventory_turnover_ratio": 0.78,
            "account_receivable_turnover_ratio": 1.73,
            "reinvestment_rate": -12.44,
            "research_to_sale_ratio": 0.74,
            "price_fair": 80.24,
            "eps_avg_yearly": 2.57,
            "eps_latest_yearly": 0.8,
            "eps_growth_yearly": 21.22
        }
    },
    "months": {
        "2001-06": {
            "month": "2001-06",
            "price": "8.54",
            "revenue": 380440
        },
        "2001-07": {
            "month": "2001-07",
            "price": "7.70",
            "revenue": 357774
        },
        "2001-08": {
            "month": "2001-08",
            "price": "7.96",
            "revenue": 421454
        },
        "2001-09": {
            "month": "2001-09",
            "price": "7.56",
            "revenue": 382444
        },
        "2001-10": {
            "month": "2001-10",
            "price": "7.08",
            "revenue": 407666
        },
        "2001-11": {
            "month": "2001-11",
            "price": "7.04",
            "revenue": 418084
        },
        "2001-12": {
            "month": "2001-12",
            "price": "7.61",
            "revenue": 429501
        },
        "2002-01": {
            "month": "2002-01",
            "price": "7.52",
            "revenue": 528440
        },
        "2002-02": {
            "month": "2002-02",
            "price": "7.54",
            "revenue": 402804
        },
        "2002-03": {
            "month": "2002-03",
            "price": "8.17",
            "revenue": 403394
        },
        "2002-04": {
            "month": "2002-04",
            "price": "9.63",
            "revenue": 417875
        },
        "2002-05": {
            "month": "2002-05",
            "price": "9.37",
            "revenue": 433947
        },
        "2002-06": {
            "month": "2002-06",
            "price": "9.68",
            "revenue": 399100
        },
        "2002-07": {
            "month": "2002-07",
            "price": "9.09",
            "revenue": 364625
        },
        "2002-08": {
            "month": "2002-08",
            "price": "8.66",
            "revenue": 434438
        },
        "2002-09": {
            "month": "2002-09",
            "price": "7.88",
            "revenue": 366486
        },
        "2002-10": {
            "month": "2002-10",
            "price": "7.83",
            "revenue": 441114
        },
        "2002-11": {
            "month": "2002-11",
            "price": "8.54",
            "revenue": 421157
        },
        "2002-12": {
            "month": "2002-12",
            "price": "8.90",
            "revenue": 484825
        },
        "2003-01": {
            "month": "2003-01",
            "price": "9.23",
            "revenue": 515212
        },
        "2003-02": {
            "month": "2003-02",
            "price": "8.25",
            "revenue": 390807
        },
        "2003-03": {
            "month": "2003-03",
            "price": "7.82",
            "revenue": 404404
        },
        "2003-04": {
            "month": "2003-04",
            "price": "7.75",
            "revenue": 436149
        },
        "2003-05": {
            "month": "2003-05",
            "price": "7.36",
            "revenue": 461749
        },
        "2003-06": {
            "month": "2003-06",
            "price": "8.08",
            "revenue": 403165
        },
        "2003-07": {
            "month": "2003-07",
            "price": "8.32",
            "revenue": 407945
        },
        "2003-08": {
            "month": "2003-08",
            "price": "8.52",
            "revenue": 452467
        },
        "2003-09": {
            "month": "2003-09",
            "price": "8.32",
            "revenue": 411495
        },
        "2003-10": {
            "month": "2003-10",
            "price": "8.69",
            "revenue": 506318
        },
        "2003-11": {
            "month": "2003-11",
            "price": "8.86",
            "revenue": 482294
        },
        "2003-12": {
            "month": "2003-12",
            "price": "8.84",
            "revenue": 559468
        },
        "2004-01": {
            "month": "2004-01",
            "price": "9.02",
            "revenue": 540959
        },
        "2004-02": {
            "month": "2004-02",
            "price": "10.52",
            "revenue": 449562
        },
        "2004-03": {
            "month": "2004-03",
            "price": "10.06",
            "revenue": 475001
        },
        "2004-04": {
            "month": "2004-04",
            "price": "9.92",
            "revenue": 522520
        },
        "2004-05": {
            "month": "2004-05",
            "price": "10.20",
            "revenue": 486443
        },
        "2004-06": {
            "month": "2004-06",
            "price": "10.10",
            "revenue": 406820
        },
        "2004-07": {
            "month": "2004-07",
            "price": "10.06",
            "revenue": 441635
        },
        "2004-08": {
            "month": "2004-08",
            "price": "10.07",
            "revenue": 536940
        },
        "2004-09": {
            "month": "2004-09",
            "price": "11.10",
            "revenue": 473571
        },
        "2004-10": {
            "month": "2004-10",
            "price": "11.20",
            "revenue": 473906
        },
        "2004-11": {
            "month": "2004-11",
            "price": "11.57",
            "revenue": 539653
        },
        "2004-12": {
            "month": "2004-12",
            "price": "11.83",
            "revenue": 574185
        },
        "2005-01": {
            "month": "2005-01",
            "price": "11.94",
            "revenue": 693049
        },
        "2005-02": {
            "month": "2005-02",
            "price": "12.27",
            "revenue": 422209
        },
        "2005-03": {
            "month": "2005-03",
            "price": "12.00",
            "revenue": 537561
        },
        "2005-04": {
            "month": "2005-04",
            "price": "11.61",
            "revenue": 494730
        },
        "2005-05": {
            "month": "2005-05",
            "price": "11.66",
            "revenue": 489321
        },
        "2005-06": {
            "month": "2005-06",
            "price": "11.92",
            "revenue": 455303
        },
        "2005-07": {
            "month": "2005-07",
            "price": "12.18",
            "revenue": 498929
        },
        "2005-08": {
            "month": "2005-08",
            "price": "12.50",
            "revenue": 565841
        },
        "2005-09": {
            "month": "2005-09",
            "price": "12.64",
            "revenue": 455143
        },
        "2005-10": {
            "month": "2005-10",
            "price": "12.99",
            "revenue": 530056
        },
        "2005-11": {
            "month": "2005-11",
            "price": "13.52",
            "revenue": 545680
        },
        "2005-12": {
            "month": "2005-12",
            "price": "14.31",
            "revenue": 657411
        },
        "2006-01": {
            "month": "2006-01",
            "price": "13.73",
            "revenue": 638413
        },
        "2006-02": {
            "month": "2006-02",
            "price": "13.78",
            "revenue": 463529
        },
        "2006-03": {
            "month": "2006-03",
            "price": "13.89",
            "revenue": 430135
        },
        "2006-04": {
            "month": "2006-04",
            "price": "14.22",
            "revenue": 489773
        },
        "2006-05": {
            "month": "2006-05",
            "price": "15.37",
            "revenue": 431353
        },
        "2006-06": {
            "month": "2006-06",
            "price": "14.96",
            "revenue": 435512
        },
        "2006-07": {
            "month": "2006-07",
            "price": "15.08",
            "revenue": 512109
        },
        "2006-08": {
            "month": "2006-08",
            "price": "15.08",
            "revenue": 481884
        },
        "2006-09": {
            "month": "2006-09",
            "price": "14.22",
            "revenue": 524874
        },
        "2006-10": {
            "month": "2006-10",
            "price": "14.52",
            "revenue": 482394
        },
        "2006-11": {
            "month": "2006-11",
            "price": "13.65",
            "revenue": 460186
        },
        "2006-12": {
            "month": "2006-12",
            "price": "14.00",
            "revenue": 575279
        },
        "2007-01": {
            "month": "2007-01",
            "price": "14.35",
            "revenue": 638336
        },
        "2007-02": {
            "month": "2007-02",
            "price": "14.25",
            "revenue": 547310
        },
        "2007-03": {
            "month": "2007-03",
            "price": "14.48",
            "revenue": 524420
        },
        "2007-04": {
            "month": "2007-04",
            "price": "16.76",
            "revenue": 549887
        },
        "2007-05": {
            "month": "2007-05",
            "price": "17.18",
            "revenue": 594647
        },
        "2007-06": {
            "month": "2007-06",
            "price": "17.80",
            "revenue": 517254
        },
        "2007-07": {
            "month": "2007-07",
            "price": "21.42",
            "revenue": 514869
        },
        "2007-08": {
            "month": "2007-08",
            "price": "19.24",
            "revenue": 534005
        },
        "2007-09": {
            "month": "2007-09",
            "price": "18.21",
            "revenue": 529893
        },
        "2007-10": {
            "month": "2007-10",
            "price": "17.98",
            "revenue": 561801
        },
        "2007-11": {
            "month": "2007-11",
            "price": "16.13",
            "revenue": 555663
        },
        "2007-12": {
            "month": "2007-12",
            "price": "16.00",
            "revenue": 662740
        },
        "2008-01": {
            "month": "2008-01",
            "price": "16.43",
            "revenue": 748623
        },
        "2008-02": {
            "month": "2008-02",
            "price": "16.66",
            "revenue": 552383
        },
        "2008-03": {
            "month": "2008-03",
            "price": "17.25",
            "revenue": 563839
        },
        "2008-04": {
            "month": "2008-04",
            "price": "17.86",
            "revenue": 626161
        },
        "2008-05": {
            "month": "2008-05",
            "price": "29.55",
            "revenue": 703169
        },
        "2008-06": {
            "month": "2008-06",
            "price": "28.69",
            "revenue": 620058
        },
        "2008-07": {
            "month": "2008-07",
            "price": "28.12",
            "revenue": 677616
        },
        "2008-08": {
            "month": "2008-08",
            "price": "27.36",
            "revenue": 678530
        },
        "2008-09": {
            "month": "2008-09",
            "price": "24.24",
            "revenue": 689903
        },
        "2008-10": {
            "month": "2008-10",
            "price": "17.94",
            "revenue": 786112
        },
        "2008-11": {
            "month": "2008-11",
            "price": "19.46",
            "revenue": 725446
        },
        "2008-12": {
            "month": "2008-12",
            "price": "21.36",
            "revenue": 945304
        },
        "2009-01": {
            "month": "2009-01",
            "price": "21.82",
            "revenue": 1002481
        },
        "2009-02": {
            "month": "2009-02",
            "price": "21.42",
            "revenue": 771451
        },
        "2009-03": {
            "month": "2009-03",
            "price": "22.78",
            "revenue": 760643
        },
        "2009-04": {
            "month": "2009-04",
            "price": "29.85",
            "revenue": 772662
        },
        "2009-05": {
            "month": "2009-05",
            "price": "30.64",
            "revenue": 788496
        },
        "2009-06": {
            "month": "2009-06",
            "price": "28.95",
            "revenue": 688215
        },
        "2009-07": {
            "month": "2009-07",
            "price": "30.01",
            "revenue": 717932
        },
        "2009-08": {
            "month": "2009-08",
            "price": "29.48",
            "revenue": 805283
        },
        "2009-09": {
            "month": "2009-09",
            "price": "31.89",
            "revenue": 810587
        },
        "2009-10": {
            "month": "2009-10",
            "price": "33.85",
            "revenue": 879413
        },
        "2009-11": {
            "month": "2009-11",
            "price": "37.80",
            "revenue": 775507
        },
        "2009-12": {
            "month": "2009-12",
            "price": "38.69",
            "revenue": 957038
        },
        "2010-01": {
            "month": "2010-01",
            "price": "42.57",
            "revenue": 1168557
        },
        "2010-02": {
            "month": "2010-02",
            "price": "39.83",
            "revenue": 874451
        },
        "2010-03": {
            "month": "2010-03",
            "price": "48.91",
            "revenue": 853157
        },
        "2010-04": {
            "month": "2010-04",
            "price": "62.06",
            "revenue": 934374
        },
        "2010-05": {
            "month": "2010-05",
            "price": "74.63",
            "revenue": 896374
        },
        "2010-06": {
            "month": "2010-06",
            "price": "77.79",
            "revenue": 846767
        },
        "2010-07": {
            "month": "2010-07",
            "price": "83.16",
            "revenue": 902803
        },
        "2010-08": {
            "month": "2010-08",
            "price": "82.35",
            "revenue": 904822
        },
        "2010-09": {
            "month": "2010-09",
            "price": "75.78",
            "revenue": 961342
        },
        "2010-10": {
            "month": "2010-10",
            "price": "79.34",
            "revenue": 960483
        },
        "2010-11": {
            "month": "2010-11",
            "price": "79.21",
            "revenue": 1022898
        },
        "2010-12": {
            "month": "2010-12",
            "price": "77.36",
            "revenue": 1097835
        },
        "2011-01": {
            "month": "2011-01",
            "price": "71.86",
            "revenue": 1474833
        },
        "2011-02": {
            "month": "2011-02",
            "price": "71.35",
            "revenue": 803764
        },
        "2011-03": {
            "month": "2011-03",
            "price": "76.24",
            "revenue": 1018562
        },
        "2011-04": {
            "month": "2011-04",
            "price": "83.76",
            "revenue": 1013557
        },
        "2011-05": {
            "month": "2011-05",
            "price": "104.84",
            "revenue": 958312
        },
        "2011-06": {
            "month": "2011-06",
            "price": "104.57",
            "revenue": 861812
        },
        "2011-07": {
            "month": "2011-07",
            "price": "121.05",
            "revenue": 1045427
        },
        "2011-08": {
            "month": "2011-08",
            "price": "105.31",
            "revenue": 981117
        },
        "2011-09": {
            "month": "2011-09",
            "price": "91.60",
            "revenue": 949591
        },
        "2011-10": {
            "month": "2011-10",
            "price": "91.93",
            "revenue": 1016164
        },
        "2011-11": {
            "month": "2011-11",
            "price": "105.23",
            "revenue": 1097925
        },
        "2011-12": {
            "month": "2011-12",
            "price": "92.79",
            "revenue": 1323201
        },
        "2012-01": {
            "month": "2012-01",
            "price": "93.10",
            "revenue": 1242961
        },
        "2012-02": {
            "month": "2012-02",
            "price": "103.62",
            "revenue": 865357
        },
        "2012-03": {
            "month": "2012-03",
            "price": "104.80",
            "revenue": 905890
        },
        "2012-04": {
            "month": "2012-04",
            "price": "90.71",
            "revenue": 969553
        },
        "2012-05": {
            "month": "2012-05",
            "price": "90.97",
            "revenue": 979930
        },
        "2012-06": {
            "month": "2012-06",
            "price": "85.06",
            "revenue": 911580
        },
        "2012-07": {
            "month": "2012-07",
            "price": "82.87",
            "revenue": 985529
        },
        "2012-08": {
            "month": "2012-08",
            "price": "82.41",
            "revenue": 1072022
        },
        "2012-09": {
            "month": "2012-09",
            "price": "78.18",
            "revenue": 987787
        },
        "2012-10": {
            "month": "2012-10",
            "price": "78.39",
            "revenue": 1037462
        },
        "2012-11": {
            "month": "2012-11",
            "price": "77.27",
            "revenue": 1098390
        },
        "2012-12": {
            "month": "2012-12",
            "price": "80.79",
            "revenue": 1106338
        },
        "2013-01": {
            "month": "2013-01",
            "price": "81.52",
            "revenue": 2774413
        },
        "2013-02": {
            "month": "2013-02",
            "price": "84.87",
            "revenue": 1146421
        },
        "2013-03": {
            "month": "2013-03",
            "price": "86.26",
            "revenue": 1155495
        },
        "2013-04": {
            "month": "2013-04",
            "price": "96.26",
            "revenue": 1370108
        },
        "2013-05": {
            "month": "2013-05",
            "price": "99.04",
            "revenue": 1574032
        },
        "2013-06": {
            "month": "2013-06",
            "price": "93.73",
            "revenue": 1497190
        },
        "2013-07": {
            "month": "2013-07",
            "price": "95.72",
            "revenue": 1517650
        },
        "2013-08": {
            "month": "2013-08",
            "price": "88.47",
            "revenue": 1952137
        },
        "2013-09": {
            "month": "2013-09",
            "price": "88.81",
            "revenue": 2103415
        },
        "2013-10": {
            "month": "2013-10",
            "price": "91.09",
            "revenue": 1467373
        },
        "2013-11": {
            "month": "2013-11",
            "price": "87.66",
            "revenue": 1699424
        },
        "2013-12": {
            "month": "2013-12",
            "price": "90.13",
            "revenue": 2319207
        },
        "2014-01": {
            "month": "2014-01",
            "price": "90.81",
            "revenue": 3010338
        },
        "2014-02": {
            "month": "2014-02",
            "price": "87.87",
            "revenue": 995755
        },
        "2014-03": {
            "month": "2014-03",
            "price": "84.52",
            "revenue": 1300987
        },
        "2014-04": {
            "month": "2014-04",
            "price": "83.58",
            "revenue": 1477143
        },
        "2014-05": {
            "month": "2014-05",
            "price": "82.89",
            "revenue": 1528325
        },
        "2014-06": {
            "month": "2014-06",
            "price": "82.22",
            "revenue": 1615286
        },
        "2014-07": {
            "month": "2014-07",
            "price": "83.18",
            "revenue": 1867907
        },
        "2014-08": {
            "month": "2014-08",
            "price": "76.84",
            "revenue": 1952307
        },
        "2014-09": {
            "month": "2014-09",
            "price": "74.79",
            "revenue": 2044921
        },
        "2014-10": {
            "month": "2014-10",
            "price": "69.11",
            "revenue": 1749229
        },
        "2014-11": {
            "month": "2014-11",
            "price": "69.80",
            "revenue": 1929677
        },
        "2014-12": {
            "month": "2014-12",
            "price": "69.54",
            "revenue": 2329159
        },
        "2015-01": {
            "month": "2015-01",
            "price": "67.38",
            "revenue": 3651021
        },
        "2015-02": {
            "month": "2015-02",
            "price": "70.48",
            "revenue": 2053578
        },
        "2015-03": {
            "month": "2015-03",
            "price": "77.20",
            "revenue": 1478453
        },
        "2015-04": {
            "month": "2015-04",
            "price": "75.90",
            "revenue": 1552355
        },
        "2015-05": {
            "month": "2015-05",
            "price": "78.04",
            "revenue": 1669100
        },
        "2015-06": {
            "month": "2015-06",
            "price": "84.49",
            "revenue": 1971908
        },
        "2015-07": {
            "month": "2015-07",
            "price": "91.20",
            "revenue": 1854576
        },
        "2015-08": {
            "month": "2015-08",
            "price": "83.61",
            "revenue": 2149200
        },
        "2015-09": {
            "month": "2015-09",
            "price": "72.76",
            "revenue": 2853657
        },
        "2015-10": {
            "month": "2015-10",
            "price": "76.78",
            "revenue": 1846596
        },
        "2015-11": {
            "month": "2015-11",
            "price": "77.49",
            "revenue": 1896134
        },
        "2015-12": {
            "month": "2015-12",
            "price": "78.57",
            "revenue": 2542983
        },
        "2016-01": {
            "month": "2016-01",
            "price": "77.97",
            "revenue": 4305506
        },
        "2016-02": {
            "month": "2016-02",
            "price": "81.79",
            "revenue": 1656304
        },
        "2016-03": {
            "month": "2016-03",
            "price": "81.66",
            "revenue": 1460198
        },
        "2016-04": {
            "month": "2016-04",
            "price": "78.55",
            "revenue": 1642669
        },
        "2016-05": {
            "month": "2016-05",
            "price": "77.62",
            "revenue": 1721994
        },
        "2016-06": {
            "month": "2016-06",
            "price": "79.03",
            "revenue": 1869329
        },
        "2016-07": {
            "month": "2016-07",
            "price": "79.78",
            "revenue": 1821794
        },
        "2016-08": {
            "month": "2016-08",
            "price": "80.29",
            "revenue": 2422743
        },
        "2016-09": {
            "month": "2016-09",
            "price": "79.09",
            "revenue": 2646459
        },
        "2016-10": {
            "month": "2016-10",
            "price": "79.70",
            "revenue": 1883037
        },
        "2016-11": {
            "month": "2016-11",
            "price": "76.15",
            "revenue": 2480981
        },
        "2016-12": {
            "month": "2016-12",
            "price": "76.23",
            "revenue": 3160613
        },
        "2017-01": {
            "month": "2017-01",
            "price": "76.06",
            "revenue": 3473609
        },
        "2017-02": {
            "month": "2017-02",
            "price": "77.11",
            "revenue": 1414397
        },
        "2017-03": {
            "month": "2017-03",
            "price": "76.04",
            "revenue": 1603176
        },
        "2017-04": {
            "month": "2017-04",
            "price": "74.83",
            "revenue": 1712813
        },
        "2017-05": {
            "month": "2017-05",
            "price": "77.14",
            "revenue": 1880018
        },
        "2017-06": {
            "month": "2017-06",
            "price": "80.46",
            "revenue": 1911994
        },
        "2017-07": {
            "month": "2017-07",
            "price": "80.74",
            "revenue": 1834591
        },
        "2017-08": {
            "month": "2017-08",
            "price": "78.04",
            "revenue": 2444037
        },
        "2017-09": {
            "month": "2017-09",
            "price": "74.96",
            "revenue": 3096087
        },
        "2017-10": {
            "month": "2017-10",
            "price": "74.27",
            "revenue": 2094827
        },
        "2017-11": {
            "month": "2017-11",
            "price": "74.28",
            "revenue": 2291703
        },
        "2017-12": {
            "month": "2017-12",
            "price": "73.00",
            "revenue": 2733418
        },
        "2018-01": {
            "month": "2018-01",
            "price": "74.92",
            "revenue": 3980082
        },
        "2018-02": {
            "month": "2018-02",
            "price": "70.35",
            "revenue": 1996808
        },
        "2018-03": {
            "month": "2018-03",
            "price": "67.77",
            "revenue": 1437583
        },
        "2018-04": {
            "month": "2018-04",
            "price": "67.83",
            "revenue": 1389082
        },
        "2018-05": {
            "month": "2018-05",
            "price": "61.68",
            "revenue": 1738673
        },
        "2018-06": {
            "month": "2018-06",
            "price": "62.33",
            "revenue": 1879768
        },
        "2018-07": {
            "month": "2018-07",
            "price": "61.17",
            "revenue": 1807245
        },
        "2018-08": {
            "month": "2018-08",
            "price": "55.76",
            "revenue": 2232603
        },
        "2018-09": {
            "month": "2018-09",
            "price": "51.53",
            "revenue": 3032428
        },
        "2018-10": {
            "month": "2018-10",
            "price": "46.23",
            "revenue": 1904523
        },
        "2018-11": {
            "month": "2018-11",
            "price": "47.77",
            "revenue": 2519735
        },
        "2018-12": {
            "month": "2018-12",
            "price": "49.27",
            "revenue": 3422885
        },
        "2019-01": {
            "month": "2019-01",
            "price": "50.05",
            "revenue": 4362134
        },
        "2019-02": {
            "month": "2019-02",
            "price": "50.88",
            "revenue": 1388035
        },
        "2019-03": {
            "month": "2019-03",
            "price": "51.96",
            "revenue": 1586997
        },
        "2019-04": {
            "month": "2019-04",
            "price": "51.70",
            "revenue": 1776586
        },
        "2019-05": {
            "month": "2019-05",
            "price": "55.97",
            "revenue": 2130222
        },
        "2019-06": {
            "month": "2019-06",
            "price": "60.11",
            "revenue": 2163646
        },
        "2019-07": {
            "month": "2019-07",
            "price": "60.41",
            "revenue": 2206623
        },
        "2019-08": {
            "month": "2019-08",
            "price": "58.97",
            "revenue": 3045171
        },
        "2019-09": {
            "month": "2019-09",
            "price": "63.67",
            "revenue": 2745482
        },
        "2019-10": {
            "month": "2019-10",
            "price": "61.88",
            "revenue": 2305665
        },
        "2019-11": {
            "month": "2019-11",
            "price": "63.27",
            "revenue": 3406880
        },
        "2019-12": {
            "month": "2019-12",
            "price": "69.88",
            "revenue": 4148791
        },
        "2020-01": {
            "month": "2020-01",
            "price": "69.46",
            "revenue": 2931475
        },
        "2020-02": {
            "month": "2020-02",
            "price": "69.61",
            "revenue": 1493010
        },
        "2020-03": {
            "month": "2020-03",
            "price": "59.93",
            "revenue": 2246948
        },
        "2020-04": {
            "month": "2020-04",
            "price": "65.17",
            "revenue": 2977463
        },
        "2020-05": {
            "month": "2020-05",
            "price": "66.06",
            "revenue": 2583115
        },
        "2020-06": {
            "month": "2020-06",
            "price": "64.40",
            "revenue": 2392058
        },
        "2020-07": {
            "month": "2020-07",
            "price": "64.12",
            "revenue": 2474374
        },
        "2020-08": {
            "month": "2020-08",
            "price": "63.06",
            "revenue": 3167337
        },
        "2020-09": {
            "month": "2020-09",
            "price": "62.77",
            "revenue": 3958750
        },
        "2020-10": {
            "month": "2020-10",
            "price": "62.28",
            "revenue": 2812353
        },
        "2020-11": {
            "month": "2020-11",
            "price": "62.53",
            "revenue": 3556835
        },
        "2020-12": {
            "month": "2020-12",
            "price": "60.79",
            "revenue": 3872526
        },
        "2021-01": {
            "month": "2021-01",
            "price": "58.04",
            "revenue": 4585987
        },
        "2021-02": {
            "month": "2021-02",
            "price": "56.52",
            "revenue": 1740003
        },
        "2021-03": {
            "month": "2021-03",
            "price": "57.43",
            "revenue": 1938626
        },
        "2021-04": {
            "month": "2021-04",
            "price": "56.89",
            "revenue": 2337076
        },
        "2021-05": {
            "month": "2021-05",
            "price": "53.45",
            "revenue": 2373213
        },
        "2021-06": {
            "month": "2021-06",
            "price": "53.96",
            "revenue": 2701602
        },
        "2021-07": {
            "month": "2021-07",
            "price": "54.20",
            "revenue": 2558217
        },
        "2021-08": {
            "month": "2021-08",
            "price": "52.04",
            "revenue": 2813843
        },
        "2021-09": {
            "month": "2021-09",
            "price": "51.65",
            "revenue": 3294742
        },
        "2021-10": {
            "month": "2021-10",
            "price": "51.42",
            "revenue": 2716771
        },
        "2021-11": {
            "month": "2021-11",
            "price": "51.93",
            "revenue": 3684840
        },
        "2021-12": {
            "month": "2021-12",
            "price": "52.36",
            "revenue": 3562124
        },
        "2022-01": {
            "month": "2022-01",
            "price": "52.21",
            "revenue": 3169810
        },
        "2022-02": {
            "month": "2022-02",
            "price": "51.37",
            "revenue": 1311370
        },
        "2022-03": {
            "month": "2022-03",
            "price": "49.27",
            "revenue": 2249275
        },
        "2022-04": {
            "month": "2022-04",
            "price": "49.91",
            "revenue": 2157826
        },
        "2022-05": {
            "month": "2022-05",
            "price": "47.83",
            "revenue": 1961006
        },
        "2022-06": {
            "month": "2022-06",
            "price": "46.59",
            "revenue": 1873382
        },
        "2022-07": {
            "month": "2022-07",
            "price": "44.18",
            "revenue": 2146094
        },
        "2022-08": {
            "month": "2022-08",
            "price": "41.29",
            "revenue": 2686715
        },
        "2022-09": {
            "month": "2022-09",
            "price": "40.13",
            "revenue": 2844061
        },
        "2022-10": {
            "month": "2022-10",
            "price": "38.02",
            "revenue": 2182437
        },
        "2022-11": {
            "month": "2022-11",
            "price": "39.80",
            "revenue": 2778357
        },
        "2022-12": {
            "month": "2022-12",
            "price": "39.77",
            "revenue": 3562467
        },
        "2023-01": {
            "month": "2023-01",
            "price": "40.29",
            "revenue": 2485829
        },
        "2023-02": {
            "month": "2023-02",
            "price": "41.68",
            "revenue": 1413138
        },
        "2023-03": {
            "month": "2023-03",
            "price": "41.13",
            "revenue": 1981532
        },
        "2023-04": {
            "month": "2023-04",
            "price": "40.29",
            "revenue": 2068043
        },
        "2023-05": {
            "month": "2023-05",
            "price": "41.05",
            "revenue": 2136966
        },
        "2023-06": {
            "month": "2023-06",
            "price": "41.23",
            "revenue": 2118460
        },
        "2023-07": {
            "month": "2023-07",
            "price": "40.65",
            "revenue": 2151320
        },
        "2023-08": {
            "month": "2023-08",
            "price": "38.64",
            "revenue": 2657640
        }
    }
}
