{
    "summary": {
        "stock_name": "聯華",
        "stock_id": "1229",
        "category": "食品",
        "main_business": "一般投資業",
        "website_url": "https://www.lhicholdings.com/",
        "ceo": "林信宏",
        "pe_ratio": 26,
        "report_year_from": 2001,
        "report_year_to": 2023,
        "age": 22,
        "eps_negative_percentage": 0,
        "eps_growth_avg": {
            "last_all": 17.01,
            "last_2y": 2.69,
            "last_4y": -1.92,
            "last_8y": 8.75,
            "last_12y": 6.9,
            "last_16y": 8.66,
            "last_20y": 17.01,
            "at_2006_last_3y": 41.75,
            "at_2007_last_3y": 21.24,
            "at_2008_last_3y": -2.97,
            "at_2009_last_3y": 14.39,
            "at_2010_last_3y": 20.33,
            "at_2011_last_3y": 9.56,
            "at_2012_last_3y": 31.77,
            "at_2013_last_3y": 2.74,
            "at_2014_last_3y": -2.55,
            "at_2015_last_3y": -0.87,
            "at_2016_last_3y": 9.86,
            "at_2017_last_3y": 22.08,
            "at_2018_last_3y": 9.33,
            "at_2019_last_3y": 15.05,
            "at_2020_last_3y": 3.87,
            "at_2021_last_3y": 0.81,
            "at_2022_last_3y": 3.14,
            "at_2023_last_3y": 3.14,
            "at_2006_last_all": 47.25,
            "at_2007_last_all": 42.37,
            "at_2008_last_all": 23.93,
            "at_2009_last_all": 33.44,
            "at_2010_last_all": 35.28,
            "at_2011_last_all": 29.24,
            "at_2012_last_all": 26.79,
            "at_2013_last_all": 23.21,
            "at_2014_last_all": 23.64,
            "at_2015_last_all": 20.64,
            "at_2016_last_all": 22.27,
            "at_2017_last_all": 22.93,
            "at_2018_last_all": 20.28,
            "at_2019_last_all": 19.4,
            "at_2020_last_all": 18.4,
            "at_2021_last_all": 18.5,
            "at_2022_last_all": 17.01,
            "at_2023_last_all": 17.01
        },
        "latest_eps": 2.5,
        "latest_price": 64.1,
        "latest_roe": 8.25,
        "latest_gross_margin": 14.6,
        "latest_equity": 53815708,
        "latest_revenue": 2871445,
        "latest_gross_profit": 419319,
        "latest_net_income": 1155879,
        "latest_debt_ratio": 25.18,
        "latest_current_ratio": 93.01,
        "latest_account_receivable_turnover_ratio": 1.51,
        "latest_inventory_turnover_ratio": 1.41,
        "latest_reinvestment_rate": 45.71,
        "latest_research_to_sale_ratio": 0.44
    },
    "eps_dividends": {
        "1990": {
            "cash": 0.2,
            "stock": 0.8,
            "eps": 0
        },
        "1991": {
            "cash": 0.5,
            "stock": 1.5,
            "eps": 0
        },
        "1993": {
            "cash": 0.2,
            "stock": 0.3,
            "eps": 0
        },
        "1994": {
            "cash": 0,
            "stock": 0.6,
            "eps": 0
        },
        "1997": {
            "cash": 0.2,
            "stock": 0.5,
            "eps": 0
        },
        "1998": {
            "cash": 0.1,
            "stock": 0.6,
            "eps": 0
        },
        "1999": {
            "cash": 0.2,
            "stock": 0.3,
            "eps": 0
        },
        "2000": {
            "cash": 0.2,
            "stock": 0.45,
            "eps": 0
        },
        "2001": {
            "cash": 0.2,
            "stock": 0.2,
            "eps": 0.26
        },
        "2002": {
            "cash": 0.2,
            "stock": 0,
            "eps": 0.44
        },
        "2003": {
            "cash": 0.2,
            "stock": 0,
            "eps": 0.98
        },
        "2004": {
            "cash": 0.5,
            "stock": 0,
            "eps": 1.08
        },
        "2005": {
            "cash": 0.6,
            "stock": 0,
            "eps": 1.41
        },
        "2006": {
            "cash": 0.6,
            "stock": 0.2,
            "eps": 1.78
        },
        "2007": {
            "cash": 0.6,
            "stock": 0.4,
            "eps": 2.1
        },
        "2008": {
            "cash": 0.7,
            "stock": 0.5,
            "eps": 0.28
        },
        "2009": {
            "cash": 0.25,
            "stock": 0.35,
            "eps": 1.62
        },
        "2010": {
            "cash": 0.8,
            "stock": 0,
            "eps": 2.43
        },
        "2011": {
            "cash": 2.2,
            "stock": 0.3,
            "eps": 1.82
        },
        "2012": {
            "cash": 0,
            "stock": 0,
            "eps": 1.86
        },
        "2013": {
            "cash": 1,
            "stock": 0,
            "eps": 1.56
        },
        "2014": {
            "cash": 1,
            "stock": 0,
            "eps": 2.01
        },
        "2015": {
            "cash": 1.4,
            "stock": 0.4,
            "eps": 1.64
        },
        "2016": {
            "cash": 1.2,
            "stock": 0.25,
            "eps": 2.38
        },
        "2017": {
            "cash": 1.6,
            "stock": 0.5,
            "eps": 3.16
        },
        "2018": {
            "cash": 1.8,
            "stock": 1,
            "eps": 2.46
        },
        "2019": {
            "cash": 1.6,
            "stock": 0.5,
            "eps": 2.57
        },
        "2020": {
            "cash": 1.6,
            "stock": 1.6,
            "eps": 2.58
        },
        "2021": {
            "cash": 1.7,
            "stock": 1,
            "eps": 3.11
        },
        "2022": {
            "cash": 1.8,
            "stock": 0.5,
            "eps": 2.71
        },
        "2023": {
            "cash": 1.3,
            "stock": 0.7,
            "eps": 0.74
        }
    },
    "dividends": {
        "1990-05-24": {
            "cash": 0.2,
            "stock": 0.8
        },
        "1991-06-07": {
            "cash": 0.5,
            "stock": 1.5
        },
        "1993-06-08": {
            "cash": 0.2,
            "stock": 0.3
        },
        "1994-06-17": {
            "cash": 0,
            "stock": 0.6
        },
        "1997-05-28": {
            "cash": 0.2,
            "stock": 0.5
        },
        "1998-06-02": {
            "cash": 0.1,
            "stock": 0.6
        },
        "1999-06-02": {
            "cash": 0.2,
            "stock": 0.3
        },
        "2000-05-19": {
            "cash": 0.2,
            "stock": 0.45
        },
        "2001-05-22": {
            "cash": 0.2,
            "stock": 0.2
        },
        "2002-05-28": {
            "cash": 0.2,
            "stock": 0
        },
        "2003-03-11": {
            "cash": 0.2,
            "stock": 0
        },
        "2004-04-13": {
            "cash": 0.5,
            "stock": 0
        },
        "2005-04-12": {
            "cash": 0.6,
            "stock": 0
        },
        "2006-04-18": {
            "cash": 0.6,
            "stock": 0.2
        },
        "2007-04-24": {
            "cash": 0.6,
            "stock": 0.4
        },
        "2008-04-29": {
            "cash": 0.7,
            "stock": 0.5
        },
        "2009-04-22": {
            "cash": 0.25,
            "stock": 0.35
        },
        "2010-04-29": {
            "cash": 0.8,
            "stock": 0
        },
        "2011-01-01": {
            "cash": 1,
            "stock": 0
        },
        "2011-04-25": {
            "cash": 1.2,
            "stock": 0.3
        },
        "2013-05-13": {
            "cash": 1,
            "stock": 0
        },
        "2014-09-03": {
            "cash": 1,
            "stock": 0
        },
        "2015-09-23": {
            "cash": 1.4,
            "stock": 0.4
        },
        "2016-09-30": {
            "cash": 1.2,
            "stock": 0.25
        },
        "2017-09-22": {
            "cash": 1.6,
            "stock": 0.5
        },
        "2018-09-21": {
            "cash": 1.8,
            "stock": 1
        },
        "2019-09-26": {
            "cash": 1.6,
            "stock": 0.5
        },
        "2020-09-09": {
            "cash": 1.6,
            "stock": 1.6
        },
        "2021-05-20": {
            "cash": 1.7,
            "stock": 1
        },
        "2022-05-20": {
            "cash": 1.8,
            "stock": 0.5
        },
        "2023-03-13": {
            "cash": 1.3,
            "stock": 0.7
        }
    },
    "prices": {
        "200101": "9.35",
        "200102": "10.14",
        "200103": "9.37",
        "200104": "9.01",
        "200105": "7.38",
        "200106": "6.43",
        "200107": "5.20",
        "200108": "5.55",
        "200109": "5.26",
        "200110": "5.02",
        "200111": "5.04",
        "200112": "5.77",
        "200201": "7.41",
        "200202": "7.32",
        "200203": "7.98",
        "200204": "10.39",
        "200205": "8.90",
        "200206": "8.84",
        "200207": "8.22",
        "200208": "7.80",
        "200209": "7.80",
        "200210": "7.29",
        "200211": "8.66",
        "200212": "8.96",
        "200301": "10.05",
        "200302": "9.01",
        "200303": "8.15",
        "200304": "7.78",
        "200305": "7.31",
        "200306": "8.07",
        "200307": "8.38",
        "200308": "8.48",
        "200309": "8.74",
        "200310": "9.92",
        "200311": "10.00",
        "200312": "9.43",
        "200401": "10.37",
        "200402": "13.90",
        "200403": "13.57",
        "200404": "11.55",
        "200405": "9.69",
        "200406": "10.15",
        "200407": "10.21",
        "200408": "9.68",
        "200409": "11.43",
        "200410": "10.96",
        "200411": "11.57",
        "200412": "12.24",
        "200501": "12.96",
        "200502": "12.26",
        "200503": "12.15",
        "200504": "11.08",
        "200505": "10.68",
        "200506": "11.43",
        "200507": "11.16",
        "200508": "11.38",
        "200509": "11.34",
        "200510": "10.96",
        "200511": "10.58",
        "200512": "11.61",
        "200601": "12.67",
        "200602": "12.37",
        "200603": "11.51",
        "200604": "12.97",
        "200605": "15.34",
        "200606": "13.45",
        "200607": "13.92",
        "200608": "14.03",
        "200609": "14.06",
        "200610": "15.58",
        "200611": "17.45",
        "200612": "18.14",
        "200701": "16.65",
        "200702": "16.19",
        "200703": "15.83",
        "200704": "16.96",
        "200705": "16.47",
        "200706": "17.20",
        "200707": "19.91",
        "200708": "18.76",
        "200709": "20.77",
        "200710": "21.25",
        "200711": "17.73",
        "200712": "16.56",
        "200801": "19.14",
        "200802": "21.41",
        "200803": "22.69",
        "200804": "23.67",
        "200805": "23.66",
        "200806": "20.07",
        "200807": "16.93",
        "200808": "14.90",
        "200809": "11.98",
        "200810": "10.31",
        "200811": "11.02",
        "200812": "11.56",
        "200901": "11.37",
        "200902": "11.44",
        "200903": "11.81",
        "200904": "14.48",
        "200905": "15.50",
        "200906": "15.10",
        "200907": "15.40",
        "200908": "14.63",
        "200909": "14.82",
        "200910": "15.61",
        "200911": "15.44",
        "200912": "15.38",
        "201001": "15.81",
        "201002": "14.39",
        "201003": "15.25",
        "201004": "16.79",
        "201005": "16.07",
        "201006": "16.25",
        "201007": "17.53",
        "201008": "20.78",
        "201009": "19.72",
        "201010": "22.11",
        "201011": "23.68",
        "201012": "24.15",
        "201101": "23.80",
        "201102": "21.89",
        "201103": "19.97",
        "201104": "21.17",
        "201105": "22.58",
        "201106": "21.71",
        "201107": "22.58",
        "201108": "19.77",
        "201109": "18.15",
        "201110": "17.68",
        "201111": "18.07",
        "201112": "17.37",
        "201201": "17.92",
        "201202": "19.08",
        "201203": "20.00",
        "201204": "18.63",
        "201205": "18.15",
        "201206": "17.40",
        "201207": "18.92",
        "201208": "18.44",
        "201209": "19.36",
        "201210": "18.88",
        "201211": "18.75",
        "201212": "19.00",
        "201301": "19.45",
        "201302": "19.42",
        "201303": "19.38",
        "201304": "19.88",
        "201305": "19.96",
        "201306": "19.44",
        "201307": "19.79",
        "201308": "18.64",
        "201309": "18.79",
        "201310": "19.05",
        "201311": "18.84",
        "201312": "19.10",
        "201401": "19.56",
        "201402": "19.14",
        "201403": "19.33",
        "201404": "19.31",
        "201405": "20.02",
        "201406": "21.08",
        "201407": "21.27",
        "201408": "20.54",
        "201409": "20.41",
        "201410": "19.66",
        "201411": "19.83",
        "201412": "20.25",
        "201501": "20.54",
        "201502": "20.66",
        "201503": "21.14",
        "201504": "20.86",
        "201505": "21.34",
        "201506": "21.33",
        "201507": "21.37",
        "201508": "20.16",
        "201509": "18.93",
        "201510": "19.50",
        "201511": "19.42",
        "201512": "18.93",
        "201601": "18.63",
        "201602": "18.90",
        "201603": "19.92",
        "201604": "20.30",
        "201605": "20.23",
        "201606": "20.80",
        "201607": "21.38",
        "201608": "21.80",
        "201609": "20.97",
        "201610": "21.30",
        "201611": "21.49",
        "201612": "22.17",
        "201701": "22.52",
        "201702": "23.73",
        "201703": "23.99",
        "201704": "26.96",
        "201705": "26.90",
        "201706": "27.51",
        "201707": "28.48",
        "201708": "28.36",
        "201709": "29.18",
        "201710": "29.84",
        "201711": "32.48",
        "201712": "33.98",
        "201801": "38.92",
        "201802": "38.06",
        "201803": "37.13",
        "201804": "37.93",
        "201805": "37.52",
        "201806": "38.14",
        "201807": "38.32",
        "201808": "39.43",
        "201809": "35.13",
        "201810": "32.16",
        "201811": "30.67",
        "201812": "30.16",
        "201901": "29.83",
        "201902": "31.10",
        "201903": "32.28",
        "201904": "33.34",
        "201905": "35.01",
        "201906": "36.78",
        "201907": "38.59",
        "201908": "36.84",
        "201909": "34.07",
        "201910": "34.40",
        "201911": "35.21",
        "201912": "36.22",
        "202001": "37.48",
        "202002": "38.23",
        "202003": "34.61",
        "202004": "40.31",
        "202005": "42.56",
        "202006": "42.48",
        "202007": "44.54",
        "202008": "44.20",
        "202009": "40.88",
        "202010": "40.04",
        "202011": "41.09",
        "202012": "41.56",
        "202101": "41.31",
        "202102": "41.49",
        "202103": "44.33",
        "202104": "50.15",
        "202105": "47.52",
        "202106": "48.99",
        "202107": "51.65",
        "202108": "51.45",
        "202109": "56.50",
        "202110": "55.22",
        "202111": "57.39",
        "202112": "58.53",
        "202201": "61.27",
        "202202": "66.29",
        "202203": "65.66",
        "202204": "63.27",
        "202205": "54.80",
        "202206": "56.30",
        "202207": "56.01",
        "202208": "58.37",
        "202209": "54.18",
        "202210": "48.13",
        "202211": "49.53",
        "202212": "49.79",
        "202301": "50.93",
        "202302": "53.83",
        "202303": "55.15",
        "202304": "59.71",
        "202305": "62.20",
        "202306": "63.38"
    },
    "quarters": {
        "20011": {
            "year_quarter": 20011,
            "year": 2001,
            "quarter": 1,
            "eps": 0.1,
            "eps_growth_year": -65.52,
            "eps_4q": 0.75,
            "eps_4q_growth_year": -12.86,
            "roe": 0.68,
            "roe_4q": 0.68,
            "gross_profit": 54858,
            "gross_margin": 15.86,
            "gross_margin_4q_avg": 15.86,
            "net_income": 62588,
            "revenue": 345913,
            "common_shares": 6483263,
            "book_valuer_per_share": 14.26,
            "book_valuer_per_share_4q_avg": 14.26,
            "equity": 9246054,
            "current_ratio": 202.29,
            "debt_ratio": 22.68,
            "inventory_turnover_ratio": 0.73,
            "account_receivable_turnover_ratio": null,
            "reinvestment_rate": null,
            "research_to_sale_ratio": null,
            "price_fair": 0,
            "eps_avg_yearly": 0,
            "eps_latest_yearly": 0,
            "eps_growth_yearly": 0
        },
        "20012": {
            "year_quarter": 20012,
            "year": 2001,
            "quarter": 2,
            "eps": 0.07,
            "eps_growth_year": -91.67,
            "eps_4q": -0.01,
            "eps_4q_growth_year": -100.58,
            "roe": 0.47,
            "roe_4q": 1.15,
            "gross_profit": 35373,
            "gross_margin": 10.54,
            "gross_margin_4q_avg": 13.2,
            "net_income": 43310,
            "revenue": 335619,
            "common_shares": 6483263,
            "book_valuer_per_share": 14.24,
            "book_valuer_per_share_4q_avg": 14.25,
            "equity": 9230332,
            "current_ratio": 152.64,
            "debt_ratio": 25.42,
            "inventory_turnover_ratio": 0.7,
            "account_receivable_turnover_ratio": null,
            "reinvestment_rate": null,
            "research_to_sale_ratio": null,
            "price_fair": 0,
            "eps_avg_yearly": 0,
            "eps_latest_yearly": 0,
            "eps_growth_yearly": 0
        },
        "20013": {
            "year_quarter": 20013,
            "year": 2001,
            "quarter": 3,
            "eps": 0.01,
            "eps_growth_year": null,
            "eps_4q": 0.04,
            "eps_4q_growth_year": -96.23,
            "roe": 0.1,
            "roe_4q": 1.25,
            "gross_profit": 39851,
            "gross_margin": 10.91,
            "gross_margin_4q_avg": 12.44,
            "net_income": 9296,
            "revenue": 365388,
            "common_shares": 6612928,
            "book_valuer_per_share": 14.01,
            "book_valuer_per_share_4q_avg": 14.17,
            "equity": 9264851,
            "current_ratio": 171.8,
            "debt_ratio": 23.18,
            "inventory_turnover_ratio": 0.76,
            "account_receivable_turnover_ratio": null,
            "reinvestment_rate": null,
            "research_to_sale_ratio": null,
            "price_fair": 0,
            "eps_avg_yearly": 0,
            "eps_latest_yearly": 0,
            "eps_growth_yearly": 0
        },
        "20014": {
            "year_quarter": 20014,
            "year": 2001,
            "quarter": 4,
            "eps": 0.08,
            "eps_growth_year": null,
            "eps_4q": 0.26,
            "eps_4q_growth_year": -71.5,
            "roe": 0.55,
            "roe_4q": 1.8000000000000003,
            "gross_profit": 60002,
            "gross_margin": 16.02,
            "gross_margin_4q_avg": 13.33,
            "net_income": 51377,
            "revenue": 374652,
            "common_shares": 6612928,
            "book_valuer_per_share": 14.07,
            "book_valuer_per_share_4q_avg": 14.15,
            "equity": 9306371,
            "current_ratio": 118.84,
            "debt_ratio": 26.67,
            "inventory_turnover_ratio": 0.68,
            "account_receivable_turnover_ratio": null,
            "reinvestment_rate": null,
            "research_to_sale_ratio": null,
            "price_fair": 0,
            "eps_avg_yearly": 0,
            "eps_latest_yearly": 0,
            "eps_growth_yearly": 0
        },
        "20021": {
            "year_quarter": 20021,
            "year": 2002,
            "quarter": 1,
            "eps": 0.08,
            "eps_growth_year": -20,
            "eps_4q": 0.25,
            "eps_4q_growth_year": -67.32,
            "roe": 0.54,
            "roe_4q": 1.6600000000000001,
            "gross_profit": 49646,
            "gross_margin": 11.44,
            "gross_margin_4q_avg": 12.23,
            "net_income": 49990,
            "revenue": 434064,
            "common_shares": 6612928,
            "book_valuer_per_share": 14.12,
            "book_valuer_per_share_4q_avg": 14.11,
            "equity": 9337628,
            "current_ratio": 143.32,
            "debt_ratio": 24.49,
            "inventory_turnover_ratio": 0.8,
            "account_receivable_turnover_ratio": null,
            "reinvestment_rate": null,
            "research_to_sale_ratio": null,
            "price_fair": 3.2,
            "eps_avg_yearly": 0.32,
            "eps_latest_yearly": 0.32,
            "eps_growth_yearly": 0
        },
        "20022": {
            "year_quarter": 20022,
            "year": 2002,
            "quarter": 2,
            "eps": 0.22,
            "eps_growth_year": 214.29,
            "eps_4q": 0.39,
            "eps_4q_growth_year": null,
            "roe": 1.55,
            "roe_4q": 2.7399999999999998,
            "gross_profit": 49491,
            "gross_margin": 13.19,
            "gross_margin_4q_avg": 12.89,
            "net_income": 144377,
            "revenue": 375112,
            "common_shares": 6612928,
            "book_valuer_per_share": 14.1,
            "book_valuer_per_share_4q_avg": 14.08,
            "equity": 9321754,
            "current_ratio": 137.92,
            "debt_ratio": 24.73,
            "inventory_turnover_ratio": 0.71,
            "account_receivable_turnover_ratio": null,
            "reinvestment_rate": null,
            "research_to_sale_ratio": null,
            "price_fair": 21,
            "eps_avg_yearly": 0.6,
            "eps_latest_yearly": 0.88,
            "eps_growth_yearly": 350
        },
        "20023": {
            "year_quarter": 20023,
            "year": 2002,
            "quarter": 3,
            "eps": 0.26,
            "eps_growth_year": 2500,
            "eps_4q": 0.64,
            "eps_4q_growth_year": 1491.9,
            "roe": 1.79,
            "roe_4q": 4.43,
            "gross_profit": 61334,
            "gross_margin": 14.64,
            "gross_margin_4q_avg": 13.82,
            "net_income": 168307,
            "revenue": 418964,
            "common_shares": 6612928,
            "book_valuer_per_share": 14.35,
            "book_valuer_per_share_4q_avg": 14.16,
            "equity": 9488957,
            "current_ratio": 134.55,
            "debt_ratio": 22.66,
            "inventory_turnover_ratio": 0.78,
            "account_receivable_turnover_ratio": null,
            "reinvestment_rate": null,
            "research_to_sale_ratio": null,
            "price_fair": 26.13,
            "eps_avg_yearly": 0.75,
            "eps_latest_yearly": 1.04,
            "eps_growth_yearly": 257.58
        },
        "20024": {
            "year_quarter": 20024,
            "year": 2002,
            "quarter": 4,
            "eps": -0.12,
            "eps_growth_year": -250,
            "eps_4q": 0.44,
            "eps_4q_growth_year": 69.64,
            "roe": -0.81,
            "roe_4q": 3.0700000000000003,
            "gross_profit": 99712,
            "gross_margin": 21.07,
            "gross_margin_4q_avg": 15.09,
            "net_income": -76539,
            "revenue": 473149,
            "common_shares": 6612928,
            "book_valuer_per_share": 14.21,
            "book_valuer_per_share_4q_avg": 14.2,
            "equity": 9395376,
            "current_ratio": 115.27,
            "debt_ratio": 24.96,
            "inventory_turnover_ratio": 0.76,
            "account_receivable_turnover_ratio": null,
            "reinvestment_rate": -75.3,
            "research_to_sale_ratio": null,
            "price_fair": 26.13,
            "eps_avg_yearly": 0.75,
            "eps_latest_yearly": 1.04,
            "eps_growth_yearly": 257.58
        },
        "20031": {
            "year_quarter": 20031,
            "year": 2003,
            "quarter": 1,
            "eps": 0.4,
            "eps_growth_year": 400,
            "eps_4q": 0.76,
            "eps_4q_growth_year": 209.25,
            "roe": 2.74,
            "roe_4q": 5.2700000000000005,
            "gross_profit": 46134,
            "gross_margin": 12.41,
            "gross_margin_4q_avg": 15.33,
            "net_income": 260919,
            "revenue": 371738,
            "common_shares": 6612928,
            "book_valuer_per_share": 14.6,
            "book_valuer_per_share_4q_avg": 14.32,
            "equity": 9657085,
            "current_ratio": 136.18,
            "debt_ratio": 21.24,
            "inventory_turnover_ratio": 0.62,
            "account_receivable_turnover_ratio": null,
            "reinvestment_rate": -30.92,
            "research_to_sale_ratio": null,
            "price_fair": 26.13,
            "eps_avg_yearly": 0.75,
            "eps_latest_yearly": 1.04,
            "eps_growth_yearly": 257.58
        },
        "20032": {
            "year_quarter": 20032,
            "year": 2003,
            "quarter": 2,
            "eps": 0.15,
            "eps_growth_year": -31.82,
            "eps_4q": 0.7,
            "eps_4q_growth_year": 79.4,
            "roe": 1,
            "roe_4q": 4.720000000000001,
            "gross_profit": 40669,
            "gross_margin": 8.8,
            "gross_margin_4q_avg": 14.23,
            "net_income": 96683,
            "revenue": 462018,
            "common_shares": 6612928,
            "book_valuer_per_share": 14.52,
            "book_valuer_per_share_4q_avg": 14.42,
            "equity": 9599180,
            "current_ratio": 138.69,
            "debt_ratio": 22.52,
            "inventory_turnover_ratio": 0.86,
            "account_receivable_turnover_ratio": null,
            "reinvestment_rate": -36.39,
            "research_to_sale_ratio": null,
            "price_fair": 24.85,
            "eps_avg_yearly": 0.71,
            "eps_latest_yearly": 0.6,
            "eps_growth_yearly": 130.68
        },
        "20033": {
            "year_quarter": 20033,
            "year": 2003,
            "quarter": 3,
            "eps": 0.24,
            "eps_growth_year": -7.69,
            "eps_4q": 0.68,
            "eps_4q_growth_year": 6.12,
            "roe": 1.59,
            "roe_4q": 4.52,
            "gross_profit": 71521,
            "gross_margin": 13.42,
            "gross_margin_4q_avg": 13.93,
            "net_income": 153737,
            "revenue": 533130,
            "common_shares": 6612928,
            "book_valuer_per_share": 14.67,
            "book_valuer_per_share_4q_avg": 14.5,
            "equity": 9698975,
            "current_ratio": 142.52,
            "debt_ratio": 22.21,
            "inventory_turnover_ratio": 0.95,
            "account_receivable_turnover_ratio": null,
            "reinvestment_rate": -32.72,
            "research_to_sale_ratio": null,
            "price_fair": 26.6,
            "eps_avg_yearly": 0.76,
            "eps_latest_yearly": 0.96,
            "eps_growth_yearly": 152.55
        },
        "20034": {
            "year_quarter": 20034,
            "year": 2003,
            "quarter": 4,
            "eps": 0.19,
            "eps_growth_year": null,
            "eps_4q": 0.96,
            "eps_4q_growth_year": 118.48,
            "roe": 1.29,
            "roe_4q": 6.62,
            "gross_profit": 79628,
            "gross_margin": 16.43,
            "gross_margin_4q_avg": 12.77,
            "net_income": 125959,
            "revenue": 484578,
            "common_shares": 6612928,
            "book_valuer_per_share": 14.79,
            "book_valuer_per_share_4q_avg": 14.65,
            "equity": 9783052,
            "current_ratio": 142.68,
            "debt_ratio": 23.98,
            "inventory_turnover_ratio": 0.8,
            "account_receivable_turnover_ratio": null,
            "reinvestment_rate": 6.78,
            "research_to_sale_ratio": null,
            "price_fair": 26.6,
            "eps_avg_yearly": 0.76,
            "eps_latest_yearly": 0.76,
            "eps_growth_yearly": 113.23
        },
        "20041": {
            "year_quarter": 20041,
            "year": 2004,
            "quarter": 1,
            "eps": 0.2,
            "eps_growth_year": -50,
            "eps_4q": 0.78,
            "eps_4q_growth_year": 2.02,
            "roe": 1.33,
            "roe_4q": 5.21,
            "gross_profit": 74145,
            "gross_margin": 17.23,
            "gross_margin_4q_avg": 13.97,
            "net_income": 130368,
            "revenue": 430260,
            "common_shares": 6612928,
            "book_valuer_per_share": 14.94,
            "book_valuer_per_share_4q_avg": 14.73,
            "equity": 9879794,
            "current_ratio": 173.15,
            "debt_ratio": 23.22,
            "inventory_turnover_ratio": 0.69,
            "account_receivable_turnover_ratio": null,
            "reinvestment_rate": -30.88,
            "research_to_sale_ratio": null,
            "price_fair": 26.8,
            "eps_avg_yearly": 0.77,
            "eps_latest_yearly": 0.8,
            "eps_growth_yearly": 100.06
        },
        "20042": {
            "year_quarter": 20042,
            "year": 2004,
            "quarter": 2,
            "eps": 0.39,
            "eps_growth_year": 160,
            "eps_4q": 1.02,
            "eps_4q_growth_year": 46.59,
            "roe": 2.57,
            "roe_4q": 6.779999999999999,
            "gross_profit": 58699,
            "gross_margin": 15.34,
            "gross_margin_4q_avg": 15.61,
            "net_income": 253059,
            "revenue": 382575,
            "common_shares": 6612928,
            "book_valuer_per_share": 14.8,
            "book_valuer_per_share_4q_avg": 14.8,
            "equity": 9785023,
            "current_ratio": 121.55,
            "debt_ratio": 25.29,
            "inventory_turnover_ratio": 0.54,
            "account_receivable_turnover_ratio": null,
            "reinvestment_rate": -35.86,
            "research_to_sale_ratio": null,
            "price_fair": 30.28,
            "eps_avg_yearly": 0.87,
            "eps_latest_yearly": 1.56,
            "eps_growth_yearly": 135.06
        },
        "20043": {
            "year_quarter": 20043,
            "year": 2004,
            "quarter": 3,
            "eps": 0.74,
            "eps_growth_year": 208.33,
            "eps_4q": 1.53,
            "eps_4q_growth_year": 125.65,
            "roe": 4.75,
            "roe_4q": 9.940000000000001,
            "gross_profit": 50957,
            "gross_margin": 9.68,
            "gross_margin_4q_avg": 14.67,
            "net_income": 476145,
            "revenue": 526630,
            "common_shares": 6612928,
            "book_valuer_per_share": 15.55,
            "book_valuer_per_share_4q_avg": 15.02,
            "equity": 10282396,
            "current_ratio": 147.05,
            "debt_ratio": 21.87,
            "inventory_turnover_ratio": 0.69,
            "account_receivable_turnover_ratio": null,
            "reinvestment_rate": -25.42,
            "research_to_sale_ratio": null,
            "price_fair": 38.42,
            "eps_avg_yearly": 1.1,
            "eps_latest_yearly": 2.96,
            "eps_growth_yearly": 159.94
        },
        "20044": {
            "year_quarter": 20044,
            "year": 2004,
            "quarter": 4,
            "eps": -0.25,
            "eps_growth_year": -231.58,
            "eps_4q": 1.08,
            "eps_4q_growth_year": 12.35,
            "roe": -1.59,
            "roe_4q": 7.0600000000000005,
            "gross_profit": 72803,
            "gross_margin": 12.83,
            "gross_margin_4q_avg": 13.77,
            "net_income": -160087,
            "revenue": 567333,
            "common_shares": 6629743,
            "book_valuer_per_share": 14.89,
            "book_valuer_per_share_4q_avg": 15.05,
            "equity": 9869613,
            "current_ratio": 159.99,
            "debt_ratio": 21.84,
            "inventory_turnover_ratio": 0.7,
            "account_receivable_turnover_ratio": null,
            "reinvestment_rate": -13.14,
            "research_to_sale_ratio": null,
            "price_fair": 38.42,
            "eps_avg_yearly": 1.1,
            "eps_latest_yearly": 2.96,
            "eps_growth_yearly": 159.94
        },
        "20051": {
            "year_quarter": 20051,
            "year": 2005,
            "quarter": 1,
            "eps": 0.22,
            "eps_growth_year": 10,
            "eps_4q": 1.11,
            "eps_4q_growth_year": 42.25,
            "roe": 1.42,
            "roe_4q": 7.15,
            "gross_profit": 79439,
            "gross_margin": 17.24,
            "gross_margin_4q_avg": 13.77,
            "net_income": 141332,
            "revenue": 460742,
            "common_shares": 6650653,
            "book_valuer_per_share": 15.14,
            "book_valuer_per_share_4q_avg": 15.1,
            "equity": 10067681,
            "current_ratio": 140.26,
            "debt_ratio": 20.3,
            "inventory_turnover_ratio": 0.55,
            "account_receivable_turnover_ratio": null,
            "reinvestment_rate": -42.15,
            "research_to_sale_ratio": null,
            "price_fair": 38.42,
            "eps_avg_yearly": 1.1,
            "eps_latest_yearly": 2.96,
            "eps_growth_yearly": 159.94
        },
        "20052": {
            "year_quarter": 20052,
            "year": 2005,
            "quarter": 2,
            "eps": 0.46,
            "eps_growth_year": 17.95,
            "eps_4q": 1.17,
            "eps_4q_growth_year": 14.06,
            "roe": 2.98,
            "roe_4q": 7.5600000000000005,
            "gross_profit": 65605,
            "gross_margin": 11.84,
            "gross_margin_4q_avg": 12.9,
            "net_income": 298169,
            "revenue": 554110,
            "common_shares": 6655203,
            "book_valuer_per_share": 14.93,
            "book_valuer_per_share_4q_avg": 15.13,
            "equity": 9935880,
            "current_ratio": 147.23,
            "debt_ratio": 20.49,
            "inventory_turnover_ratio": 0.74,
            "account_receivable_turnover_ratio": null,
            "reinvestment_rate": -35.52,
            "research_to_sale_ratio": null,
            "price_fair": 41.02,
            "eps_avg_yearly": 1.17,
            "eps_latest_yearly": 1.84,
            "eps_growth_yearly": 187.58
        },
        "20053": {
            "year_quarter": 20053,
            "year": 2005,
            "quarter": 3,
            "eps": 0.26,
            "eps_growth_year": -64.86,
            "eps_4q": 0.69,
            "eps_4q_growth_year": -55.04,
            "roe": 1.68,
            "roe_4q": 4.49,
            "gross_profit": 83700,
            "gross_margin": 13.39,
            "gross_margin_4q_avg": 13.83,
            "net_income": 169503,
            "revenue": 625233,
            "common_shares": 6641383,
            "book_valuer_per_share": 15.4,
            "book_valuer_per_share_4q_avg": 15.09,
            "equity": 10230362,
            "current_ratio": 160.45,
            "debt_ratio": 19.29,
            "inventory_turnover_ratio": 0.87,
            "account_receivable_turnover_ratio": null,
            "reinvestment_rate": -29.56,
            "research_to_sale_ratio": null,
            "price_fair": 40.6,
            "eps_avg_yearly": 1.16,
            "eps_latest_yearly": 1.04,
            "eps_growth_yearly": 154.72
        },
        "20054": {
            "year_quarter": 20054,
            "year": 2005,
            "quarter": 4,
            "eps": 0.47,
            "eps_growth_year": null,
            "eps_4q": 1.38,
            "eps_4q_growth_year": 27.96,
            "roe": 2.88,
            "roe_4q": 8.959999999999999,
            "gross_profit": 95042,
            "gross_margin": 14.67,
            "gross_margin_4q_avg": 14.29,
            "net_income": 313844,
            "revenue": 647839,
            "common_shares": 6647663,
            "book_valuer_per_share": 15.92,
            "book_valuer_per_share_4q_avg": 15.35,
            "equity": 11550428,
            "current_ratio": 130.83,
            "debt_ratio": 22.84,
            "inventory_turnover_ratio": 0.74,
            "account_receivable_turnover_ratio": null,
            "reinvestment_rate": 40.49,
            "research_to_sale_ratio": null,
            "price_fair": 42.7,
            "eps_avg_yearly": 1.22,
            "eps_latest_yearly": 1.88,
            "eps_growth_yearly": 168.75
        },
        "20061": {
            "year_quarter": 20061,
            "year": 2006,
            "quarter": 1,
            "eps": 0.22,
            "eps_growth_year": 0,
            "eps_4q": 1.37,
            "eps_4q_growth_year": 23.83,
            "roe": 1.21,
            "roe_4q": 8.75,
            "gross_profit": 66135,
            "gross_margin": 10.66,
            "gross_margin_4q_avg": 12.64,
            "net_income": 149580,
            "revenue": 620466,
            "common_shares": 6654770,
            "book_valuer_per_share": 19.9,
            "book_valuer_per_share_4q_avg": 16.54,
            "equity": 13244411,
            "current_ratio": 203.79,
            "debt_ratio": 13.55,
            "inventory_turnover_ratio": 0.8,
            "account_receivable_turnover_ratio": null,
            "reinvestment_rate": -21.12,
            "research_to_sale_ratio": null,
            "price_fair": 44.33,
            "eps_avg_yearly": 1.27,
            "eps_latest_yearly": 0.88,
            "eps_growth_yearly": 151.02
        },
        "20062": {
            "year_quarter": 20062,
            "year": 2006,
            "quarter": 2,
            "eps": 0.56,
            "eps_growth_year": 21.74,
            "eps_4q": 1.51,
            "eps_4q_growth_year": 29.41,
            "roe": 2.91,
            "roe_4q": 8.68,
            "gross_profit": 60090,
            "gross_margin": 11.99,
            "gross_margin_4q_avg": 12.68,
            "net_income": 373700,
            "revenue": 501062,
            "common_shares": 6656622,
            "book_valuer_per_share": 18.69,
            "book_valuer_per_share_4q_avg": 17.48,
            "equity": 12438639,
            "current_ratio": 144.35,
            "debt_ratio": 15.05,
            "inventory_turnover_ratio": 0.9,
            "account_receivable_turnover_ratio": null,
            "reinvestment_rate": -16.23,
            "research_to_sale_ratio": null,
            "price_fair": 48.3,
            "eps_avg_yearly": 1.38,
            "eps_latest_yearly": 2.24,
            "eps_growth_yearly": 144.2
        },
        "20063": {
            "year_quarter": 20063,
            "year": 2006,
            "quarter": 3,
            "eps": 0.38,
            "eps_growth_year": 46.15,
            "eps_4q": 1.63,
            "eps_4q_growth_year": 136.28,
            "roe": 1.98,
            "roe_4q": 8.98,
            "gross_profit": 43045,
            "gross_margin": 8.11,
            "gross_margin_4q_avg": 11.36,
            "net_income": 255103,
            "revenue": 530696,
            "common_shares": 6789269,
            "book_valuer_per_share": 19.58,
            "book_valuer_per_share_4q_avg": 18.52,
            "equity": 13294841,
            "current_ratio": 139.9,
            "debt_ratio": 14.17,
            "inventory_turnover_ratio": 0.92,
            "account_receivable_turnover_ratio": null,
            "reinvestment_rate": -11.48,
            "research_to_sale_ratio": null,
            "price_fair": 49.7,
            "eps_avg_yearly": 1.42,
            "eps_latest_yearly": 1.52,
            "eps_growth_yearly": 127.42
        },
        "20064": {
            "year_quarter": 20064,
            "year": 2006,
            "quarter": 4,
            "eps": 0.62,
            "eps_growth_year": 31.91,
            "eps_4q": 1.76,
            "eps_4q_growth_year": 27.49,
            "roe": 2.94,
            "roe_4q": 9.04,
            "gross_profit": 64422,
            "gross_margin": 11.27,
            "gross_margin_4q_avg": 10.51,
            "net_income": 422600,
            "revenue": 571740,
            "common_shares": 6795764,
            "book_valuer_per_share": 21.27,
            "book_valuer_per_share_4q_avg": 19.86,
            "equity": 15427574,
            "current_ratio": 148.85,
            "debt_ratio": 18.96,
            "inventory_turnover_ratio": 0.69,
            "account_receivable_turnover_ratio": null,
            "reinvestment_rate": 52.88,
            "research_to_sale_ratio": null,
            "price_fair": 52.55,
            "eps_avg_yearly": 1.5,
            "eps_latest_yearly": 2.48,
            "eps_growth_yearly": 137.05
        },
        "20071": {
            "year_quarter": 20071,
            "year": 2007,
            "quarter": 1,
            "eps": 0.13,
            "eps_growth_year": -40.91,
            "eps_4q": 1.66,
            "eps_4q_growth_year": 21.42,
            "roe": 0.6,
            "roe_4q": 8.43,
            "gross_profit": 73817,
            "gross_margin": 11.82,
            "gross_margin_4q_avg": 10.8,
            "net_income": 89173,
            "revenue": 624279,
            "common_shares": 6805078,
            "book_valuer_per_share": 21.15,
            "book_valuer_per_share_4q_avg": 20.17,
            "equity": 14395948,
            "current_ratio": 190.94,
            "debt_ratio": 13.5,
            "inventory_turnover_ratio": 0.78,
            "account_receivable_turnover_ratio": null,
            "reinvestment_rate": 6.71,
            "research_to_sale_ratio": null,
            "price_fair": 50.1,
            "eps_avg_yearly": 1.43,
            "eps_latest_yearly": 0.52,
            "eps_growth_yearly": 104.68
        },
        "20072": {
            "year_quarter": 20072,
            "year": 2007,
            "quarter": 2,
            "eps": 0.91,
            "eps_growth_year": 62.5,
            "eps_4q": 2,
            "eps_4q_growth_year": 32.48,
            "roe": 4.32,
            "roe_4q": 9.84,
            "gross_profit": 70914,
            "gross_margin": 9.22,
            "gross_margin_4q_avg": 10.11,
            "net_income": 641150,
            "revenue": 769032,
            "common_shares": 6808895,
            "book_valuer_per_share": 22.48,
            "book_valuer_per_share_4q_avg": 21.12,
            "equity": 15306572,
            "current_ratio": 123.95,
            "debt_ratio": 14.39,
            "inventory_turnover_ratio": 1.33,
            "account_receivable_turnover_ratio": null,
            "reinvestment_rate": 8.87,
            "research_to_sale_ratio": null,
            "price_fair": 57.7,
            "eps_avg_yearly": 1.65,
            "eps_latest_yearly": 3.64,
            "eps_growth_yearly": 293.97
        },
        "20073": {
            "year_quarter": 20073,
            "year": 2007,
            "quarter": 3,
            "eps": 0.34,
            "eps_growth_year": -10.53,
            "eps_4q": 1.95,
            "eps_4q_growth_year": 19.74,
            "roe": 1.52,
            "roe_4q": 9.379999999999999,
            "gross_profit": 114568,
            "gross_margin": 15.31,
            "gross_margin_4q_avg": 11.91,
            "net_income": 243752,
            "revenue": 748389,
            "common_shares": 7090622,
            "book_valuer_per_share": 23.53,
            "book_valuer_per_share_4q_avg": 22.11,
            "equity": 16682226,
            "current_ratio": 224.92,
            "debt_ratio": 11.58,
            "inventory_turnover_ratio": 1.12,
            "account_receivable_turnover_ratio": null,
            "reinvestment_rate": 12.65,
            "research_to_sale_ratio": null,
            "price_fair": 58.7,
            "eps_avg_yearly": 1.68,
            "eps_latest_yearly": 1.36,
            "eps_growth_yearly": 258.93
        },
        "20074": {
            "year_quarter": 20074,
            "year": 2007,
            "quarter": 4,
            "eps": 0.72,
            "eps_growth_year": 16.13,
            "eps_4q": 2.1,
            "eps_4q_growth_year": 19.21,
            "roe": 3.04,
            "roe_4q": 9.48,
            "gross_profit": 195502,
            "gross_margin": 21.49,
            "gross_margin_4q_avg": 14.46,
            "net_income": 508068,
            "revenue": 909697,
            "common_shares": 7091452,
            "book_valuer_per_share": 22.4,
            "book_valuer_per_share_4q_avg": 22.39,
            "equity": 16788246,
            "current_ratio": 146.5,
            "debt_ratio": 19.36,
            "inventory_turnover_ratio": 0.8,
            "account_receivable_turnover_ratio": null,
            "reinvestment_rate": 61.85,
            "research_to_sale_ratio": null,
            "price_fair": 64,
            "eps_avg_yearly": 1.83,
            "eps_latest_yearly": 2.88,
            "eps_growth_yearly": 296.82
        },
        "20081": {
            "year_quarter": 20081,
            "year": 2008,
            "quarter": 1,
            "eps": 0.2,
            "eps_growth_year": 53.85,
            "eps_4q": 2.69,
            "eps_4q_growth_year": 61.82,
            "roe": 0.68,
            "roe_4q": 9.56,
            "gross_profit": 119617,
            "gross_margin": 7.76,
            "gross_margin_4q_avg": 13.45,
            "net_income": 114380,
            "revenue": 1541541,
            "common_shares": 7476925,
            "book_valuer_per_share": 21.72,
            "book_valuer_per_share_4q_avg": 22.53,
            "equity": 17091496,
            "current_ratio": 132.66,
            "debt_ratio": 19.53,
            "inventory_turnover_ratio": 1.34,
            "account_receivable_turnover_ratio": null,
            "reinvestment_rate": 81.51,
            "research_to_sale_ratio": null,
            "price_fair": 64,
            "eps_avg_yearly": 1.83,
            "eps_latest_yearly": 0.8,
            "eps_growth_yearly": 274.68
        },
        "20082": {
            "year_quarter": 20082,
            "year": 2008,
            "quarter": 2,
            "eps": 0.49,
            "eps_growth_year": -46.15,
            "eps_4q": 1.81,
            "eps_4q_growth_year": -9.56,
            "roe": 2.08,
            "roe_4q": 7.32,
            "gross_profit": 95727,
            "gross_margin": 6.21,
            "gross_margin_4q_avg": 12.69,
            "net_income": 345922,
            "revenue": 1542119,
            "common_shares": 7479830,
            "book_valuer_per_share": 20.57,
            "book_valuer_per_share_4q_avg": 22.06,
            "equity": 16214468,
            "current_ratio": 131.73,
            "debt_ratio": 25.41,
            "inventory_turnover_ratio": 1.2,
            "account_receivable_turnover_ratio": null,
            "reinvestment_rate": 86.92,
            "research_to_sale_ratio": null,
            "price_fair": 65,
            "eps_avg_yearly": 1.86,
            "eps_latest_yearly": 1.96,
            "eps_growth_yearly": 288.96
        },
        "20083": {
            "year_quarter": 20083,
            "year": 2008,
            "quarter": 3,
            "eps": 0.21,
            "eps_growth_year": -38.24,
            "eps_4q": 1.74,
            "eps_4q_growth_year": -10.83,
            "roe": 0.91,
            "roe_4q": 6.710000000000001,
            "gross_profit": 10338,
            "gross_margin": 0.65,
            "gross_margin_4q_avg": 9.03,
            "net_income": 144762,
            "revenue": 1587489,
            "common_shares": 7869880,
            "book_valuer_per_share": 18.7,
            "book_valuer_per_share_4q_avg": 20.85,
            "equity": 15574755,
            "current_ratio": 121.78,
            "debt_ratio": 27.68,
            "inventory_turnover_ratio": 1.04,
            "account_receivable_turnover_ratio": null,
            "reinvestment_rate": 101.26,
            "research_to_sale_ratio": null,
            "price_fair": 59.7,
            "eps_avg_yearly": 1.71,
            "eps_latest_yearly": 0.84,
            "eps_growth_yearly": 246.99
        },
        "20084": {
            "year_quarter": 20084,
            "year": 2008,
            "quarter": 4,
            "eps": -0.62,
            "eps_growth_year": -186.11,
            "eps_4q": 0.62,
            "eps_4q_growth_year": -70.7,
            "roe": -3.43,
            "roe_4q": 0.2400000000000001,
            "gross_profit": -91724,
            "gross_margin": -5.79,
            "gross_margin_4q_avg": 2.21,
            "net_income": -519438,
            "revenue": 1584167,
            "common_shares": 7869932,
            "book_valuer_per_share": 17.63,
            "book_valuer_per_share_4q_avg": 19.66,
            "equity": 14720029,
            "current_ratio": 141.07,
            "debt_ratio": 26.7,
            "inventory_turnover_ratio": 1.33,
            "account_receivable_turnover_ratio": 2.72,
            "reinvestment_rate": 110.18,
            "research_to_sale_ratio": null,
            "price_fair": 59.7,
            "eps_avg_yearly": 1.71,
            "eps_latest_yearly": 0.84,
            "eps_growth_yearly": 246.99
        },
        "20091": {
            "year_quarter": 20091,
            "year": 2009,
            "quarter": 1,
            "eps": 0.04,
            "eps_growth_year": -80,
            "eps_4q": 1.69,
            "eps_4q_growth_year": -37.2,
            "roe": -0.01,
            "roe_4q": -0.44999999999999973,
            "gross_profit": 41185,
            "gross_margin": 3.55,
            "gross_margin_4q_avg": 1.16,
            "net_income": -2098,
            "revenue": 1160246,
            "common_shares": 7869932,
            "book_valuer_per_share": 18.13,
            "book_valuer_per_share_4q_avg": 18.76,
            "equity": 15110043,
            "current_ratio": 148.24,
            "debt_ratio": 25.51,
            "inventory_turnover_ratio": 1.25,
            "account_receivable_turnover_ratio": 1.14,
            "reinvestment_rate": 136.03,
            "research_to_sale_ratio": null,
            "price_fair": 59.7,
            "eps_avg_yearly": 1.71,
            "eps_latest_yearly": 0.84,
            "eps_growth_yearly": 246.99
        },
        "20092": {
            "year_quarter": 20092,
            "year": 2009,
            "quarter": 2,
            "eps": 0.51,
            "eps_growth_year": 4.08,
            "eps_4q": 0.14,
            "eps_4q_growth_year": -92,
            "roe": 2.64,
            "roe_4q": 0.11000000000000021,
            "gross_profit": 142565,
            "gross_margin": 10.43,
            "gross_margin_4q_avg": 2.21,
            "net_income": 403917,
            "revenue": 1366432,
            "common_shares": 7869932,
            "book_valuer_per_share": 18.67,
            "book_valuer_per_share_4q_avg": 18.28,
            "equity": 15507573,
            "current_ratio": 147.97,
            "debt_ratio": 25.78,
            "inventory_turnover_ratio": 1.43,
            "account_receivable_turnover_ratio": 1.47,
            "reinvestment_rate": 125.85,
            "research_to_sale_ratio": null,
            "price_fair": 60.2,
            "eps_avg_yearly": 1.72,
            "eps_latest_yearly": 2.04,
            "eps_growth_yearly": 551.54
        },
        "20093": {
            "year_quarter": 20093,
            "year": 2009,
            "quarter": 3,
            "eps": 0.29,
            "eps_growth_year": 38.1,
            "eps_4q": 0.24,
            "eps_4q_growth_year": -86.37,
            "roe": 1.41,
            "roe_4q": 0.6099999999999999,
            "gross_profit": 161663,
            "gross_margin": 11.63,
            "gross_margin_4q_avg": 4.96,
            "net_income": 222130,
            "revenue": 1390142,
            "common_shares": 8144742,
            "book_valuer_per_share": 18.79,
            "book_valuer_per_share_4q_avg": 18.31,
            "equity": 16089714,
            "current_ratio": 152.23,
            "debt_ratio": 24.01,
            "inventory_turnover_ratio": 1.33,
            "account_receivable_turnover_ratio": 1.41,
            "reinvestment_rate": 120.68,
            "research_to_sale_ratio": null,
            "price_fair": 60.5,
            "eps_avg_yearly": 1.73,
            "eps_latest_yearly": 1.16,
            "eps_growth_yearly": 551.64
        },
        "20094": {
            "year_quarter": 20094,
            "year": 2009,
            "quarter": 4,
            "eps": 0.78,
            "eps_growth_year": null,
            "eps_4q": 1.6,
            "eps_4q_growth_year": 160,
            "roe": 3.75,
            "roe_4q": 7.790000000000001,
            "gross_profit": 175647,
            "gross_margin": 12.01,
            "gross_margin_4q_avg": 9.41,
            "net_income": 623449,
            "revenue": 1461948,
            "common_shares": 8144742,
            "book_valuer_per_share": 20.1,
            "book_valuer_per_share_4q_avg": 18.92,
            "equity": 17144837,
            "current_ratio": 154.8,
            "debt_ratio": 22.53,
            "inventory_turnover_ratio": 1.42,
            "account_receivable_turnover_ratio": 2.93,
            "reinvestment_rate": 386.37,
            "research_to_sale_ratio": null,
            "price_fair": 63.6,
            "eps_avg_yearly": 1.82,
            "eps_latest_yearly": 3.12,
            "eps_growth_yearly": 576.84
        },
        "20101": {
            "year_quarter": 20101,
            "year": 2010,
            "quarter": 1,
            "eps": 0.25,
            "eps_growth_year": 525,
            "eps_4q": 1.81,
            "eps_4q_growth_year": 6.94,
            "roe": 1.08,
            "roe_4q": 8.88,
            "gross_profit": 151398,
            "gross_margin": 10.51,
            "gross_margin_4q_avg": 11.15,
            "net_income": 184830,
            "revenue": 1440645,
            "common_shares": 8144792,
            "book_valuer_per_share": 20.13,
            "book_valuer_per_share_4q_avg": 19.42,
            "equity": 17145372,
            "current_ratio": 134.63,
            "debt_ratio": 26.82,
            "inventory_turnover_ratio": 1.56,
            "account_receivable_turnover_ratio": 1.37,
            "reinvestment_rate": 467.37,
            "research_to_sale_ratio": 0.45,
            "price_fair": 63.9,
            "eps_avg_yearly": 1.83,
            "eps_latest_yearly": 1,
            "eps_growth_yearly": 572.62
        },
        "20102": {
            "year_quarter": 20102,
            "year": 2010,
            "quarter": 2,
            "eps": 0.69,
            "eps_growth_year": 34.82,
            "eps_4q": 2,
            "eps_4q_growth_year": 1282.07,
            "roe": 2.57,
            "roe_4q": 8.81,
            "gross_profit": 41723,
            "gross_margin": 3.36,
            "gross_margin_4q_avg": 9.38,
            "net_income": 467309,
            "revenue": 1241355,
            "common_shares": 8144792,
            "book_valuer_per_share": 22.87,
            "book_valuer_per_share_4q_avg": 20.47,
            "equity": 19175139,
            "current_ratio": 120.93,
            "debt_ratio": 27.06,
            "inventory_turnover_ratio": 1.36,
            "account_receivable_turnover_ratio": 1.22,
            "reinvestment_rate": 496.01,
            "research_to_sale_ratio": 0.44,
            "price_fair": 65.2,
            "eps_avg_yearly": 1.86,
            "eps_latest_yearly": 2.76,
            "eps_growth_yearly": 578.75
        },
        "20103": {
            "year_quarter": 20103,
            "year": 2010,
            "quarter": 3,
            "eps": 0.62,
            "eps_growth_year": 114.63,
            "eps_4q": 2.32,
            "eps_4q_growth_year": 881.09,
            "roe": 2.65,
            "roe_4q": 10.05,
            "gross_profit": 151317,
            "gross_margin": 13.7,
            "gross_margin_4q_avg": 9.9,
            "net_income": 515137,
            "revenue": 1104207,
            "common_shares": 8145492,
            "book_valuer_per_share": 23.84,
            "book_valuer_per_share_4q_avg": 21.74,
            "equity": 19693098,
            "current_ratio": 152.17,
            "debt_ratio": 20.68,
            "inventory_turnover_ratio": 1.19,
            "account_receivable_turnover_ratio": 1.31,
            "reinvestment_rate": 461.07,
            "research_to_sale_ratio": 0.54,
            "price_fair": 67.6,
            "eps_avg_yearly": 1.93,
            "eps_latest_yearly": 2.48,
            "eps_growth_yearly": 585.04
        },
        "20104": {
            "year_quarter": 20104,
            "year": 2010,
            "quarter": 4,
            "eps": 0.87,
            "eps_growth_year": 11.55,
            "eps_4q": 2.42,
            "eps_4q_growth_year": 51.07,
            "roe": 3.49,
            "roe_4q": 9.790000000000001,
            "gross_profit": 218731,
            "gross_margin": 29.53,
            "gross_margin_4q_avg": 14.28,
            "net_income": 722883,
            "revenue": 740616,
            "common_shares": 8204415,
            "book_valuer_per_share": 26.34,
            "book_valuer_per_share_4q_avg": 23.3,
            "equity": 21785857,
            "current_ratio": 163.05,
            "debt_ratio": 19.16,
            "inventory_turnover_ratio": 0.69,
            "account_receivable_turnover_ratio": 0.93,
            "reinvestment_rate": 413.75,
            "research_to_sale_ratio": 0.83,
            "price_fair": 70.1,
            "eps_avg_yearly": 2,
            "eps_latest_yearly": 3.48,
            "eps_growth_yearly": 578.51
        },
        "20111": {
            "year_quarter": 20111,
            "year": 2011,
            "quarter": 1,
            "eps": 0.3,
            "eps_growth_year": 20,
            "eps_4q": 2.48,
            "eps_4q_growth_year": 37,
            "roe": 1.14,
            "roe_4q": 9.85,
            "gross_profit": 114331,
            "gross_margin": 9.34,
            "gross_margin_4q_avg": 13.98,
            "net_income": 248558,
            "revenue": 1223651,
            "common_shares": 8214257,
            "book_valuer_per_share": 26.29,
            "book_valuer_per_share_4q_avg": 24.84,
            "equity": 21757494,
            "current_ratio": 170.41,
            "debt_ratio": 19.03,
            "inventory_turnover_ratio": 1.17,
            "account_receivable_turnover_ratio": 1.5,
            "reinvestment_rate": 444.02,
            "research_to_sale_ratio": 0.45,
            "price_fair": 71.8,
            "eps_avg_yearly": 2.05,
            "eps_latest_yearly": 1.2,
            "eps_growth_yearly": 582.37
        },
        "20112": {
            "year_quarter": 20112,
            "year": 2011,
            "quarter": 2,
            "eps": 0.75,
            "eps_growth_year": 8.61,
            "eps_4q": 2.49,
            "eps_4q_growth_year": 24.53,
            "roe": 2.98,
            "roe_4q": 10.26,
            "gross_profit": 139763,
            "gross_margin": 10.34,
            "gross_margin_4q_avg": 15.73,
            "net_income": 632052,
            "revenue": 1351659,
            "common_shares": 8219610,
            "book_valuer_per_share": 24.88,
            "book_valuer_per_share_4q_avg": 25.34,
            "equity": 20607129,
            "current_ratio": 131.17,
            "debt_ratio": 23.32,
            "inventory_turnover_ratio": 1.05,
            "account_receivable_turnover_ratio": 1.61,
            "reinvestment_rate": 418.81,
            "research_to_sale_ratio": 0.46,
            "price_fair": 70.2,
            "eps_avg_yearly": 2.01,
            "eps_latest_yearly": 3,
            "eps_growth_yearly": 453.8
        },
        "20113": {
            "year_quarter": 20113,
            "year": 2011,
            "quarter": 3,
            "eps": 0.39,
            "eps_growth_year": -37.97,
            "eps_4q": 2.27,
            "eps_4q_growth_year": -2.31,
            "roe": 1.58,
            "roe_4q": 9.190000000000001,
            "gross_profit": 88230,
            "gross_margin": 6.86,
            "gross_margin_4q_avg": 14.02,
            "net_income": 326727,
            "revenue": 1286302,
            "common_shares": 8468598,
            "book_valuer_per_share": 24.32,
            "book_valuer_per_share_4q_avg": 25.46,
            "equity": 20776609,
            "current_ratio": 127.59,
            "debt_ratio": 19.85,
            "inventory_turnover_ratio": 1.01,
            "account_receivable_turnover_ratio": 1.48,
            "reinvestment_rate": 408.57,
            "research_to_sale_ratio": 0.43,
            "price_fair": 70.7,
            "eps_avg_yearly": 2.02,
            "eps_latest_yearly": 1.56,
            "eps_growth_yearly": 457.98
        },
        "20114": {
            "year_quarter": 20114,
            "year": 2011,
            "quarter": 4,
            "eps": 0.38,
            "eps_growth_year": -56.61,
            "eps_4q": 1.8,
            "eps_4q_growth_year": -25.39,
            "roe": 1.52,
            "roe_4q": 7.22,
            "gross_profit": 120715,
            "gross_margin": 8.23,
            "gross_margin_4q_avg": 8.69,
            "net_income": 318239,
            "revenue": 1465892,
            "common_shares": 8477158,
            "book_valuer_per_share": 24.75,
            "book_valuer_per_share_4q_avg": 25.06,
            "equity": 21134612,
            "current_ratio": 167.67,
            "debt_ratio": 18.57,
            "inventory_turnover_ratio": 1.38,
            "account_receivable_turnover_ratio": 1.62,
            "reinvestment_rate": 375.37,
            "research_to_sale_ratio": 0.31,
            "price_fair": 67.3,
            "eps_avg_yearly": 1.92,
            "eps_latest_yearly": 1.52,
            "eps_growth_yearly": 425.32
        },
        "20121": {
            "year_quarter": 20121,
            "year": 2012,
            "quarter": 1,
            "eps": 0.26,
            "eps_growth_year": -13.33,
            "eps_4q": 1.77,
            "eps_4q_growth_year": -28.64,
            "roe": 1.01,
            "roe_4q": 7.09,
            "gross_profit": 105830,
            "gross_margin": 8.5,
            "gross_margin_4q_avg": 8.48,
            "net_income": 216783,
            "revenue": 1244647,
            "common_shares": 8478123,
            "book_valuer_per_share": 25.28,
            "book_valuer_per_share_4q_avg": 24.81,
            "equity": 21598689,
            "current_ratio": 130.63,
            "debt_ratio": 18.98,
            "inventory_turnover_ratio": 1.3,
            "account_receivable_turnover_ratio": 1.41,
            "reinvestment_rate": 371.56,
            "research_to_sale_ratio": 0.43,
            "price_fair": 67.9,
            "eps_avg_yearly": 1.94,
            "eps_latest_yearly": 1.04,
            "eps_growth_yearly": 436.93
        },
        "20122": {
            "year_quarter": 20122,
            "year": 2012,
            "quarter": 2,
            "eps": 0.74,
            "eps_growth_year": -1.02,
            "eps_4q": 1.76,
            "eps_4q_growth_year": -29.28,
            "roe": 2.92,
            "roe_4q": 7.029999999999999,
            "gross_profit": 142977,
            "gross_margin": 11.44,
            "gross_margin_4q_avg": 8.76,
            "net_income": 622697,
            "revenue": 1249964,
            "common_shares": 8481010,
            "book_valuer_per_share": 24.76,
            "book_valuer_per_share_4q_avg": 24.78,
            "equity": 21108440,
            "current_ratio": 119.97,
            "debt_ratio": 21.56,
            "inventory_turnover_ratio": 1.22,
            "account_receivable_turnover_ratio": 1.53,
            "reinvestment_rate": 339.07,
            "research_to_sale_ratio": 0.5,
            "price_fair": 70.4,
            "eps_avg_yearly": 2.01,
            "eps_latest_yearly": 2.96,
            "eps_growth_yearly": 448.25
        },
        "20123": {
            "year_quarter": 20123,
            "year": 2012,
            "quarter": 3,
            "eps": 0.35,
            "eps_growth_year": -10.17,
            "eps_4q": 1.72,
            "eps_4q_growth_year": -24.21,
            "roe": 1.36,
            "roe_4q": 6.8100000000000005,
            "gross_profit": 151669,
            "gross_margin": 11.72,
            "gross_margin_4q_avg": 9.97,
            "net_income": 288405,
            "revenue": 1293759,
            "common_shares": 8483528,
            "book_valuer_per_share": 25.13,
            "book_valuer_per_share_4q_avg": 24.98,
            "equity": 21425728,
            "current_ratio": 131.51,
            "debt_ratio": 18.79,
            "inventory_turnover_ratio": 1.24,
            "account_receivable_turnover_ratio": 1.5,
            "reinvestment_rate": 329.03,
            "research_to_sale_ratio": 0.43,
            "price_fair": 71.8,
            "eps_avg_yearly": 2.05,
            "eps_latest_yearly": 1.4,
            "eps_growth_yearly": 449.52
        },
        "20124": {
            "year_quarter": 20124,
            "year": 2012,
            "quarter": 4,
            "eps": 0.51,
            "eps_growth_year": 35.99,
            "eps_4q": 1.85,
            "eps_4q_growth_year": 2.82,
            "roe": 2.07,
            "roe_4q": 7.359999999999999,
            "gross_profit": 192354,
            "gross_margin": 14.4,
            "gross_margin_4q_avg": 11.52,
            "net_income": 427814,
            "revenue": 1335495,
            "common_shares": 8488543,
            "book_valuer_per_share": 23.3,
            "book_valuer_per_share_4q_avg": 24.62,
            "equity": 19895289,
            "current_ratio": 136.31,
            "debt_ratio": 20.15,
            "inventory_turnover_ratio": 1.19,
            "account_receivable_turnover_ratio": 1.51,
            "reinvestment_rate": 252.69,
            "research_to_sale_ratio": 0.44,
            "price_fair": 71.77,
            "eps_avg_yearly": 2.05,
            "eps_latest_yearly": 2.04,
            "eps_growth_yearly": 431.74
        },
        "20131": {
            "year_quarter": 20131,
            "year": 2013,
            "quarter": 1,
            "eps": 0.27,
            "eps_growth_year": 3.85,
            "eps_4q": 1.87,
            "eps_4q_growth_year": 5.9,
            "roe": 1.14,
            "roe_4q": 7.49,
            "gross_profit": 132094,
            "gross_margin": 10.53,
            "gross_margin_4q_avg": 12.02,
            "net_income": 229649,
            "revenue": 1254001,
            "common_shares": 8500698,
            "book_valuer_per_share": 23.86,
            "book_valuer_per_share_4q_avg": 24.26,
            "equity": 20378575,
            "current_ratio": 120.12,
            "debt_ratio": 20.01,
            "inventory_turnover_ratio": 1.19,
            "account_receivable_turnover_ratio": 1.48,
            "reinvestment_rate": 218.15,
            "research_to_sale_ratio": 0.43,
            "price_fair": 69.65,
            "eps_avg_yearly": 1.99,
            "eps_latest_yearly": 1.08,
            "eps_growth_yearly": 392.99
        },
        "20132": {
            "year_quarter": 20132,
            "year": 2013,
            "quarter": 2,
            "eps": 0.39,
            "eps_growth_year": -47.23,
            "eps_4q": 1.52,
            "eps_4q_growth_year": -13.62,
            "roe": 1.69,
            "roe_4q": 6.260000000000001,
            "gross_profit": 128580,
            "gross_margin": 9.68,
            "gross_margin_4q_avg": 11.58,
            "net_income": 328651,
            "revenue": 1328638,
            "common_shares": 8505668,
            "book_valuer_per_share": 21.64,
            "book_valuer_per_share_4q_avg": 23.48,
            "equity": 18540963,
            "current_ratio": 91.97,
            "debt_ratio": 24.63,
            "inventory_turnover_ratio": 1.3,
            "account_receivable_turnover_ratio": 1.53,
            "reinvestment_rate": 199.99,
            "research_to_sale_ratio": 0.42,
            "price_fair": 68.6,
            "eps_avg_yearly": 1.96,
            "eps_latest_yearly": 1.56,
            "eps_growth_yearly": 110.35
        },
        "20133": {
            "year_quarter": 20133,
            "year": 2013,
            "quarter": 3,
            "eps": 0.49,
            "eps_growth_year": 41.29,
            "eps_4q": 1.66,
            "eps_4q_growth_year": -3.46,
            "roe": 2.14,
            "roe_4q": 7.039999999999999,
            "gross_profit": 148598,
            "gross_margin": 11.06,
            "gross_margin_4q_avg": 11.42,
            "net_income": 409823,
            "revenue": 1343924,
            "common_shares": 8527080,
            "book_valuer_per_share": 23.13,
            "book_valuer_per_share_4q_avg": 22.98,
            "equity": 19811970,
            "current_ratio": 82.45,
            "debt_ratio": 20.48,
            "inventory_turnover_ratio": 1.26,
            "account_receivable_turnover_ratio": 1.55,
            "reinvestment_rate": 212.35,
            "research_to_sale_ratio": 0.45,
            "price_fair": 70.35,
            "eps_avg_yearly": 2.01,
            "eps_latest_yearly": 1.96,
            "eps_growth_yearly": 127.55
        },
        "20134": {
            "year_quarter": 20134,
            "year": 2013,
            "quarter": 4,
            "eps": 0.41,
            "eps_growth_year": -19.2,
            "eps_4q": 1.56,
            "eps_4q_growth_year": -15.67,
            "roe": 1.74,
            "roe_4q": 6.71,
            "gross_profit": 200695,
            "gross_margin": 13.96,
            "gross_margin_4q_avg": 11.31,
            "net_income": 354233,
            "revenue": 1437507,
            "common_shares": 8532555,
            "book_valuer_per_share": 24.41,
            "book_valuer_per_share_4q_avg": 23.26,
            "equity": 20907309,
            "current_ratio": 86.87,
            "debt_ratio": 19.27,
            "inventory_turnover_ratio": 1.3,
            "account_receivable_turnover_ratio": 1.71,
            "reinvestment_rate": 28.98,
            "research_to_sale_ratio": 0.43,
            "price_fair": 67.11,
            "eps_avg_yearly": 1.92,
            "eps_latest_yearly": 1.64,
            "eps_growth_yearly": 81.22
        },
        "20141": {
            "year_quarter": 20141,
            "year": 2014,
            "quarter": 1,
            "eps": 0.78,
            "eps_growth_year": 188.89,
            "eps_4q": 2.07,
            "eps_4q_growth_year": 10.68,
            "roe": 3.09,
            "roe_4q": 8.66,
            "gross_profit": 154132,
            "gross_margin": 12.38,
            "gross_margin_4q_avg": 11.77,
            "net_income": 660832,
            "revenue": 1245028,
            "common_shares": 8533330,
            "book_valuer_per_share": 25.46,
            "book_valuer_per_share_4q_avg": 23.66,
            "equity": 21802643,
            "current_ratio": 75.83,
            "debt_ratio": 17.81,
            "inventory_turnover_ratio": 1.1,
            "account_receivable_turnover_ratio": 1.54,
            "reinvestment_rate": 20.8,
            "research_to_sale_ratio": 0.55,
            "price_fair": 71.75,
            "eps_avg_yearly": 2.05,
            "eps_latest_yearly": 3.12,
            "eps_growth_yearly": 120.77
        },
        "20142": {
            "year_quarter": 20142,
            "year": 2014,
            "quarter": 2,
            "eps": 0.54,
            "eps_growth_year": 38.46,
            "eps_4q": 2.22,
            "eps_4q_growth_year": 46.19,
            "roe": 2.11,
            "roe_4q": 9.08,
            "gross_profit": 152288,
            "gross_margin": 11.43,
            "gross_margin_4q_avg": 12.21,
            "net_income": 457100,
            "revenue": 1332916,
            "common_shares": 8536903,
            "book_valuer_per_share": 25.01,
            "book_valuer_per_share_4q_avg": 24.5,
            "equity": 21430033,
            "current_ratio": 84.79,
            "debt_ratio": 21.24,
            "inventory_turnover_ratio": 1,
            "account_receivable_turnover_ratio": 1.68,
            "reinvestment_rate": -18.59,
            "research_to_sale_ratio": 0.5,
            "price_fair": 70.44,
            "eps_avg_yearly": 2.01,
            "eps_latest_yearly": 2.16,
            "eps_growth_yearly": 69.08
        },
        "20143": {
            "year_quarter": 20143,
            "year": 2014,
            "quarter": 3,
            "eps": 0.5,
            "eps_growth_year": 2.04,
            "eps_4q": 2.24,
            "eps_4q_growth_year": 34.86,
            "roe": 1.97,
            "roe_4q": 8.91,
            "gross_profit": 167247,
            "gross_margin": 12.52,
            "gross_margin_4q_avg": 12.57,
            "net_income": 417568,
            "revenue": 1335809,
            "common_shares": 8543500,
            "book_valuer_per_share": 24.45,
            "book_valuer_per_share_4q_avg": 24.83,
            "equity": 20947672,
            "current_ratio": 85.6,
            "debt_ratio": 17.79,
            "inventory_turnover_ratio": 0.94,
            "account_receivable_turnover_ratio": 1.64,
            "reinvestment_rate": -25.38,
            "research_to_sale_ratio": 0.44,
            "price_fair": 69.39,
            "eps_avg_yearly": 1.98,
            "eps_latest_yearly": 2,
            "eps_growth_yearly": 69.76
        },
        "20144": {
            "year_quarter": 20144,
            "year": 2014,
            "quarter": 4,
            "eps": 0.19,
            "eps_growth_year": -55.02,
            "eps_4q": 2.01,
            "eps_4q_growth_year": 28.64,
            "roe": 0.72,
            "roe_4q": 7.89,
            "gross_profit": 197507,
            "gross_margin": 14.22,
            "gross_margin_4q_avg": 12.64,
            "net_income": 152979,
            "revenue": 1388669,
            "common_shares": 8545383,
            "book_valuer_per_share": 25.32,
            "book_valuer_per_share_4q_avg": 25.06,
            "equity": 21683868,
            "current_ratio": 88.56,
            "debt_ratio": 16.34,
            "inventory_turnover_ratio": 1.09,
            "account_receivable_turnover_ratio": 1.66,
            "reinvestment_rate": -52.46,
            "research_to_sale_ratio": 0.44,
            "price_fair": 63.44,
            "eps_avg_yearly": 1.81,
            "eps_latest_yearly": 0.76,
            "eps_growth_yearly": 44.18
        },
        "20151": {
            "year_quarter": 20151,
            "year": 2015,
            "quarter": 1,
            "eps": 0.33,
            "eps_growth_year": -57.69,
            "eps_4q": 1.56,
            "eps_4q_growth_year": -24.64,
            "roe": 1.31,
            "roe_4q": 6.109999999999999,
            "gross_profit": 156104,
            "gross_margin": 12.45,
            "gross_margin_4q_avg": 12.66,
            "net_income": 282478,
            "revenue": 1253789,
            "common_shares": 8545383,
            "book_valuer_per_share": 25.11,
            "book_valuer_per_share_4q_avg": 24.97,
            "equity": 21517538,
            "current_ratio": 106.48,
            "debt_ratio": 16.31,
            "inventory_turnover_ratio": 1.1,
            "account_receivable_turnover_ratio": 1.48,
            "reinvestment_rate": -53.12,
            "research_to_sale_ratio": 0.55,
            "price_fair": 63.7,
            "eps_avg_yearly": 1.82,
            "eps_latest_yearly": 1.32,
            "eps_growth_yearly": 78.98
        },
        "20152": {
            "year_quarter": 20152,
            "year": 2015,
            "quarter": 2,
            "eps": 0.84,
            "eps_growth_year": 55.56,
            "eps_4q": 1.78,
            "eps_4q_growth_year": -19.7,
            "roe": 3.29,
            "roe_4q": 7.289999999999999,
            "gross_profit": 161058,
            "gross_margin": 12.31,
            "gross_margin_4q_avg": 12.88,
            "net_income": 715225,
            "revenue": 1308460,
            "common_shares": 8545383,
            "book_valuer_per_share": 25.63,
            "book_valuer_per_share_4q_avg": 25.13,
            "equity": 21995567,
            "current_ratio": 95.43,
            "debt_ratio": 21.01,
            "inventory_turnover_ratio": 0.92,
            "account_receivable_turnover_ratio": 1.54,
            "reinvestment_rate": -25.6,
            "research_to_sale_ratio": 0.49,
            "price_fair": 64.49,
            "eps_avg_yearly": 1.84,
            "eps_latest_yearly": 3.36,
            "eps_growth_yearly": 80.12
        },
        "20153": {
            "year_quarter": 20153,
            "year": 2015,
            "quarter": 3,
            "eps": 0.37,
            "eps_growth_year": -26,
            "eps_4q": 1.67,
            "eps_4q_growth_year": -25.47,
            "roe": 1.54,
            "roe_4q": 6.86,
            "gross_profit": 212217,
            "gross_margin": 15.54,
            "gross_margin_4q_avg": 13.63,
            "net_income": 323255,
            "revenue": 1365761,
            "common_shares": 8887198,
            "book_valuer_per_share": 22.4,
            "book_valuer_per_share_4q_avg": 24.62,
            "equity": 20001954,
            "current_ratio": 89.04,
            "debt_ratio": 18.23,
            "inventory_turnover_ratio": 0.87,
            "account_receivable_turnover_ratio": 1.5,
            "reinvestment_rate": -58.03,
            "research_to_sale_ratio": 0.5,
            "price_fair": 64.31,
            "eps_avg_yearly": 1.84,
            "eps_latest_yearly": 1.48,
            "eps_growth_yearly": 78.13
        },
        "20154": {
            "year_quarter": 20154,
            "year": 2015,
            "quarter": 4,
            "eps": 0.1,
            "eps_growth_year": -44.31,
            "eps_4q": 1.59,
            "eps_4q_growth_year": -20.79,
            "roe": 0.43,
            "roe_4q": 6.57,
            "gross_profit": 256451,
            "gross_margin": 18.63,
            "gross_margin_4q_avg": 14.73,
            "net_income": 87036,
            "revenue": 1376281,
            "common_shares": 8887198,
            "book_valuer_per_share": 22.7,
            "book_valuer_per_share_4q_avg": 23.96,
            "equity": 20257353,
            "current_ratio": 92.15,
            "debt_ratio": 17.32,
            "inventory_turnover_ratio": 1.02,
            "account_receivable_turnover_ratio": 1.49,
            "reinvestment_rate": -56.75,
            "research_to_sale_ratio": 0.5,
            "price_fair": 61.86,
            "eps_avg_yearly": 1.77,
            "eps_latest_yearly": 0.4,
            "eps_growth_yearly": 60.53
        },
        "20161": {
            "year_quarter": 20161,
            "year": 2016,
            "quarter": 1,
            "eps": 0.38,
            "eps_growth_year": 15.15,
            "eps_4q": 1.66,
            "eps_4q_growth_year": 6.43,
            "roe": 1.66,
            "roe_4q": 6.92,
            "gross_profit": 279532,
            "gross_margin": 21.33,
            "gross_margin_4q_avg": 16.95,
            "net_income": 339308,
            "revenue": 1310566,
            "common_shares": 8887198,
            "book_valuer_per_share": 23.24,
            "book_valuer_per_share_4q_avg": 23.49,
            "equity": 20738107,
            "current_ratio": 81.59,
            "debt_ratio": 17.2,
            "inventory_turnover_ratio": 1.08,
            "account_receivable_turnover_ratio": 1.55,
            "reinvestment_rate": -51.62,
            "research_to_sale_ratio": 0.54,
            "price_fair": 62.91,
            "eps_avg_yearly": 1.8,
            "eps_latest_yearly": 1.52,
            "eps_growth_yearly": 138.42
        },
        "20162": {
            "year_quarter": 20162,
            "year": 2016,
            "quarter": 2,
            "eps": 0.66,
            "eps_growth_year": -21.43,
            "eps_4q": 1.48,
            "eps_4q_growth_year": -16.88,
            "roe": 2.84,
            "roe_4q": 6.47,
            "gross_profit": 285206,
            "gross_margin": 21.42,
            "gross_margin_4q_avg": 19.23,
            "net_income": 583507,
            "revenue": 1331347,
            "common_shares": 8887198,
            "book_valuer_per_share": 22.77,
            "book_valuer_per_share_4q_avg": 22.78,
            "equity": 20319096,
            "current_ratio": 82.31,
            "debt_ratio": 21.98,
            "inventory_turnover_ratio": 1.34,
            "account_receivable_turnover_ratio": 1.67,
            "reinvestment_rate": -50.86,
            "research_to_sale_ratio": 0.69,
            "price_fair": 62.21,
            "eps_avg_yearly": 1.78,
            "eps_latest_yearly": 2.64,
            "eps_growth_yearly": 110.69
        },
        "20163": {
            "year_quarter": 20163,
            "year": 2016,
            "quarter": 3,
            "eps": 0.78,
            "eps_growth_year": 110.81,
            "eps_4q": 1.91,
            "eps_4q_growth_year": 14.33,
            "roe": 3.36,
            "roe_4q": 8.29,
            "gross_profit": 312465,
            "gross_margin": 23.91,
            "gross_margin_4q_avg": 21.32,
            "net_income": 712559,
            "revenue": 1306600,
            "common_shares": 9109378,
            "book_valuer_per_share": 24.11,
            "book_valuer_per_share_4q_avg": 23.21,
            "equity": 22045724,
            "current_ratio": 87.29,
            "debt_ratio": 20.12,
            "inventory_turnover_ratio": 1.31,
            "account_receivable_turnover_ratio": 1.64,
            "reinvestment_rate": -27.47,
            "research_to_sale_ratio": 0.73,
            "price_fair": 65.98,
            "eps_avg_yearly": 1.89,
            "eps_latest_yearly": 3.12,
            "eps_growth_yearly": 128.41
        },
        "20164": {
            "year_quarter": 20164,
            "year": 2016,
            "quarter": 4,
            "eps": 0.56,
            "eps_growth_year": 437.45,
            "eps_4q": 2.37,
            "eps_4q_growth_year": 48.42,
            "roe": 2.29,
            "roe_4q": 10.15,
            "gross_profit": 314825,
            "gross_margin": 24.69,
            "gross_margin_4q_avg": 22.84,
            "net_income": 505984,
            "revenue": 1274916,
            "common_shares": 9109378,
            "book_valuer_per_share": 24.19,
            "book_valuer_per_share_4q_avg": 23.58,
            "equity": 22114560,
            "current_ratio": 74.14,
            "debt_ratio": 15.74,
            "inventory_turnover_ratio": 1.18,
            "account_receivable_turnover_ratio": 1.57,
            "reinvestment_rate": -2.22,
            "research_to_sale_ratio": 0.79,
            "price_fair": 66.41,
            "eps_avg_yearly": 1.9,
            "eps_latest_yearly": 2.24,
            "eps_growth_yearly": 109.93
        },
        "20171": {
            "year_quarter": 20171,
            "year": 2017,
            "quarter": 1,
            "eps": 0.5,
            "eps_growth_year": 31.58,
            "eps_4q": 2.49,
            "eps_4q_growth_year": 50.08,
            "roe": 2.04,
            "roe_4q": 10.53,
            "gross_profit": 261600,
            "gross_margin": 22.71,
            "gross_margin_4q_avg": 23.18,
            "net_income": 456238,
            "revenue": 1152034,
            "common_shares": 9109378,
            "book_valuer_per_share": 24.86,
            "book_valuer_per_share_4q_avg": 23.98,
            "equity": 22719079,
            "current_ratio": 77.63,
            "debt_ratio": 14.94,
            "inventory_turnover_ratio": 1.17,
            "account_receivable_turnover_ratio": 1.52,
            "reinvestment_rate": 32.34,
            "research_to_sale_ratio": 0.71,
            "price_fair": 68.43,
            "eps_avg_yearly": 1.96,
            "eps_latest_yearly": 2,
            "eps_growth_yearly": 119.02
        },
        "20172": {
            "year_quarter": 20172,
            "year": 2017,
            "quarter": 2,
            "eps": 0.68,
            "eps_growth_year": 3.03,
            "eps_4q": 2.4,
            "eps_4q_growth_year": 62.11,
            "roe": 2.66,
            "roe_4q": 10.35,
            "gross_profit": 262662,
            "gross_margin": 21.8,
            "gross_margin_4q_avg": 23.28,
            "net_income": 605659,
            "revenue": 1204852,
            "common_shares": 9109378,
            "book_valuer_per_share": 24.93,
            "book_valuer_per_share_4q_avg": 24.52,
            "equity": 22771482,
            "current_ratio": 83.97,
            "debt_ratio": 19.9,
            "inventory_turnover_ratio": 1.2,
            "account_receivable_turnover_ratio": 1.69,
            "reinvestment_rate": 54.1,
            "research_to_sale_ratio": 0.71,
            "price_fair": 70.96,
            "eps_avg_yearly": 2.03,
            "eps_latest_yearly": 2.72,
            "eps_growth_yearly": 116.91
        },
        "20173": {
            "year_quarter": 20173,
            "year": 2017,
            "quarter": 3,
            "eps": 1.27,
            "eps_growth_year": 62.82,
            "eps_4q": 2.93,
            "eps_4q_growth_year": 53.52,
            "roe": 5.19,
            "roe_4q": 12.18,
            "gross_profit": 253009,
            "gross_margin": 20.64,
            "gross_margin_4q_avg": 22.46,
            "net_income": 1215965,
            "revenue": 1225852,
            "common_shares": 9564847,
            "book_valuer_per_share": 25.08,
            "book_valuer_per_share_4q_avg": 24.77,
            "equity": 24048259,
            "current_ratio": 85.45,
            "debt_ratio": 14.37,
            "inventory_turnover_ratio": 1.18,
            "account_receivable_turnover_ratio": 1.69,
            "reinvestment_rate": 46.62,
            "research_to_sale_ratio": 0.84,
            "price_fair": 77.79,
            "eps_avg_yearly": 2.22,
            "eps_latest_yearly": 5.08,
            "eps_growth_yearly": 132.19
        },
        "20174": {
            "year_quarter": 20174,
            "year": 2017,
            "quarter": 4,
            "eps": 0.71,
            "eps_growth_year": 27.55,
            "eps_4q": 3.11,
            "eps_4q_growth_year": 31.48,
            "roe": 2.76,
            "roe_4q": 12.649999999999999,
            "gross_profit": 247821,
            "gross_margin": 19.63,
            "gross_margin_4q_avg": 21.2,
            "net_income": 681356,
            "revenue": 1262563,
            "common_shares": 9564847,
            "book_valuer_per_share": 26.37,
            "book_valuer_per_share_4q_avg": 25.31,
            "equity": 25285915,
            "current_ratio": 83.11,
            "debt_ratio": 14.73,
            "inventory_turnover_ratio": 1.11,
            "account_receivable_turnover_ratio": 1.66,
            "reinvestment_rate": 48.23,
            "research_to_sale_ratio": 0.52,
            "price_fair": 80.41,
            "eps_avg_yearly": 2.3,
            "eps_latest_yearly": 2.84,
            "eps_growth_yearly": 125.25
        },
        "20181": {
            "year_quarter": 20181,
            "year": 2018,
            "quarter": 1,
            "eps": 0.57,
            "eps_growth_year": 14,
            "eps_4q": 3.2,
            "eps_4q_growth_year": 28.39,
            "roe": 2.11,
            "roe_4q": 12.719999999999999,
            "gross_profit": 203445,
            "gross_margin": 16.62,
            "gross_margin_4q_avg": 19.67,
            "net_income": 545194,
            "revenue": 1224453,
            "common_shares": 9564847,
            "book_valuer_per_share": 27.6,
            "book_valuer_per_share_4q_avg": 26,
            "equity": 26462471,
            "current_ratio": 79.41,
            "debt_ratio": 13.84,
            "inventory_turnover_ratio": 1.09,
            "account_receivable_turnover_ratio": 1.63,
            "reinvestment_rate": -14.34,
            "research_to_sale_ratio": 0.79,
            "price_fair": 78.58,
            "eps_avg_yearly": 2.25,
            "eps_latest_yearly": 2.28,
            "eps_growth_yearly": 97.76
        },
        "20182": {
            "year_quarter": 20182,
            "year": 2018,
            "quarter": 2,
            "eps": 0.67,
            "eps_growth_year": -1.47,
            "eps_4q": 2.94,
            "eps_4q_growth_year": 22.07,
            "roe": 2.47,
            "roe_4q": 12.530000000000001,
            "gross_profit": 205949,
            "gross_margin": 16.3,
            "gross_margin_4q_avg": 18.3,
            "net_income": 644158,
            "revenue": 1263849,
            "common_shares": 9564847,
            "book_valuer_per_share": 26.83,
            "book_valuer_per_share_4q_avg": 26.47,
            "equity": 25723442,
            "current_ratio": 70.78,
            "debt_ratio": 16.97,
            "inventory_turnover_ratio": 1.16,
            "account_receivable_turnover_ratio": 1.69,
            "reinvestment_rate": -11.44,
            "research_to_sale_ratio": 0.87,
            "price_fair": 79.71,
            "eps_avg_yearly": 2.28,
            "eps_latest_yearly": 2.68,
            "eps_growth_yearly": 109.83
        },
        "20183": {
            "year_quarter": 20183,
            "year": 2018,
            "quarter": 3,
            "eps": 0.7,
            "eps_growth_year": -44.88,
            "eps_4q": 2.48,
            "eps_4q_growth_year": -15.25,
            "roe": 2.91,
            "roe_4q": 10.25,
            "gross_profit": 203929,
            "gross_margin": 15.96,
            "gross_margin_4q_avg": 17.13,
            "net_income": 738884,
            "revenue": 1277716,
            "common_shares": 10521332,
            "book_valuer_per_share": 23.8,
            "book_valuer_per_share_4q_avg": 26.15,
            "equity": 25103611,
            "current_ratio": 62.31,
            "debt_ratio": 17.7,
            "inventory_turnover_ratio": 1.09,
            "account_receivable_turnover_ratio": 1.64,
            "reinvestment_rate": -9.07,
            "research_to_sale_ratio": 0.82,
            "price_fair": 81.46,
            "eps_avg_yearly": 2.33,
            "eps_latest_yearly": 2.8,
            "eps_growth_yearly": 112.81
        },
        "20184": {
            "year_quarter": 20184,
            "year": 2018,
            "quarter": 4,
            "eps": 0.52,
            "eps_growth_year": -27.16,
            "eps_4q": 2.35,
            "eps_4q_growth_year": -24.31,
            "roe": 2.19,
            "roe_4q": 9.68,
            "gross_profit": 218734,
            "gross_margin": 16.42,
            "gross_margin_4q_avg": 16.33,
            "net_income": 545204,
            "revenue": 1331800,
            "common_shares": 10521332,
            "book_valuer_per_share": 23.34,
            "book_valuer_per_share_4q_avg": 25.39,
            "equity": 24620602,
            "current_ratio": 57.13,
            "debt_ratio": 18.98,
            "inventory_turnover_ratio": 1.14,
            "account_receivable_turnover_ratio": 1.69,
            "reinvestment_rate": -14.69,
            "research_to_sale_ratio": 0.55,
            "price_fair": 84.35,
            "eps_avg_yearly": 2.41,
            "eps_latest_yearly": 2.08,
            "eps_growth_yearly": 121.88
        },
        "20191": {
            "year_quarter": 20191,
            "year": 2019,
            "quarter": 1,
            "eps": 1,
            "eps_growth_year": 75.44,
            "eps_4q": 2.85,
            "eps_4q_growth_year": -10.97,
            "roe": 3.39,
            "roe_4q": 10.96,
            "gross_profit": 201314,
            "gross_margin": 16.38,
            "gross_margin_4q_avg": 16.27,
            "net_income": 1050155,
            "revenue": 1228699,
            "common_shares": 10521332,
            "book_valuer_per_share": 25.79,
            "book_valuer_per_share_4q_avg": 24.94,
            "equity": 37280892,
            "current_ratio": 92.22,
            "debt_ratio": 18.41,
            "inventory_turnover_ratio": 0.99,
            "account_receivable_turnover_ratio": 1.19,
            "reinvestment_rate": -25.62,
            "research_to_sale_ratio": 0.89,
            "price_fair": 90.21,
            "eps_avg_yearly": 2.58,
            "eps_latest_yearly": 4,
            "eps_growth_yearly": 126.53
        },
        "20192": {
            "year_quarter": 20192,
            "year": 2019,
            "quarter": 2,
            "eps": 0.25,
            "eps_growth_year": -62.69,
            "eps_4q": 2.36,
            "eps_4q_growth_year": -19.55,
            "roe": 0.64,
            "roe_4q": 9.13,
            "gross_profit": 325751,
            "gross_margin": 16.09,
            "gross_margin_4q_avg": 16.21,
            "net_income": 235078,
            "revenue": 2024633,
            "common_shares": 10521332,
            "book_valuer_per_share": 24.67,
            "book_valuer_per_share_4q_avg": 24.4,
            "equity": 36186971,
            "current_ratio": 84.69,
            "debt_ratio": 21.36,
            "inventory_turnover_ratio": 1.45,
            "account_receivable_turnover_ratio": 1.56,
            "reinvestment_rate": -42.94,
            "research_to_sale_ratio": 0.51,
            "price_fair": 85.05,
            "eps_avg_yearly": 2.43,
            "eps_latest_yearly": 1,
            "eps_growth_yearly": 69.15
        },
        "20193": {
            "year_quarter": 20193,
            "year": 2019,
            "quarter": 3,
            "eps": 0.91,
            "eps_growth_year": 30,
            "eps_4q": 2.6,
            "eps_4q_growth_year": 4.76,
            "roe": 3.85,
            "roe_4q": 10.07,
            "gross_profit": 969058,
            "gross_margin": 35.66,
            "gross_margin_4q_avg": 21.14,
            "net_income": 1391827,
            "revenue": 2717445,
            "common_shares": 11047399,
            "book_valuer_per_share": 23.5,
            "book_valuer_per_share_4q_avg": 24.33,
            "equity": 36126083,
            "current_ratio": 91.32,
            "debt_ratio": 22.58,
            "inventory_turnover_ratio": 1.48,
            "account_receivable_turnover_ratio": 2.14,
            "reinvestment_rate": -19.13,
            "research_to_sale_ratio": 0.43,
            "price_fair": 89.78,
            "eps_avg_yearly": 2.57,
            "eps_latest_yearly": 3.64,
            "eps_growth_yearly": 149.14
        },
        "20194": {
            "year_quarter": 20194,
            "year": 2019,
            "quarter": 4,
            "eps": 0.41,
            "eps_growth_year": -20.17,
            "eps_4q": 2.52,
            "eps_4q_growth_year": 6.98,
            "roe": 1.27,
            "roe_4q": 9.15,
            "gross_profit": 373506,
            "gross_margin": 16.24,
            "gross_margin_4q_avg": 21.09,
            "net_income": 469036,
            "revenue": 2300516,
            "common_shares": 11047399,
            "book_valuer_per_share": 24.57,
            "book_valuer_per_share_4q_avg": 24.63,
            "equity": 37630191,
            "current_ratio": 94.72,
            "debt_ratio": 19.15,
            "inventory_turnover_ratio": 1.66,
            "account_receivable_turnover_ratio": 1.75,
            "reinvestment_rate": -20.99,
            "research_to_sale_ratio": 0.37,
            "price_fair": 92.49,
            "eps_avg_yearly": 2.64,
            "eps_latest_yearly": 1.64,
            "eps_growth_yearly": 153.64
        },
        "20201": {
            "year_quarter": 20201,
            "year": 2020,
            "quarter": 1,
            "eps": 0.2,
            "eps_growth_year": -80,
            "eps_4q": 1.76,
            "eps_4q_growth_year": -38.17,
            "roe": 0.59,
            "roe_4q": 6.35,
            "gross_profit": 358160,
            "gross_margin": 17.49,
            "gross_margin_4q_avg": 21.37,
            "net_income": 220306,
            "revenue": 2047538,
            "common_shares": 11047399,
            "book_valuer_per_share": 24.06,
            "book_valuer_per_share_4q_avg": 24.2,
            "equity": 36875518,
            "current_ratio": 88.67,
            "debt_ratio": 19.92,
            "inventory_turnover_ratio": 1.45,
            "account_receivable_turnover_ratio": 1.6,
            "reinvestment_rate": -29.47,
            "research_to_sale_ratio": 0.42,
            "price_fair": 90.91,
            "eps_avg_yearly": 2.6,
            "eps_latest_yearly": 0.8,
            "eps_growth_yearly": 70.84
        },
        "20202": {
            "year_quarter": 20202,
            "year": 2020,
            "quarter": 2,
            "eps": 0.94,
            "eps_growth_year": 276,
            "eps_4q": 2.13,
            "eps_4q_growth_year": -10.01,
            "roe": 3.77,
            "roe_4q": 9.48,
            "gross_profit": 943403,
            "gross_margin": 34.81,
            "gross_margin_4q_avg": 26.05,
            "net_income": 1427855,
            "revenue": 2710365,
            "common_shares": 11047399,
            "book_valuer_per_share": 24.9,
            "book_valuer_per_share_4q_avg": 24.26,
            "equity": 38941860,
            "current_ratio": 89.23,
            "debt_ratio": 23.29,
            "inventory_turnover_ratio": 1.52,
            "account_receivable_turnover_ratio": 2.31,
            "reinvestment_rate": -24.74,
            "research_to_sale_ratio": 0.37,
            "price_fair": 93.36,
            "eps_avg_yearly": 2.67,
            "eps_latest_yearly": 3.76,
            "eps_growth_yearly": 144.92
        },
        "20203": {
            "year_quarter": 20203,
            "year": 2020,
            "quarter": 3,
            "eps": 0.77,
            "eps_growth_year": -15.38,
            "eps_4q": 2.11,
            "eps_4q_growth_year": -18.74,
            "roe": 2.62,
            "roe_4q": 8.25,
            "gross_profit": 442452,
            "gross_margin": 18.96,
            "gross_margin_4q_avg": 21.88,
            "net_income": 1042350,
            "revenue": 2334195,
            "common_shares": 12814983,
            "book_valuer_per_share": 22.74,
            "book_valuer_per_share_4q_avg": 24.07,
            "equity": 40602666,
            "current_ratio": 84.92,
            "debt_ratio": 20.57,
            "inventory_turnover_ratio": 1.64,
            "account_receivable_turnover_ratio": 1.89,
            "reinvestment_rate": -25.97,
            "research_to_sale_ratio": 0.39,
            "price_fair": 93.28,
            "eps_avg_yearly": 2.67,
            "eps_latest_yearly": 3.08,
            "eps_growth_yearly": 135.85
        },
        "20204": {
            "year_quarter": 20204,
            "year": 2020,
            "quarter": 4,
            "eps": 0.67,
            "eps_growth_year": 62.96,
            "eps_4q": 2.43,
            "eps_4q_growth_year": -3.45,
            "roe": 1.9,
            "roe_4q": 8.879999999999999,
            "gross_profit": 292304,
            "gross_margin": 11.92,
            "gross_margin_4q_avg": 20.8,
            "net_income": 808943,
            "revenue": 2452063,
            "common_shares": 12814983,
            "book_valuer_per_share": 24.95,
            "book_valuer_per_share_4q_avg": 24.16,
            "equity": 44450094,
            "current_ratio": 82.2,
            "debt_ratio": 20.61,
            "inventory_turnover_ratio": 1.79,
            "account_receivable_turnover_ratio": 1.78,
            "reinvestment_rate": -12.69,
            "research_to_sale_ratio": 0.49,
            "price_fair": 94.24,
            "eps_avg_yearly": 2.69,
            "eps_latest_yearly": 2.68,
            "eps_growth_yearly": 139.65
        },
        "20211": {
            "year_quarter": 20211,
            "year": 2021,
            "quarter": 1,
            "eps": 0.98,
            "eps_growth_year": 390,
            "eps_4q": 3.24,
            "eps_4q_growth_year": 83.88,
            "roe": 2.91,
            "roe_4q": 11.200000000000001,
            "gross_profit": 493164,
            "gross_margin": 22.16,
            "gross_margin_4q_avg": 21.96,
            "net_income": 1318388,
            "revenue": 2225292,
            "common_shares": 12814983,
            "book_valuer_per_share": 25.28,
            "book_valuer_per_share_4q_avg": 24.47,
            "equity": 46153982,
            "current_ratio": 76.01,
            "debt_ratio": 23.76,
            "inventory_turnover_ratio": 1.32,
            "account_receivable_turnover_ratio": 1.71,
            "reinvestment_rate": -11.91,
            "research_to_sale_ratio": 0.51,
            "price_fair": 98.44,
            "eps_avg_yearly": 2.81,
            "eps_latest_yearly": 3.92,
            "eps_growth_yearly": 153.9
        },
        "20212": {
            "year_quarter": 20212,
            "year": 2021,
            "quarter": 2,
            "eps": 1.18,
            "eps_growth_year": 25.53,
            "eps_4q": 3.61,
            "eps_4q_growth_year": 69.84,
            "roe": 4.41,
            "roe_4q": 11.84,
            "gross_profit": 1239021,
            "gross_margin": 38.32,
            "gross_margin_4q_avg": 22.84,
            "net_income": 2052506,
            "revenue": 3232951,
            "common_shares": 12814983,
            "book_valuer_per_share": 26.06,
            "book_valuer_per_share_4q_avg": 24.76,
            "equity": 47034251,
            "current_ratio": 85.84,
            "debt_ratio": 23.82,
            "inventory_turnover_ratio": 1.49,
            "account_receivable_turnover_ratio": 2.64,
            "reinvestment_rate": -8,
            "research_to_sale_ratio": 0.35,
            "price_fair": 102.81,
            "eps_avg_yearly": 2.94,
            "eps_latest_yearly": 4.72,
            "eps_growth_yearly": 150
        },
        "20213": {
            "year_quarter": 20213,
            "year": 2021,
            "quarter": 3,
            "eps": 0.62,
            "eps_growth_year": -19.48,
            "eps_4q": 3.2,
            "eps_4q_growth_year": 51.55,
            "roe": 1.84,
            "roe_4q": 11.06,
            "gross_profit": 412000,
            "gross_margin": 15.91,
            "gross_margin_4q_avg": 22.08,
            "net_income": 889221,
            "revenue": 2590337,
            "common_shares": 12814983,
            "book_valuer_per_share": 27.74,
            "book_valuer_per_share_4q_avg": 26.01,
            "equity": 49437046,
            "current_ratio": 86.85,
            "debt_ratio": 22.46,
            "inventory_turnover_ratio": 1.45,
            "account_receivable_turnover_ratio": 1.89,
            "reinvestment_rate": -7.12,
            "research_to_sale_ratio": 0.48,
            "price_fair": 97.13,
            "eps_avg_yearly": 2.78,
            "eps_latest_yearly": 2.48,
            "eps_growth_yearly": 116.45
        },
        "20214": {
            "year_quarter": 20214,
            "year": 2021,
            "quarter": 4,
            "eps": 0.33,
            "eps_growth_year": -51.48,
            "eps_4q": 2.92,
            "eps_4q_growth_year": 19.97,
            "roe": 0.91,
            "roe_4q": 10.07,
            "gross_profit": 376902,
            "gross_margin": 11.51,
            "gross_margin_4q_avg": 21.98,
            "net_income": 483990,
            "revenue": 3274234,
            "common_shares": 14096481,
            "book_valuer_per_share": 28.19,
            "book_valuer_per_share_4q_avg": 26.82,
            "equity": 56423056,
            "current_ratio": 86.16,
            "debt_ratio": 21.27,
            "inventory_turnover_ratio": 1.71,
            "account_receivable_turnover_ratio": 1.92,
            "reinvestment_rate": -11.58,
            "research_to_sale_ratio": 0.39,
            "price_fair": 93.8,
            "eps_avg_yearly": 2.68,
            "eps_latest_yearly": 1.32,
            "eps_growth_yearly": 115.78
        },
        "20221": {
            "year_quarter": 20221,
            "year": 2022,
            "quarter": 1,
            "eps": 0.91,
            "eps_growth_year": -7.14,
            "eps_4q": 2.93,
            "eps_4q_growth_year": -9.48,
            "roe": 2.48,
            "roe_4q": 9.64,
            "gross_profit": 469106,
            "gross_margin": 18.05,
            "gross_margin_4q_avg": 20.95,
            "net_income": 1411592,
            "revenue": 2598573,
            "common_shares": 14096481,
            "book_valuer_per_share": 27.83,
            "book_valuer_per_share_4q_avg": 27.46,
            "equity": 57239408,
            "current_ratio": 77.59,
            "debt_ratio": 23.4,
            "inventory_turnover_ratio": 1.24,
            "account_receivable_turnover_ratio": 1.46,
            "reinvestment_rate": 28.8,
            "research_to_sale_ratio": 0.5,
            "price_fair": 96.78,
            "eps_avg_yearly": 2.77,
            "eps_latest_yearly": 3.64,
            "eps_growth_yearly": 164.65
        },
        "20222": {
            "year_quarter": 20222,
            "year": 2022,
            "quarter": 2,
            "eps": 0.95,
            "eps_growth_year": -19.49,
            "eps_4q": 2.68,
            "eps_4q_growth_year": -25.82,
            "roe": 4.03,
            "roe_4q": 9.26,
            "gross_profit": 1658562,
            "gross_margin": 41.44,
            "gross_margin_4q_avg": 21.73,
            "net_income": 2164536,
            "revenue": 4002005,
            "common_shares": 14096481,
            "book_valuer_per_share": 25.17,
            "book_valuer_per_share_4q_avg": 27.23,
            "equity": 50141536,
            "current_ratio": 109.2,
            "debt_ratio": 25.79,
            "inventory_turnover_ratio": 1.34,
            "account_receivable_turnover_ratio": 2.49,
            "reinvestment_rate": 19.85,
            "research_to_sale_ratio": 0.3,
            "price_fair": 99.23,
            "eps_avg_yearly": 2.84,
            "eps_latest_yearly": 3.8,
            "eps_growth_yearly": 161.36
        },
        "20223": {
            "year_quarter": 20223,
            "year": 2022,
            "quarter": 3,
            "eps": 0.44,
            "eps_growth_year": -29.03,
            "eps_4q": 2.53,
            "eps_4q_growth_year": -21.14,
            "roe": 1.29,
            "roe_4q": 8.71,
            "gross_profit": 249087,
            "gross_margin": 9.41,
            "gross_margin_4q_avg": 20.1,
            "net_income": 646921,
            "revenue": 2646138,
            "common_shares": 14801305,
            "book_valuer_per_share": 24.03,
            "book_valuer_per_share_4q_avg": 26.31,
            "equity": 50089293,
            "current_ratio": 104.01,
            "debt_ratio": 24.88,
            "inventory_turnover_ratio": 1.25,
            "account_receivable_turnover_ratio": 1.54,
            "reinvestment_rate": 26.72,
            "research_to_sale_ratio": 0.44,
            "price_fair": 96.95,
            "eps_avg_yearly": 2.77,
            "eps_latest_yearly": 1.76,
            "eps_growth_yearly": 146.82
        },
        "20224": {
            "year_quarter": 20224,
            "year": 2022,
            "quarter": 4,
            "eps": 0.41,
            "eps_growth_year": 25.86,
            "eps_4q": 2.63,
            "eps_4q_growth_year": -9.95,
            "roe": 1.19,
            "roe_4q": 8.99,
            "gross_profit": 315328,
            "gross_margin": 10.24,
            "gross_margin_4q_avg": 19.79,
            "net_income": 616163,
            "revenue": 3079649,
            "common_shares": 14801305,
            "book_valuer_per_share": 25.32,
            "book_valuer_per_share_4q_avg": 25.59,
            "equity": 53432123,
            "current_ratio": 106.5,
            "debt_ratio": 23.57,
            "inventory_turnover_ratio": 1.46,
            "account_receivable_turnover_ratio": 1.63,
            "reinvestment_rate": 28.2,
            "research_to_sale_ratio": 0.36,
            "price_fair": 95.99,
            "eps_avg_yearly": 2.74,
            "eps_latest_yearly": 1.64,
            "eps_growth_yearly": 151.54
        },
        "20231": {
            "year_quarter": 20231,
            "year": 2023,
            "quarter": 1,
            "eps": 0.74,
            "eps_growth_year": -18.68,
            "eps_4q": 2.5,
            "eps_4q_growth_year": -14.79,
            "roe": 2.16,
            "roe_4q": 8.670000000000002,
            "gross_profit": 419319,
            "gross_margin": 14.6,
            "gross_margin_4q_avg": 18.92,
            "net_income": 1155879,
            "revenue": 2871445,
            "common_shares": 14801305,
            "book_valuer_per_share": 25.21,
            "book_valuer_per_share_4q_avg": 24.93,
            "equity": 53815708,
            "current_ratio": 93.01,
            "debt_ratio": 25.18,
            "inventory_turnover_ratio": 1.41,
            "account_receivable_turnover_ratio": 1.51,
            "reinvestment_rate": 45.71,
            "research_to_sale_ratio": 0.44,
            "price_fair": 93.71,
            "eps_avg_yearly": 2.68,
            "eps_latest_yearly": 2.96,
            "eps_growth_yearly": 148.59
        }
    },
    "months": {
        "2001-06": {
            "month": "2001-06",
            "price": "6.43",
            "revenue": 101872
        },
        "2001-07": {
            "month": "2001-07",
            "price": "5.20",
            "revenue": 143672
        },
        "2001-08": {
            "month": "2001-08",
            "price": "5.55",
            "revenue": 119163
        },
        "2001-09": {
            "month": "2001-09",
            "price": "5.26",
            "revenue": 102579
        },
        "2001-10": {
            "month": "2001-10",
            "price": "5.02",
            "revenue": 101717
        },
        "2001-11": {
            "month": "2001-11",
            "price": "5.04",
            "revenue": 135970
        },
        "2001-12": {
            "month": "2001-12",
            "price": "5.77",
            "revenue": 137080
        },
        "2002-01": {
            "month": "2002-01",
            "price": "7.41",
            "revenue": 176092
        },
        "2002-02": {
            "month": "2002-02",
            "price": "7.32",
            "revenue": 138903
        },
        "2002-03": {
            "month": "2002-03",
            "price": "7.98",
            "revenue": 119055
        },
        "2002-04": {
            "month": "2002-04",
            "price": "10.39",
            "revenue": 163465
        },
        "2002-05": {
            "month": "2002-05",
            "price": "8.90",
            "revenue": 123068
        },
        "2002-06": {
            "month": "2002-06",
            "price": "8.84",
            "revenue": 88534
        },
        "2002-07": {
            "month": "2002-07",
            "price": "8.22",
            "revenue": 131184
        },
        "2002-08": {
            "month": "2002-08",
            "price": "7.80",
            "revenue": 159993
        },
        "2002-09": {
            "month": "2002-09",
            "price": "7.80",
            "revenue": 127787
        },
        "2002-10": {
            "month": "2002-10",
            "price": "7.29",
            "revenue": 198795
        },
        "2002-11": {
            "month": "2002-11",
            "price": "8.66",
            "revenue": 140630
        },
        "2002-12": {
            "month": "2002-12",
            "price": "8.96",
            "revenue": 133723
        },
        "2003-01": {
            "month": "2003-01",
            "price": "10.05",
            "revenue": 139483
        },
        "2003-02": {
            "month": "2003-02",
            "price": "9.01",
            "revenue": 100458
        },
        "2003-03": {
            "month": "2003-03",
            "price": "8.15",
            "revenue": 131803
        },
        "2003-04": {
            "month": "2003-04",
            "price": "7.78",
            "revenue": 170140
        },
        "2003-05": {
            "month": "2003-05",
            "price": "7.31",
            "revenue": 163464
        },
        "2003-06": {
            "month": "2003-06",
            "price": "8.07",
            "revenue": 128409
        },
        "2003-07": {
            "month": "2003-07",
            "price": "8.38",
            "revenue": 232521
        },
        "2003-08": {
            "month": "2003-08",
            "price": "8.48",
            "revenue": 186780
        },
        "2003-09": {
            "month": "2003-09",
            "price": "8.74",
            "revenue": 113829
        },
        "2003-10": {
            "month": "2003-10",
            "price": "9.92",
            "revenue": 122564
        },
        "2003-11": {
            "month": "2003-11",
            "price": "10.00",
            "revenue": 128621
        },
        "2003-12": {
            "month": "2003-12",
            "price": "9.43",
            "revenue": 233394
        },
        "2004-01": {
            "month": "2004-01",
            "price": "10.37",
            "revenue": 126657
        },
        "2004-02": {
            "month": "2004-02",
            "price": "13.90",
            "revenue": 139826
        },
        "2004-03": {
            "month": "2004-03",
            "price": "13.57",
            "revenue": 163776
        },
        "2004-04": {
            "month": "2004-04",
            "price": "11.55",
            "revenue": 133321
        },
        "2004-05": {
            "month": "2004-05",
            "price": "9.69",
            "revenue": 121999
        },
        "2004-06": {
            "month": "2004-06",
            "price": "10.15",
            "revenue": 127256
        },
        "2004-07": {
            "month": "2004-07",
            "price": "10.21",
            "revenue": 187192
        },
        "2004-08": {
            "month": "2004-08",
            "price": "9.68",
            "revenue": 167379
        },
        "2004-09": {
            "month": "2004-09",
            "price": "11.43",
            "revenue": 172060
        },
        "2004-10": {
            "month": "2004-10",
            "price": "10.96",
            "revenue": 175117
        },
        "2004-11": {
            "month": "2004-11",
            "price": "11.57",
            "revenue": 161080
        },
        "2004-12": {
            "month": "2004-12",
            "price": "12.24",
            "revenue": 231135
        },
        "2005-01": {
            "month": "2005-01",
            "price": "12.96",
            "revenue": 187737
        },
        "2005-02": {
            "month": "2005-02",
            "price": "12.26",
            "revenue": 110098
        },
        "2005-03": {
            "month": "2005-03",
            "price": "12.15",
            "revenue": 162778
        },
        "2005-04": {
            "month": "2005-04",
            "price": "11.08",
            "revenue": 201043
        },
        "2005-05": {
            "month": "2005-05",
            "price": "10.68",
            "revenue": 138417
        },
        "2005-06": {
            "month": "2005-06",
            "price": "11.43",
            "revenue": 214649
        },
        "2005-07": {
            "month": "2005-07",
            "price": "11.16",
            "revenue": 219897
        },
        "2005-08": {
            "month": "2005-08",
            "price": "11.38",
            "revenue": 196508
        },
        "2005-09": {
            "month": "2005-09",
            "price": "11.34",
            "revenue": 208769
        },
        "2005-10": {
            "month": "2005-10",
            "price": "10.96",
            "revenue": 208212
        },
        "2005-11": {
            "month": "2005-11",
            "price": "10.58",
            "revenue": 208506
        },
        "2005-12": {
            "month": "2005-12",
            "price": "11.61",
            "revenue": 231121
        },
        "2006-01": {
            "month": "2006-01",
            "price": "12.67",
            "revenue": 239990
        },
        "2006-02": {
            "month": "2006-02",
            "price": "12.37",
            "revenue": 107715
        },
        "2006-03": {
            "month": "2006-03",
            "price": "11.51",
            "revenue": 272762
        },
        "2006-04": {
            "month": "2006-04",
            "price": "12.97",
            "revenue": 127980
        },
        "2006-05": {
            "month": "2006-05",
            "price": "15.34",
            "revenue": 135091
        },
        "2006-06": {
            "month": "2006-06",
            "price": "13.45",
            "revenue": 237990
        },
        "2006-07": {
            "month": "2006-07",
            "price": "13.92",
            "revenue": 211344
        },
        "2006-08": {
            "month": "2006-08",
            "price": "14.03",
            "revenue": 196158
        },
        "2006-09": {
            "month": "2006-09",
            "price": "14.06",
            "revenue": 123194
        },
        "2006-10": {
            "month": "2006-10",
            "price": "15.58",
            "revenue": 203587
        },
        "2006-11": {
            "month": "2006-11",
            "price": "17.45",
            "revenue": 171959
        },
        "2006-12": {
            "month": "2006-12",
            "price": "18.14",
            "revenue": 196194
        },
        "2007-01": {
            "month": "2007-01",
            "price": "16.65",
            "revenue": 174900
        },
        "2007-02": {
            "month": "2007-02",
            "price": "16.19",
            "revenue": 238569
        },
        "2007-03": {
            "month": "2007-03",
            "price": "15.83",
            "revenue": 190276
        },
        "2007-04": {
            "month": "2007-04",
            "price": "16.96",
            "revenue": 178135
        },
        "2007-05": {
            "month": "2007-05",
            "price": "16.47",
            "revenue": 249908
        },
        "2007-06": {
            "month": "2007-06",
            "price": "17.20",
            "revenue": 319861
        },
        "2007-07": {
            "month": "2007-07",
            "price": "19.91",
            "revenue": 245339
        },
        "2007-08": {
            "month": "2007-08",
            "price": "18.76",
            "revenue": 248653
        },
        "2007-09": {
            "month": "2007-09",
            "price": "20.77",
            "revenue": 232773
        },
        "2007-10": {
            "month": "2007-10",
            "price": "21.25",
            "revenue": 256097
        },
        "2007-11": {
            "month": "2007-11",
            "price": "17.73",
            "revenue": 286697
        },
        "2007-12": {
            "month": "2007-12",
            "price": "16.56",
            "revenue": 345584
        },
        "2008-01": {
            "month": "2008-01",
            "price": "19.14",
            "revenue": 422506
        },
        "2008-02": {
            "month": "2008-02",
            "price": "21.41",
            "revenue": 256509
        },
        "2008-03": {
            "month": "2008-03",
            "price": "22.69",
            "revenue": 359858
        },
        "2008-04": {
            "month": "2008-04",
            "price": "23.67",
            "revenue": 334112
        },
        "2008-05": {
            "month": "2008-05",
            "price": "23.66",
            "revenue": 352488
        },
        "2008-06": {
            "month": "2008-06",
            "price": "20.07",
            "revenue": 260154
        },
        "2008-07": {
            "month": "2008-07",
            "price": "16.93",
            "revenue": 300557
        },
        "2008-08": {
            "month": "2008-08",
            "price": "14.90",
            "revenue": 283209
        },
        "2008-09": {
            "month": "2008-09",
            "price": "11.98",
            "revenue": 312559
        },
        "2008-10": {
            "month": "2008-10",
            "price": "10.31",
            "revenue": 327808
        },
        "2008-11": {
            "month": "2008-11",
            "price": "11.02",
            "revenue": 322266
        },
        "2008-12": {
            "month": "2008-12",
            "price": "11.56",
            "revenue": 350784
        },
        "2009-01": {
            "month": "2009-01",
            "price": "11.37",
            "revenue": 243485
        },
        "2009-02": {
            "month": "2009-02",
            "price": "11.44",
            "revenue": 239794
        },
        "2009-03": {
            "month": "2009-03",
            "price": "11.81",
            "revenue": 248854
        },
        "2009-04": {
            "month": "2009-04",
            "price": "14.48",
            "revenue": 298475
        },
        "2009-05": {
            "month": "2009-05",
            "price": "15.50",
            "revenue": 238701
        },
        "2009-06": {
            "month": "2009-06",
            "price": "15.10",
            "revenue": 254117
        },
        "2009-07": {
            "month": "2009-07",
            "price": "15.40",
            "revenue": 234719
        },
        "2009-08": {
            "month": "2009-08",
            "price": "14.63",
            "revenue": 250707
        },
        "2009-09": {
            "month": "2009-09",
            "price": "14.82",
            "revenue": 236456
        },
        "2009-10": {
            "month": "2009-10",
            "price": "15.61",
            "revenue": 233832
        },
        "2009-11": {
            "month": "2009-11",
            "price": "15.44",
            "revenue": 260570
        },
        "2009-12": {
            "month": "2009-12",
            "price": "15.38",
            "revenue": 348755
        },
        "2010-01": {
            "month": "2010-01",
            "price": "15.81",
            "revenue": 295411
        },
        "2010-02": {
            "month": "2010-02",
            "price": "14.39",
            "revenue": 201882
        },
        "2010-03": {
            "month": "2010-03",
            "price": "15.25",
            "revenue": 284114
        },
        "2010-04": {
            "month": "2010-04",
            "price": "16.79",
            "revenue": 236939
        },
        "2010-05": {
            "month": "2010-05",
            "price": "16.07",
            "revenue": 227526
        },
        "2010-06": {
            "month": "2010-06",
            "price": "16.25",
            "revenue": 226550
        },
        "2010-07": {
            "month": "2010-07",
            "price": "17.53",
            "revenue": 247929
        },
        "2010-08": {
            "month": "2010-08",
            "price": "20.78",
            "revenue": 278829
        },
        "2010-09": {
            "month": "2010-09",
            "price": "19.72",
            "revenue": 270931
        },
        "2010-10": {
            "month": "2010-10",
            "price": "22.11",
            "revenue": 316777
        },
        "2010-11": {
            "month": "2010-11",
            "price": "23.68",
            "revenue": 335286
        },
        "2010-12": {
            "month": "2010-12",
            "price": "24.15",
            "revenue": 366187
        },
        "2011-01": {
            "month": "2011-01",
            "price": "23.80",
            "revenue": 364717
        },
        "2011-02": {
            "month": "2011-02",
            "price": "21.89",
            "revenue": 282608
        },
        "2011-03": {
            "month": "2011-03",
            "price": "19.97",
            "revenue": 307234
        },
        "2011-04": {
            "month": "2011-04",
            "price": "21.17",
            "revenue": 350722
        },
        "2011-05": {
            "month": "2011-05",
            "price": "22.58",
            "revenue": 385077
        },
        "2011-06": {
            "month": "2011-06",
            "price": "21.71",
            "revenue": 337241
        },
        "2011-07": {
            "month": "2011-07",
            "price": "22.58",
            "revenue": 292551
        },
        "2011-08": {
            "month": "2011-08",
            "price": "19.77",
            "revenue": 341131
        },
        "2011-09": {
            "month": "2011-09",
            "price": "18.15",
            "revenue": 320159
        },
        "2011-10": {
            "month": "2011-10",
            "price": "17.68",
            "revenue": 355305
        },
        "2011-11": {
            "month": "2011-11",
            "price": "18.07",
            "revenue": 381328
        },
        "2011-12": {
            "month": "2011-12",
            "price": "17.37",
            "revenue": 367752
        },
        "2012-01": {
            "month": "2012-01",
            "price": "17.92",
            "revenue": 286114
        },
        "2012-02": {
            "month": "2012-02",
            "price": "19.08",
            "revenue": 312927
        },
        "2012-03": {
            "month": "2012-03",
            "price": "20.00",
            "revenue": 345395
        },
        "2012-04": {
            "month": "2012-04",
            "price": "18.63",
            "revenue": 334161
        },
        "2012-05": {
            "month": "2012-05",
            "price": "18.15",
            "revenue": 326907
        },
        "2012-06": {
            "month": "2012-06",
            "price": "17.40",
            "revenue": 305939
        },
        "2012-07": {
            "month": "2012-07",
            "price": "18.92",
            "revenue": 328855
        },
        "2012-08": {
            "month": "2012-08",
            "price": "18.44",
            "revenue": 347065
        },
        "2012-09": {
            "month": "2012-09",
            "price": "19.36",
            "revenue": 340654
        },
        "2012-10": {
            "month": "2012-10",
            "price": "18.88",
            "revenue": 352198
        },
        "2012-11": {
            "month": "2012-11",
            "price": "18.75",
            "revenue": 353771
        },
        "2012-12": {
            "month": "2012-12",
            "price": "19.00",
            "revenue": 302980
        },
        "2013-01": {
            "month": "2013-01",
            "price": "19.45",
            "revenue": 508575
        },
        "2013-02": {
            "month": "2013-02",
            "price": "19.42",
            "revenue": 317176
        },
        "2013-03": {
            "month": "2013-03",
            "price": "19.38",
            "revenue": 431246
        },
        "2013-04": {
            "month": "2013-04",
            "price": "19.88",
            "revenue": 447419
        },
        "2013-05": {
            "month": "2013-05",
            "price": "19.96",
            "revenue": 452628
        },
        "2013-06": {
            "month": "2013-06",
            "price": "19.44",
            "revenue": 423999
        },
        "2013-07": {
            "month": "2013-07",
            "price": "19.79",
            "revenue": 469008
        },
        "2013-08": {
            "month": "2013-08",
            "price": "18.64",
            "revenue": 444777
        },
        "2013-09": {
            "month": "2013-09",
            "price": "18.79",
            "revenue": 429951
        },
        "2013-10": {
            "month": "2013-10",
            "price": "19.05",
            "revenue": 466870
        },
        "2013-11": {
            "month": "2013-11",
            "price": "18.84",
            "revenue": 507189
        },
        "2013-12": {
            "month": "2013-12",
            "price": "19.10",
            "revenue": 462846
        },
        "2014-01": {
            "month": "2014-01",
            "price": "19.56",
            "revenue": 481847
        },
        "2014-02": {
            "month": "2014-02",
            "price": "19.14",
            "revenue": 332597
        },
        "2014-03": {
            "month": "2014-03",
            "price": "19.33",
            "revenue": 434203
        },
        "2014-04": {
            "month": "2014-04",
            "price": "19.31",
            "revenue": 460027
        },
        "2014-05": {
            "month": "2014-05",
            "price": "20.02",
            "revenue": 456171
        },
        "2014-06": {
            "month": "2014-06",
            "price": "21.08",
            "revenue": 412791
        },
        "2014-07": {
            "month": "2014-07",
            "price": "21.27",
            "revenue": 461606
        },
        "2014-08": {
            "month": "2014-08",
            "price": "20.54",
            "revenue": 443740
        },
        "2014-09": {
            "month": "2014-09",
            "price": "20.41",
            "revenue": 430406
        },
        "2014-10": {
            "month": "2014-10",
            "price": "19.66",
            "revenue": 467279
        },
        "2014-11": {
            "month": "2014-11",
            "price": "19.83",
            "revenue": 464011
        },
        "2014-12": {
            "month": "2014-12",
            "price": "20.25",
            "revenue": 457492
        },
        "2015-01": {
            "month": "2015-01",
            "price": "20.54",
            "revenue": 475937
        },
        "2015-02": {
            "month": "2015-02",
            "price": "20.66",
            "revenue": 353098
        },
        "2015-03": {
            "month": "2015-03",
            "price": "21.14",
            "revenue": 425004
        },
        "2015-04": {
            "month": "2015-04",
            "price": "20.86",
            "revenue": 437328
        },
        "2015-05": {
            "month": "2015-05",
            "price": "21.34",
            "revenue": 434511
        },
        "2015-06": {
            "month": "2015-06",
            "price": "21.33",
            "revenue": 436366
        },
        "2015-07": {
            "month": "2015-07",
            "price": "21.37",
            "revenue": 462339
        },
        "2015-08": {
            "month": "2015-08",
            "price": "20.16",
            "revenue": 441282
        },
        "2015-09": {
            "month": "2015-09",
            "price": "18.93",
            "revenue": 462141
        },
        "2015-10": {
            "month": "2015-10",
            "price": "19.50",
            "revenue": 454724
        },
        "2015-11": {
            "month": "2015-11",
            "price": "19.42",
            "revenue": 454025
        },
        "2015-12": {
            "month": "2015-12",
            "price": "18.93",
            "revenue": 467503
        },
        "2016-01": {
            "month": "2016-01",
            "price": "18.63",
            "revenue": 491509
        },
        "2016-02": {
            "month": "2016-02",
            "price": "18.90",
            "revenue": 351095
        },
        "2016-03": {
            "month": "2016-03",
            "price": "19.92",
            "revenue": 467929
        },
        "2016-04": {
            "month": "2016-04",
            "price": "20.30",
            "revenue": 447503
        },
        "2016-05": {
            "month": "2016-05",
            "price": "20.23",
            "revenue": 452984
        },
        "2016-06": {
            "month": "2016-06",
            "price": "20.80",
            "revenue": 430845
        },
        "2016-07": {
            "month": "2016-07",
            "price": "21.38",
            "revenue": 449816
        },
        "2016-08": {
            "month": "2016-08",
            "price": "21.80",
            "revenue": 441131
        },
        "2016-09": {
            "month": "2016-09",
            "price": "20.97",
            "revenue": 415700
        },
        "2016-10": {
            "month": "2016-10",
            "price": "21.30",
            "revenue": 395946
        },
        "2016-11": {
            "month": "2016-11",
            "price": "21.49",
            "revenue": 447559
        },
        "2016-12": {
            "month": "2016-12",
            "price": "22.17",
            "revenue": 431412
        },
        "2017-01": {
            "month": "2017-01",
            "price": "22.52",
            "revenue": 395780
        },
        "2017-02": {
            "month": "2017-02",
            "price": "23.73",
            "revenue": 332673
        },
        "2017-03": {
            "month": "2017-03",
            "price": "23.99",
            "revenue": 423762
        },
        "2017-04": {
            "month": "2017-04",
            "price": "26.96",
            "revenue": 402503
        },
        "2017-05": {
            "month": "2017-05",
            "price": "26.90",
            "revenue": 394054
        },
        "2017-06": {
            "month": "2017-06",
            "price": "27.51",
            "revenue": 408114
        },
        "2017-07": {
            "month": "2017-07",
            "price": "28.48",
            "revenue": 401108
        },
        "2017-08": {
            "month": "2017-08",
            "price": "28.36",
            "revenue": 417191
        },
        "2017-09": {
            "month": "2017-09",
            "price": "29.18",
            "revenue": 404314
        },
        "2017-10": {
            "month": "2017-10",
            "price": "29.84",
            "revenue": 407067
        },
        "2017-11": {
            "month": "2017-11",
            "price": "32.48",
            "revenue": 413675
        },
        "2017-12": {
            "month": "2017-12",
            "price": "33.98",
            "revenue": 445060
        },
        "2018-01": {
            "month": "2018-01",
            "price": "38.92",
            "revenue": 444041
        },
        "2018-02": {
            "month": "2018-02",
            "price": "38.06",
            "revenue": 331407
        },
        "2018-03": {
            "month": "2018-03",
            "price": "37.13",
            "revenue": 448994
        },
        "2018-04": {
            "month": "2018-04",
            "price": "37.93",
            "revenue": 402230
        },
        "2018-05": {
            "month": "2018-05",
            "price": "37.52",
            "revenue": 443093
        },
        "2018-06": {
            "month": "2018-06",
            "price": "38.14",
            "revenue": 418537
        },
        "2018-07": {
            "month": "2018-07",
            "price": "38.32",
            "revenue": 433298
        },
        "2018-08": {
            "month": "2018-08",
            "price": "39.43",
            "revenue": 434439
        },
        "2018-09": {
            "month": "2018-09",
            "price": "35.13",
            "revenue": 409979
        },
        "2018-10": {
            "month": "2018-10",
            "price": "32.16",
            "revenue": 427306
        },
        "2018-11": {
            "month": "2018-11",
            "price": "30.67",
            "revenue": 452166
        },
        "2018-12": {
            "month": "2018-12",
            "price": "30.16",
            "revenue": 451768
        },
        "2019-01": {
            "month": "2019-01",
            "price": "29.83",
            "revenue": 493179
        },
        "2019-02": {
            "month": "2019-02",
            "price": "31.10",
            "revenue": 314549
        },
        "2019-03": {
            "month": "2019-03",
            "price": "32.28",
            "revenue": 420926
        },
        "2019-04": {
            "month": "2019-04",
            "price": "33.34",
            "revenue": 616100
        },
        "2019-05": {
            "month": "2019-05",
            "price": "35.01",
            "revenue": 729961
        },
        "2019-06": {
            "month": "2019-06",
            "price": "36.78",
            "revenue": 676790
        },
        "2019-07": {
            "month": "2019-07",
            "price": "38.59",
            "revenue": 696166
        },
        "2019-08": {
            "month": "2019-08",
            "price": "36.84",
            "revenue": 1240355
        },
        "2019-09": {
            "month": "2019-09",
            "price": "34.07",
            "revenue": 788561
        },
        "2019-10": {
            "month": "2019-10",
            "price": "34.40",
            "revenue": 716226
        },
        "2019-11": {
            "month": "2019-11",
            "price": "35.21",
            "revenue": 649360
        },
        "2019-12": {
            "month": "2019-12",
            "price": "36.22",
            "revenue": 920437
        },
        "2020-01": {
            "month": "2020-01",
            "price": "37.48",
            "revenue": 602410
        },
        "2020-02": {
            "month": "2020-02",
            "price": "38.23",
            "revenue": 658504
        },
        "2020-03": {
            "month": "2020-03",
            "price": "34.61",
            "revenue": 786115
        },
        "2020-04": {
            "month": "2020-04",
            "price": "40.31",
            "revenue": 748609
        },
        "2020-05": {
            "month": "2020-05",
            "price": "42.56",
            "revenue": 685815
        },
        "2020-06": {
            "month": "2020-06",
            "price": "42.48",
            "revenue": 1275443
        },
        "2020-07": {
            "month": "2020-07",
            "price": "44.54",
            "revenue": 725137
        },
        "2020-08": {
            "month": "2020-08",
            "price": "44.20",
            "revenue": 701837
        },
        "2020-09": {
            "month": "2020-09",
            "price": "40.88",
            "revenue": 915901
        },
        "2020-10": {
            "month": "2020-10",
            "price": "40.04",
            "revenue": 807007
        },
        "2020-11": {
            "month": "2020-11",
            "price": "41.09",
            "revenue": 701599
        },
        "2020-12": {
            "month": "2020-12",
            "price": "41.56",
            "revenue": 946645
        },
        "2021-01": {
            "month": "2021-01",
            "price": "41.31",
            "revenue": 761338
        },
        "2021-02": {
            "month": "2021-02",
            "price": "41.49",
            "revenue": 599791
        },
        "2021-03": {
            "month": "2021-03",
            "price": "44.33",
            "revenue": 864164
        },
        "2021-04": {
            "month": "2021-04",
            "price": "50.15",
            "revenue": 724446
        },
        "2021-05": {
            "month": "2021-05",
            "price": "47.52",
            "revenue": 845247
        },
        "2021-06": {
            "month": "2021-06",
            "price": "48.99",
            "revenue": 1662605
        },
        "2021-07": {
            "month": "2021-07",
            "price": "51.65",
            "revenue": 965934
        },
        "2021-08": {
            "month": "2021-08",
            "price": "51.45",
            "revenue": 793517
        },
        "2021-09": {
            "month": "2021-09",
            "price": "56.50",
            "revenue": 832723
        },
        "2021-10": {
            "month": "2021-10",
            "price": "55.22",
            "revenue": 974105
        },
        "2021-11": {
            "month": "2021-11",
            "price": "57.39",
            "revenue": 1133311
        },
        "2021-12": {
            "month": "2021-12",
            "price": "58.53",
            "revenue": 1166930
        },
        "2022-01": {
            "month": "2022-01",
            "price": "61.27",
            "revenue": 873750
        },
        "2022-02": {
            "month": "2022-02",
            "price": "66.29",
            "revenue": 643594
        },
        "2022-03": {
            "month": "2022-03",
            "price": "65.66",
            "revenue": 1081223
        },
        "2022-04": {
            "month": "2022-04",
            "price": "63.27",
            "revenue": 879141
        },
        "2022-05": {
            "month": "2022-05",
            "price": "54.80",
            "revenue": 914089
        },
        "2022-06": {
            "month": "2022-06",
            "price": "56.30",
            "revenue": 2208773
        },
        "2022-07": {
            "month": "2022-07",
            "price": "56.01",
            "revenue": 906199
        },
        "2022-08": {
            "month": "2022-08",
            "price": "58.37",
            "revenue": 831107
        },
        "2022-09": {
            "month": "2022-09",
            "price": "54.18",
            "revenue": 954734
        },
        "2022-10": {
            "month": "2022-10",
            "price": "48.13",
            "revenue": 908917
        },
        "2022-11": {
            "month": "2022-11",
            "price": "49.53",
            "revenue": 941152
        },
        "2022-12": {
            "month": "2022-12",
            "price": "49.79",
            "revenue": 1229700
        },
        "2023-01": {
            "month": "2023-01",
            "price": "50.93",
            "revenue": 813776
        },
        "2023-02": {
            "month": "2023-02",
            "price": "53.83",
            "revenue": 812320
        },
        "2023-03": {
            "month": "2023-03",
            "price": "55.15",
            "revenue": 1245351
        },
        "2023-04": {
            "month": "2023-04",
            "price": "59.71",
            "revenue": 846720
        },
        "2023-05": {
            "month": "2023-05",
            "price": "62.20",
            "revenue": 993539
        }
    }
}
