{
    "summary": {
        "stock_name": "聯華食",
        "stock_id": "1231",
        "category": "食品",
        "main_business": "食品",
        "website_url": "http://www.lianhwa.com.tw",
        "ceo": "林家齊",
        "pe_ratio": 23,
        "report_year_from": 2001,
        "report_year_to": 2023,
        "age": 22,
        "eps_negative_percentage": 12,
        "eps_growth_avg": {
            "last_all": 11.75,
            "last_2y": 9.94,
            "last_4y": 10.09,
            "last_8y": 8.52,
            "last_12y": 13.8,
            "last_16y": 16.51,
            "last_20y": 11.75,
            "at_2006_last_3y": -6.33,
            "at_2007_last_3y": 6.09,
            "at_2008_last_3y": 20.8,
            "at_2009_last_3y": 25.32,
            "at_2010_last_3y": 52.49,
            "at_2011_last_3y": 38.91,
            "at_2012_last_3y": 34.01,
            "at_2013_last_3y": 25.68,
            "at_2014_last_3y": -9.95,
            "at_2015_last_3y": 0.66,
            "at_2016_last_3y": 8.22,
            "at_2017_last_3y": 6.56,
            "at_2018_last_3y": 24.17,
            "at_2019_last_3y": 8.06,
            "at_2020_last_3y": 6.55,
            "at_2021_last_3y": 13.8,
            "at_2022_last_3y": 5.64,
            "at_2023_last_3y": 5.64,
            "at_2006_last_all": -8.53,
            "at_2007_last_all": 4.4,
            "at_2008_last_all": 6.38,
            "at_2009_last_all": 8.41,
            "at_2010_last_all": 18.59,
            "at_2011_last_all": 18.2,
            "at_2012_last_all": 16.43,
            "at_2013_last_all": 14.17,
            "at_2014_last_all": 9.81,
            "at_2015_last_all": 13.19,
            "at_2016_last_all": 14.24,
            "at_2017_last_all": 12.27,
            "at_2018_last_all": 13.19,
            "at_2019_last_all": 12.05,
            "at_2020_last_all": 12.62,
            "at_2021_last_all": 12.57,
            "at_2022_last_all": 11.75,
            "at_2023_last_all": 11.75
        },
        "latest_eps": 3.94,
        "latest_price": 91.5,
        "latest_roe": 17.32,
        "latest_gross_margin": 21.66,
        "latest_equity": 5404995,
        "latest_revenue": 2773782,
        "latest_gross_profit": 600864,
        "latest_net_income": 232415,
        "latest_debt_ratio": 50.85,
        "latest_current_ratio": 178.09,
        "latest_account_receivable_turnover_ratio": 1.34,
        "latest_inventory_turnover_ratio": 1.4,
        "latest_reinvestment_rate": 69.46,
        "latest_research_to_sale_ratio": 0.98
    },
    "eps_dividends": {
        "1993": {
            "cash": 0,
            "stock": 5,
            "eps": 0
        },
        "1994": {
            "cash": 1,
            "stock": 2,
            "eps": 0
        },
        "1995": {
            "cash": 0,
            "stock": 2,
            "eps": 0
        },
        "1996": {
            "cash": 0,
            "stock": 2,
            "eps": 0
        },
        "1997": {
            "cash": 0,
            "stock": 2,
            "eps": 0
        },
        "1998": {
            "cash": 1,
            "stock": 2,
            "eps": 0
        },
        "2000": {
            "cash": 2,
            "stock": 1,
            "eps": 0
        },
        "2001": {
            "cash": 1,
            "stock": 0,
            "eps": 0.75
        },
        "2002": {
            "cash": 1,
            "stock": 0,
            "eps": 0.62
        },
        "2003": {
            "cash": 1,
            "stock": 0,
            "eps": 0.74
        },
        "2004": {
            "cash": 1,
            "stock": 0,
            "eps": 0.44
        },
        "2005": {
            "cash": 1,
            "stock": 0,
            "eps": 0.46
        },
        "2006": {
            "cash": 1,
            "stock": 0,
            "eps": 0.42
        },
        "2007": {
            "cash": 1,
            "stock": 0,
            "eps": 0.71
        },
        "2008": {
            "cash": 1,
            "stock": 0,
            "eps": 0.84
        },
        "2009": {
            "cash": 1,
            "stock": 0,
            "eps": 1.03
        },
        "2010": {
            "cash": 1,
            "stock": 0,
            "eps": 2.65
        },
        "2011": {
            "cash": 2,
            "stock": 0,
            "eps": 3.04
        },
        "2012": {
            "cash": 0,
            "stock": 0,
            "eps": 3
        },
        "2013": {
            "cash": 1,
            "stock": 1,
            "eps": 2.68
        },
        "2014": {
            "cash": 1,
            "stock": 0,
            "eps": 1.54
        },
        "2015": {
            "cash": 1,
            "stock": 0,
            "eps": 2.42
        },
        "2016": {
            "cash": 1,
            "stock": 0,
            "eps": 3.12
        },
        "2017": {
            "cash": 2,
            "stock": 0,
            "eps": 2.58
        },
        "2018": {
            "cash": 1,
            "stock": 0,
            "eps": 3.3
        },
        "2019": {
            "cash": 2,
            "stock": 1,
            "eps": 3.06
        },
        "2020": {
            "cash": 2,
            "stock": 1,
            "eps": 3.76
        },
        "2021": {
            "cash": 2,
            "stock": 1,
            "eps": 4.2
        },
        "2022": {
            "cash": 2,
            "stock": 1,
            "eps": 4
        },
        "2023": {
            "cash": 2,
            "stock": 1,
            "eps": 1.04
        }
    },
    "dividends": {
        "1993-06-23": {
            "cash": 0,
            "stock": 5
        },
        "1994-06-06": {
            "cash": 0.5,
            "stock": 2
        },
        "1995-04-17": {
            "cash": 0.3,
            "stock": 2
        },
        "1996-05-20": {
            "cash": 0.3,
            "stock": 2
        },
        "1997-05-14": {
            "cash": 0,
            "stock": 1.7
        },
        "1998-05-19": {
            "cash": 0.5,
            "stock": 1.5
        },
        "2000-06-20": {
            "cash": 1.5,
            "stock": 0.5
        },
        "2001-06-07": {
            "cash": 0.9,
            "stock": 0.3
        },
        "2002-06-20": {
            "cash": 0.5,
            "stock": 0
        },
        "2003-03-14": {
            "cash": 0.5,
            "stock": 0
        },
        "2004-03-10": {
            "cash": 0.5,
            "stock": 0
        },
        "2005-06-10": {
            "cash": 0.5,
            "stock": 0
        },
        "2006-03-23": {
            "cash": 0.5,
            "stock": 0
        },
        "2007-03-20": {
            "cash": 0.5,
            "stock": 0
        },
        "2008-03-17": {
            "cash": 0.6,
            "stock": 0
        },
        "2009-03-27": {
            "cash": 0.7,
            "stock": 0
        },
        "2010-03-26": {
            "cash": 0.7,
            "stock": 0
        },
        "2011-01-01": {
            "cash": 1.2,
            "stock": 0.3
        },
        "2011-03-18": {
            "cash": 1.1,
            "stock": 0.3
        },
        "2013-03-22": {
            "cash": 1.2,
            "stock": 0.8
        },
        "2014-09-26": {
            "cash": 1,
            "stock": 0
        },
        "2015-09-25": {
            "cash": 0.9,
            "stock": 0
        },
        "2016-09-30": {
            "cash": 1.32,
            "stock": 0.33
        },
        "2017-09-29": {
            "cash": 1.75,
            "stock": 0.45
        },
        "2018-09-28": {
            "cash": 1.4,
            "stock": 0.4
        },
        "2019-10-04": {
            "cash": 1.8,
            "stock": 0.5
        },
        "2020-08-28": {
            "cash": 1.6,
            "stock": 0.5
        },
        "2021-08-27": {
            "cash": 1.6,
            "stock": 1
        },
        "2022-08-05": {
            "cash": 1.5,
            "stock": 1.1
        },
        "2023-03-15": {
            "cash": 1.6,
            "stock": 1
        }
    },
    "prices": {
        "200101": "17.78",
        "200102": "18.16",
        "200103": "19.33",
        "200104": "17.57",
        "200105": "14.95",
        "200106": "15.01",
        "200107": "12.39",
        "200108": "13.08",
        "200109": "13.99",
        "200110": "14.08",
        "200111": "15.32",
        "200112": "16.20",
        "200201": "15.82",
        "200202": "14.66",
        "200203": "15.93",
        "200204": "16.39",
        "200205": "16.48",
        "200206": "19.72",
        "200207": "19.07",
        "200208": "15.98",
        "200209": "13.98",
        "200210": "13.40",
        "200211": "15.68",
        "200212": "14.41",
        "200301": "15.51",
        "200302": "15.47",
        "200303": "13.01",
        "200304": "12.17",
        "200305": "10.38",
        "200306": "10.96",
        "200307": "10.80",
        "200308": "10.06",
        "200309": "9.42",
        "200310": "9.92",
        "200311": "10.91",
        "200312": "11.02",
        "200401": "10.97",
        "200402": "13.31",
        "200403": "12.82",
        "200404": "11.50",
        "200405": "10.33",
        "200406": "10.25",
        "200407": "9.98",
        "200408": "9.44",
        "200409": "9.63",
        "200410": "9.46",
        "200411": "9.12",
        "200412": "9.20",
        "200501": "9.76",
        "200502": "9.47",
        "200503": "10.70",
        "200504": "9.34",
        "200505": "9.40",
        "200506": "9.74",
        "200507": "9.78",
        "200508": "9.80",
        "200509": "9.54",
        "200510": "9.21",
        "200511": "8.98",
        "200512": "9.11",
        "200601": "9.45",
        "200602": "9.38",
        "200603": "9.20",
        "200604": "9.56",
        "200605": "10.08",
        "200606": "9.47",
        "200607": "9.31",
        "200608": "9.14",
        "200609": "8.26",
        "200610": "8.79",
        "200611": "9.12",
        "200612": "10.45",
        "200701": "10.85",
        "200702": "10.46",
        "200703": "10.33",
        "200704": "11.22",
        "200705": "11.20",
        "200706": "11.77",
        "200707": "13.95",
        "200708": "12.85",
        "200709": "12.84",
        "200710": "12.79",
        "200711": "11.16",
        "200712": "10.64",
        "200801": "11.28",
        "200802": "11.80",
        "200803": "12.44",
        "200804": "13.07",
        "200805": "13.88",
        "200806": "12.21",
        "200807": "11.26",
        "200808": "11.18",
        "200809": "9.82",
        "200810": "8.21",
        "200811": "8.10",
        "200812": "8.62",
        "200901": "8.64",
        "200902": "8.39",
        "200903": "8.75",
        "200904": "10.75",
        "200905": "11.69",
        "200906": "12.00",
        "200907": "12.83",
        "200908": "13.00",
        "200909": "12.18",
        "200910": "12.46",
        "200911": "13.15",
        "200912": "13.42",
        "201001": "13.82",
        "201002": "13.06",
        "201003": "13.80",
        "201004": "14.66",
        "201005": "16.09",
        "201006": "16.82",
        "201007": "21.65",
        "201008": "27.75",
        "201009": "25.10",
        "201010": "23.91",
        "201011": "27.01",
        "201012": "27.74",
        "201101": "28.58",
        "201102": "25.74",
        "201103": "24.73",
        "201104": "26.45",
        "201105": "35.27",
        "201106": "36.15",
        "201107": "43.53",
        "201108": "43.63",
        "201109": "41.26",
        "201110": "39.62",
        "201111": "38.00",
        "201112": "34.90",
        "201201": "35.86",
        "201202": "37.18",
        "201203": "39.29",
        "201204": "35.19",
        "201205": "35.96",
        "201206": "35.16",
        "201207": "38.01",
        "201208": "39.38",
        "201209": "37.46",
        "201210": "35.94",
        "201211": "34.69",
        "201212": "35.37",
        "201301": "36.52",
        "201302": "36.64",
        "201303": "38.50",
        "201304": "38.76",
        "201305": "42.23",
        "201306": "41.27",
        "201307": "48.82",
        "201308": "47.81",
        "201309": "39.88",
        "201310": "40.25",
        "201311": "36.83",
        "201312": "37.35",
        "201401": "38.37",
        "201402": "37.31",
        "201403": "37.11",
        "201404": "39.50",
        "201405": "40.06",
        "201406": "40.54",
        "201407": "43.05",
        "201408": "40.27",
        "201409": "35.97",
        "201410": "32.50",
        "201411": "31.42",
        "201412": "30.60",
        "201501": "30.67",
        "201502": "30.53",
        "201503": "32.27",
        "201504": "35.07",
        "201505": "34.06",
        "201506": "32.07",
        "201507": "31.46",
        "201508": "28.16",
        "201509": "26.03",
        "201510": "27.15",
        "201511": "28.27",
        "201512": "28.28",
        "201601": "28.19",
        "201602": "28.78",
        "201603": "29.55",
        "201604": "29.46",
        "201605": "29.82",
        "201606": "31.28",
        "201607": "31.87",
        "201608": "32.21",
        "201609": "29.56",
        "201610": "29.41",
        "201611": "29.79",
        "201612": "30.97",
        "201701": "32.12",
        "201702": "31.86",
        "201703": "32.67",
        "201704": "34.89",
        "201705": "34.40",
        "201706": "35.26",
        "201707": "36.70",
        "201708": "35.73",
        "201709": "33.74",
        "201710": "33.06",
        "201711": "33.29",
        "201712": "33.44",
        "201801": "34.53",
        "201802": "34.04",
        "201803": "34.92",
        "201804": "34.87",
        "201805": "36.58",
        "201806": "37.94",
        "201807": "37.44",
        "201808": "37.99",
        "201809": "36.11",
        "201810": "34.20",
        "201811": "34.65",
        "201812": "36.63",
        "201901": "38.25",
        "201902": "39.84",
        "201903": "41.26",
        "201904": "44.91",
        "201905": "44.68",
        "201906": "45.05",
        "201907": "46.83",
        "201908": "44.92",
        "201909": "42.59",
        "201910": "41.22",
        "201911": "40.73",
        "201912": "41.50",
        "202001": "41.42",
        "202002": "41.17",
        "202003": "37.75",
        "202004": "40.08",
        "202005": "41.50",
        "202006": "42.48",
        "202007": "43.95",
        "202008": "42.20",
        "202009": "41.75",
        "202010": "42.34",
        "202011": "43.89",
        "202012": "45.28",
        "202101": "45.60",
        "202102": "45.62",
        "202103": "50.45",
        "202104": "57.71",
        "202105": "59.52",
        "202106": "61.84",
        "202107": "71.37",
        "202108": "72.79",
        "202109": "68.89",
        "202110": "66.74",
        "202111": "68.12",
        "202112": "68.60",
        "202201": "69.73",
        "202202": "74.09",
        "202203": "80.09",
        "202204": "86.09",
        "202205": "84.31",
        "202206": "85.33",
        "202207": "77.55",
        "202208": "75.50",
        "202209": "72.99",
        "202210": "67.57",
        "202211": "69.40",
        "202212": "73.71",
        "202301": "76.59",
        "202302": "84.05",
        "202303": "87.76",
        "202304": "90.88",
        "202305": "92.63"
    },
    "quarters": {
        "20011": {
            "year_quarter": 20011,
            "year": 2001,
            "quarter": 1,
            "eps": 0.44,
            "eps_growth_year": -42.11,
            "eps_4q": 0.86,
            "eps_4q_growth_year": -59.14,
            "roe": 2.85,
            "gross_profit": 161097,
            "gross_margin": 36.49,
            "net_income": 49373,
            "revenue": 441467,
            "common_shares": 1120000,
            "equity": 1686705,
            "current_ratio": 206.32,
            "debt_ratio": 28.31,
            "inventory_turnover_ratio": 0.86,
            "account_receivable_turnover_ratio": null,
            "reinvestment_rate": null,
            "research_to_sale_ratio": null,
            "price_fair": 0,
            "eps_avg_yearly": 0,
            "eps_latest_yearly": 0,
            "eps_growth_yearly": 0
        },
        "20012": {
            "year_quarter": 20012,
            "year": 2001,
            "quarter": 2,
            "eps": 0.01,
            "eps_growth_year": null,
            "eps_4q": 0.95,
            "eps_4q_growth_year": -45.62,
            "roe": 0.1,
            "gross_profit": 130007,
            "gross_margin": 36.63,
            "net_income": 1710,
            "revenue": 354901,
            "common_shares": 1120000,
            "equity": 1635847,
            "current_ratio": 171.84,
            "debt_ratio": 31.26,
            "inventory_turnover_ratio": 0.87,
            "account_receivable_turnover_ratio": null,
            "reinvestment_rate": null,
            "research_to_sale_ratio": null,
            "price_fair": 0,
            "eps_avg_yearly": 0,
            "eps_latest_yearly": 0,
            "eps_growth_yearly": 0
        },
        "20013": {
            "year_quarter": 20013,
            "year": 2001,
            "quarter": 3,
            "eps": 0.36,
            "eps_growth_year": 100,
            "eps_4q": 1.11,
            "eps_4q_growth_year": -16.1,
            "roe": 2.51,
            "gross_profit": 179777,
            "gross_margin": 37.96,
            "net_income": 41524,
            "revenue": 473533,
            "common_shares": 1154190,
            "equity": 1678860,
            "current_ratio": 127.63,
            "debt_ratio": 38.63,
            "inventory_turnover_ratio": 1.08,
            "account_receivable_turnover_ratio": null,
            "reinvestment_rate": null,
            "research_to_sale_ratio": null,
            "price_fair": 0,
            "eps_avg_yearly": 0,
            "eps_latest_yearly": 0,
            "eps_growth_yearly": 0
        },
        "20014": {
            "year_quarter": 20014,
            "year": 2001,
            "quarter": 4,
            "eps": -0.06,
            "eps_growth_year": -118.75,
            "eps_4q": 0.66,
            "eps_4q_growth_year": -43.29,
            "roe": -0.38,
            "gross_profit": 145770,
            "gross_margin": 25.7,
            "net_income": -6622,
            "revenue": 567119,
            "common_shares": 1154190,
            "equity": 1841884,
            "current_ratio": 161.28,
            "debt_ratio": 47.53,
            "inventory_turnover_ratio": 1.06,
            "account_receivable_turnover_ratio": null,
            "reinvestment_rate": null,
            "research_to_sale_ratio": null,
            "price_fair": 0,
            "eps_avg_yearly": 0,
            "eps_latest_yearly": 0,
            "eps_growth_yearly": 0
        },
        "20021": {
            "year_quarter": 20021,
            "year": 2002,
            "quarter": 1,
            "eps": 0.59,
            "eps_growth_year": 34.09,
            "eps_4q": 0.91,
            "eps_4q_growth_year": 4.92,
            "roe": 3.79,
            "gross_profit": 224726,
            "gross_margin": 29.4,
            "net_income": 68042,
            "revenue": 764470,
            "common_shares": 1154190,
            "equity": 1746243,
            "current_ratio": 177.41,
            "debt_ratio": 39.45,
            "inventory_turnover_ratio": 1.28,
            "account_receivable_turnover_ratio": null,
            "reinvestment_rate": null,
            "research_to_sale_ratio": null,
            "price_fair": 0,
            "eps_avg_yearly": 0,
            "eps_latest_yearly": 0,
            "eps_growth_yearly": 0
        },
        "20022": {
            "year_quarter": 20022,
            "year": 2002,
            "quarter": 2,
            "eps": -0.23,
            "eps_growth_year": -2400,
            "eps_4q": 0.66,
            "eps_4q_growth_year": -30.3,
            "roe": -1.56,
            "gross_profit": 139002,
            "gross_margin": 25.79,
            "net_income": -26386,
            "revenue": 538931,
            "common_shares": 1154190,
            "equity": 1639522,
            "current_ratio": 121.2,
            "debt_ratio": 47.37,
            "inventory_turnover_ratio": 1.23,
            "account_receivable_turnover_ratio": null,
            "reinvestment_rate": null,
            "research_to_sale_ratio": null,
            "price_fair": 0,
            "eps_avg_yearly": 0,
            "eps_latest_yearly": 0,
            "eps_growth_yearly": 0
        },
        "20023": {
            "year_quarter": 20023,
            "year": 2002,
            "quarter": 3,
            "eps": 0.52,
            "eps_growth_year": 44.44,
            "eps_4q": 0.82,
            "eps_4q_growth_year": -25.81,
            "roe": 3.56,
            "gross_profit": 240256,
            "gross_margin": 27.13,
            "net_income": 59731,
            "revenue": 885520,
            "common_shares": 1154190,
            "equity": 1718749,
            "current_ratio": 117.87,
            "debt_ratio": 50.22,
            "inventory_turnover_ratio": 2.03,
            "account_receivable_turnover_ratio": null,
            "reinvestment_rate": null,
            "research_to_sale_ratio": null,
            "price_fair": 0,
            "eps_avg_yearly": 0,
            "eps_latest_yearly": 0,
            "eps_growth_yearly": 0
        },
        "20024": {
            "year_quarter": 20024,
            "year": 2002,
            "quarter": 4,
            "eps": -0.26,
            "eps_growth_year": null,
            "eps_4q": 0.58,
            "eps_4q_growth_year": -11.22,
            "roe": -1.76,
            "gross_profit": 175428,
            "gross_margin": 24.55,
            "net_income": -30393,
            "revenue": 714656,
            "common_shares": 1154190,
            "equity": 1725975,
            "current_ratio": 169.07,
            "debt_ratio": 54.09,
            "inventory_turnover_ratio": 1.14,
            "account_receivable_turnover_ratio": null,
            "reinvestment_rate": 51.89,
            "research_to_sale_ratio": null,
            "price_fair": 0,
            "eps_avg_yearly": 0,
            "eps_latest_yearly": 0,
            "eps_growth_yearly": 0
        },
        "20031": {
            "year_quarter": 20031,
            "year": 2003,
            "quarter": 1,
            "eps": 0.11,
            "eps_growth_year": -81.36,
            "eps_4q": 0.14,
            "eps_4q_growth_year": -84.96,
            "roe": 0.72,
            "gross_profit": 218451,
            "gross_margin": 25.97,
            "net_income": 12244,
            "revenue": 841222,
            "common_shares": 1154190,
            "equity": 1697737,
            "current_ratio": 191.45,
            "debt_ratio": 49.15,
            "inventory_turnover_ratio": 1.27,
            "account_receivable_turnover_ratio": null,
            "reinvestment_rate": 7.56,
            "research_to_sale_ratio": null,
            "price_fair": 0,
            "eps_avg_yearly": 0,
            "eps_latest_yearly": 0,
            "eps_growth_yearly": 0
        },
        "20032": {
            "year_quarter": 20032,
            "year": 2003,
            "quarter": 2,
            "eps": 0.01,
            "eps_growth_year": null,
            "eps_4q": 0.37,
            "eps_4q_growth_year": -44.49,
            "roe": 0.05,
            "gross_profit": 181016,
            "gross_margin": 24.64,
            "net_income": 913,
            "revenue": 734778,
            "common_shares": 1154190,
            "equity": 1636050,
            "current_ratio": 176.15,
            "debt_ratio": 50.81,
            "inventory_turnover_ratio": 1.52,
            "account_receivable_turnover_ratio": null,
            "reinvestment_rate": 68.71,
            "research_to_sale_ratio": null,
            "price_fair": 0.12,
            "eps_avg_yearly": 0.04,
            "eps_latest_yearly": 0.04,
            "eps_growth_yearly": -363.64
        },
        "20033": {
            "year_quarter": 20033,
            "year": 2003,
            "quarter": 3,
            "eps": 0.51,
            "eps_growth_year": -1.92,
            "eps_4q": 0.36,
            "eps_4q_growth_year": -56.29,
            "roe": 3.55,
            "gross_profit": 215620,
            "gross_margin": 24.15,
            "net_income": 58846,
            "revenue": 892783,
            "common_shares": 1154190,
            "equity": 1681862,
            "current_ratio": 177.75,
            "debt_ratio": 49.43,
            "inventory_turnover_ratio": 1.88,
            "account_receivable_turnover_ratio": null,
            "reinvestment_rate": 71.28,
            "research_to_sale_ratio": null,
            "price_fair": 36.4,
            "eps_avg_yearly": 1.04,
            "eps_latest_yearly": 2.04,
            "eps_growth_yearly": 9818.18
        },
        "20034": {
            "year_quarter": 20034,
            "year": 2003,
            "quarter": 4,
            "eps": 0.11,
            "eps_growth_year": null,
            "eps_4q": 0.73,
            "eps_4q_growth_year": 24.69,
            "roe": 0.75,
            "gross_profit": 172345,
            "gross_margin": 23.51,
            "net_income": 12831,
            "revenue": 732985,
            "common_shares": 1154190,
            "equity": 1743074,
            "current_ratio": 175.59,
            "debt_ratio": 49.6,
            "inventory_turnover_ratio": 1.22,
            "account_receivable_turnover_ratio": null,
            "reinvestment_rate": 143.66,
            "research_to_sale_ratio": null,
            "price_fair": 29.4,
            "eps_avg_yearly": 0.84,
            "eps_latest_yearly": 0.44,
            "eps_growth_yearly": 6440.88
        },
        "20041": {
            "year_quarter": 20041,
            "year": 2004,
            "quarter": 1,
            "eps": 0.21,
            "eps_growth_year": 90.91,
            "eps_4q": 0.83,
            "eps_4q_growth_year": 507.26,
            "roe": 1.42,
            "gross_profit": 191040,
            "gross_margin": 23,
            "net_income": 24625,
            "revenue": 830456,
            "common_shares": 1154190,
            "equity": 1715135,
            "current_ratio": 199.21,
            "debt_ratio": 43.23,
            "inventory_turnover_ratio": 1.45,
            "account_receivable_turnover_ratio": null,
            "reinvestment_rate": 95.45,
            "research_to_sale_ratio": null,
            "price_fair": 29.4,
            "eps_avg_yearly": 0.84,
            "eps_latest_yearly": 0.84,
            "eps_growth_yearly": 4921.57
        },
        "20042": {
            "year_quarter": 20042,
            "year": 2004,
            "quarter": 2,
            "eps": -0.04,
            "eps_growth_year": -500,
            "eps_4q": 0.79,
            "eps_4q_growth_year": 114.49,
            "roe": -0.31,
            "gross_profit": 141120,
            "gross_margin": 21.35,
            "net_income": -5153,
            "revenue": 660890,
            "common_shares": 1154190,
            "equity": 1657235,
            "current_ratio": 165.58,
            "debt_ratio": 44.84,
            "inventory_turnover_ratio": 1.72,
            "account_receivable_turnover_ratio": null,
            "reinvestment_rate": 98.02,
            "research_to_sale_ratio": null,
            "price_fair": 29.4,
            "eps_avg_yearly": 0.84,
            "eps_latest_yearly": 0.84,
            "eps_growth_yearly": 4921.57
        },
        "20043": {
            "year_quarter": 20043,
            "year": 2004,
            "quarter": 3,
            "eps": 0.11,
            "eps_growth_year": -78.43,
            "eps_4q": 0.38,
            "eps_4q_growth_year": 5.75,
            "roe": 0.79,
            "gross_profit": 200840,
            "gross_margin": 25.21,
            "net_income": 13094,
            "revenue": 796696,
            "common_shares": 1154190,
            "equity": 1675779,
            "current_ratio": 175.29,
            "debt_ratio": 43.99,
            "inventory_turnover_ratio": 2.19,
            "account_receivable_turnover_ratio": null,
            "reinvestment_rate": 98.1,
            "research_to_sale_ratio": null,
            "price_fair": 29.4,
            "eps_avg_yearly": 0.84,
            "eps_latest_yearly": 0.84,
            "eps_growth_yearly": 4921.57
        },
        "20044": {
            "year_quarter": 20044,
            "year": 2004,
            "quarter": 4,
            "eps": 0.16,
            "eps_growth_year": 45.45,
            "eps_4q": 0.45,
            "eps_4q_growth_year": -38.14,
            "roe": 1.07,
            "gross_profit": 140701,
            "gross_margin": 22.03,
            "net_income": 17976,
            "revenue": 638771,
            "common_shares": 1154190,
            "equity": 1690990,
            "current_ratio": 184.94,
            "debt_ratio": 46.34,
            "inventory_turnover_ratio": 1.1,
            "account_receivable_turnover_ratio": null,
            "reinvestment_rate": 91.9,
            "research_to_sale_ratio": null,
            "price_fair": 28,
            "eps_avg_yearly": 0.8,
            "eps_latest_yearly": 0.64,
            "eps_growth_yearly": 3973.62
        },
        "20051": {
            "year_quarter": 20051,
            "year": 2005,
            "quarter": 1,
            "eps": 0.34,
            "eps_growth_year": 61.9,
            "eps_4q": 0.57,
            "eps_4q_growth_year": -31.51,
            "roe": 2.29,
            "gross_profit": 221992,
            "gross_margin": 25.85,
            "net_income": 38674,
            "revenue": 858735,
            "common_shares": 1154190,
            "equity": 1689922,
            "current_ratio": 227.26,
            "debt_ratio": 39.95,
            "inventory_turnover_ratio": 1.21,
            "account_receivable_turnover_ratio": null,
            "reinvestment_rate": 103.83,
            "research_to_sale_ratio": null,
            "price_fair": 31.27,
            "eps_avg_yearly": 0.89,
            "eps_latest_yearly": 1.36,
            "eps_growth_yearly": 3386.35
        },
        "20052": {
            "year_quarter": 20052,
            "year": 2005,
            "quarter": 2,
            "eps": 0.15,
            "eps_growth_year": null,
            "eps_4q": 0.74,
            "eps_4q_growth_year": -6.11,
            "roe": 1.06,
            "gross_profit": 188505,
            "gross_margin": 26.57,
            "net_income": 17688,
            "revenue": 709371,
            "common_shares": 1154190,
            "equity": 1650108,
            "current_ratio": 209.25,
            "debt_ratio": 39.83,
            "inventory_turnover_ratio": 1.04,
            "account_receivable_turnover_ratio": null,
            "reinvestment_rate": 94.95,
            "research_to_sale_ratio": null,
            "price_fair": 29.8,
            "eps_avg_yearly": 0.85,
            "eps_latest_yearly": 0.6,
            "eps_growth_yearly": 2870.65
        },
        "20053": {
            "year_quarter": 20053,
            "year": 2005,
            "quarter": 3,
            "eps": 0.09,
            "eps_growth_year": -18.18,
            "eps_4q": 0.76,
            "eps_4q_growth_year": 100.25,
            "roe": 0.59,
            "gross_profit": 193669,
            "gross_margin": 23.03,
            "net_income": 9931,
            "revenue": 841029,
            "common_shares": 1154190,
            "equity": 1690153,
            "current_ratio": 227.74,
            "debt_ratio": 38.79,
            "inventory_turnover_ratio": 1.12,
            "account_receivable_turnover_ratio": null,
            "reinvestment_rate": 64.41,
            "research_to_sale_ratio": null,
            "price_fair": 27.65,
            "eps_avg_yearly": 0.79,
            "eps_latest_yearly": 0.36,
            "eps_growth_yearly": 2491.82
        },
        "20054": {
            "year_quarter": 20054,
            "year": 2005,
            "quarter": 4,
            "eps": -0.12,
            "eps_growth_year": -175,
            "eps_4q": 0.56,
            "eps_4q_growth_year": 23.55,
            "roe": -0.83,
            "gross_profit": 172755,
            "gross_margin": 23.65,
            "net_income": -13974,
            "revenue": 730330,
            "common_shares": 1154190,
            "equity": 1693913,
            "current_ratio": 212,
            "debt_ratio": 43.73,
            "inventory_turnover_ratio": 0.88,
            "account_receivable_turnover_ratio": null,
            "reinvestment_rate": -39.13,
            "research_to_sale_ratio": null,
            "price_fair": 27.65,
            "eps_avg_yearly": 0.79,
            "eps_latest_yearly": 0.36,
            "eps_growth_yearly": 2491.82
        },
        "20061": {
            "year_quarter": 20061,
            "year": 2006,
            "quarter": 1,
            "eps": 0,
            "eps_growth_year": -100,
            "eps_4q": 0.12,
            "eps_4q_growth_year": -79.03,
            "roe": 0.01,
            "gross_profit": 223158,
            "gross_margin": 25.34,
            "net_income": 99,
            "revenue": 880728,
            "common_shares": 1154190,
            "equity": 1668265,
            "current_ratio": 209.49,
            "debt_ratio": 39.87,
            "inventory_turnover_ratio": 1.08,
            "account_receivable_turnover_ratio": null,
            "reinvestment_rate": 65.99,
            "research_to_sale_ratio": null,
            "price_fair": 27.65,
            "eps_avg_yearly": 0.79,
            "eps_latest_yearly": 0.36,
            "eps_growth_yearly": 2491.82
        },
        "20062": {
            "year_quarter": 20062,
            "year": 2006,
            "quarter": 2,
            "eps": -0.09,
            "eps_growth_year": -160,
            "eps_4q": -0.13,
            "eps_4q_growth_year": -117.1,
            "roe": -0.66,
            "gross_profit": 204187,
            "gross_margin": 26.76,
            "net_income": -10687,
            "revenue": 763158,
            "common_shares": 1154190,
            "equity": 1593286,
            "current_ratio": 179.26,
            "debt_ratio": 43.85,
            "inventory_turnover_ratio": 0.87,
            "account_receivable_turnover_ratio": null,
            "reinvestment_rate": -52.17,
            "research_to_sale_ratio": null,
            "price_fair": 27.65,
            "eps_avg_yearly": 0.79,
            "eps_latest_yearly": 0.36,
            "eps_growth_yearly": 2491.82
        },
        "20063": {
            "year_quarter": 20063,
            "year": 2006,
            "quarter": 3,
            "eps": 0.31,
            "eps_growth_year": 244.44,
            "eps_4q": 0.1,
            "eps_4q_growth_year": -87.43,
            "roe": 2.2,
            "gross_profit": 233427,
            "gross_margin": 26.47,
            "net_income": 35584,
            "revenue": 881865,
            "common_shares": 1154190,
            "equity": 1647858,
            "current_ratio": 201.99,
            "debt_ratio": 38.76,
            "inventory_turnover_ratio": 0.88,
            "account_receivable_turnover_ratio": null,
            "reinvestment_rate": -53.79,
            "research_to_sale_ratio": null,
            "price_fair": 27.65,
            "eps_avg_yearly": 0.79,
            "eps_latest_yearly": 0.36,
            "eps_growth_yearly": 2491.82
        },
        "20064": {
            "year_quarter": 20064,
            "year": 2006,
            "quarter": 4,
            "eps": 0.2,
            "eps_growth_year": null,
            "eps_4q": 0.42,
            "eps_4q_growth_year": -24.8,
            "roe": 1.38,
            "gross_profit": 181891,
            "gross_margin": 25.17,
            "net_income": 22936,
            "revenue": 722635,
            "common_shares": 1154190,
            "equity": 1687328,
            "current_ratio": 214.9,
            "debt_ratio": 39.27,
            "inventory_turnover_ratio": 0.72,
            "account_receivable_turnover_ratio": null,
            "reinvestment_rate": -130.97,
            "research_to_sale_ratio": null,
            "price_fair": 27.69,
            "eps_avg_yearly": 0.79,
            "eps_latest_yearly": 0.8,
            "eps_growth_yearly": 2199.18
        },
        "20071": {
            "year_quarter": 20071,
            "year": 2007,
            "quarter": 1,
            "eps": 0.23,
            "eps_growth_year": null,
            "eps_4q": 0.65,
            "eps_4q_growth_year": 443.77,
            "roe": 1.56,
            "gross_profit": 297135,
            "gross_margin": 29.3,
            "net_income": 26350,
            "revenue": 1014206,
            "common_shares": 1154190,
            "equity": 1697372,
            "current_ratio": 195.01,
            "debt_ratio": 39.84,
            "inventory_turnover_ratio": 0.93,
            "account_receivable_turnover_ratio": null,
            "reinvestment_rate": -45.63,
            "research_to_sale_ratio": null,
            "price_fair": 28.14,
            "eps_avg_yearly": 0.8,
            "eps_latest_yearly": 0.92,
            "eps_growth_yearly": 1985.26
        },
        "20072": {
            "year_quarter": 20072,
            "year": 2007,
            "quarter": 2,
            "eps": 0.09,
            "eps_growth_year": null,
            "eps_4q": 0.85,
            "eps_4q_growth_year": null,
            "roe": 0.6,
            "gross_profit": 185981,
            "gross_margin": 25.77,
            "net_income": 10061,
            "revenue": 721719,
            "common_shares": 1154190,
            "equity": 1650185,
            "current_ratio": 201.15,
            "debt_ratio": 37.95,
            "inventory_turnover_ratio": 0.72,
            "account_receivable_turnover_ratio": null,
            "reinvestment_rate": -39.77,
            "research_to_sale_ratio": null,
            "price_fair": 29.26,
            "eps_avg_yearly": 0.84,
            "eps_latest_yearly": 0.36,
            "eps_growth_yearly": 1997.28
        },
        "20073": {
            "year_quarter": 20073,
            "year": 2007,
            "quarter": 3,
            "eps": 0.28,
            "eps_growth_year": -9.68,
            "eps_4q": 0.79,
            "eps_4q_growth_year": 725.7,
            "roe": 1.94,
            "gross_profit": 259793,
            "gross_margin": 28.75,
            "net_income": 32402,
            "revenue": 903583,
            "common_shares": 1154190,
            "equity": 1683959,
            "current_ratio": 211.42,
            "debt_ratio": 36.83,
            "inventory_turnover_ratio": 0.9,
            "account_receivable_turnover_ratio": null,
            "reinvestment_rate": -44.25,
            "research_to_sale_ratio": null,
            "price_fair": 26.04,
            "eps_avg_yearly": 0.74,
            "eps_latest_yearly": 1.12,
            "eps_growth_yearly": 81.72
        },
        "20074": {
            "year_quarter": 20074,
            "year": 2007,
            "quarter": 4,
            "eps": 0.11,
            "eps_growth_year": -45,
            "eps_4q": 0.73,
            "eps_4q_growth_year": 74.23,
            "roe": 0.72,
            "gross_profit": 226869,
            "gross_margin": 28.05,
            "net_income": 12244,
            "revenue": 808675,
            "common_shares": 1154190,
            "equity": 1713953,
            "current_ratio": 281.18,
            "debt_ratio": 36.98,
            "inventory_turnover_ratio": 0.76,
            "account_receivable_turnover_ratio": null,
            "reinvestment_rate": -166.38,
            "research_to_sale_ratio": null,
            "price_fair": 26.04,
            "eps_avg_yearly": 0.74,
            "eps_latest_yearly": 0.44,
            "eps_growth_yearly": 88.81
        },
        "20081": {
            "year_quarter": 20081,
            "year": 2008,
            "quarter": 1,
            "eps": 0.17,
            "eps_growth_year": -26.09,
            "eps_4q": 0.68,
            "eps_4q_growth_year": 4.62,
            "roe": 1.09,
            "gross_profit": 288088,
            "gross_margin": 27.29,
            "net_income": 18701,
            "revenue": 1055600,
            "common_shares": 1154190,
            "equity": 1730322,
            "current_ratio": 271.35,
            "debt_ratio": 41.38,
            "inventory_turnover_ratio": 0.91,
            "account_receivable_turnover_ratio": null,
            "reinvestment_rate": 16,
            "research_to_sale_ratio": null,
            "price_fair": 25.48,
            "eps_avg_yearly": 0.73,
            "eps_latest_yearly": 0.68,
            "eps_growth_yearly": 74.26
        },
        "20082": {
            "year_quarter": 20082,
            "year": 2008,
            "quarter": 2,
            "eps": 0.16,
            "eps_growth_year": 77.78,
            "eps_4q": 0.75,
            "eps_4q_growth_year": -12,
            "roe": 1.05,
            "gross_profit": 208486,
            "gross_margin": 25.7,
            "net_income": 17877,
            "revenue": 811291,
            "common_shares": 1154190,
            "equity": 1666036,
            "current_ratio": 260.01,
            "debt_ratio": 41.95,
            "inventory_turnover_ratio": 0.72,
            "account_receivable_turnover_ratio": null,
            "reinvestment_rate": 15.44,
            "research_to_sale_ratio": null,
            "price_fair": 25.2,
            "eps_avg_yearly": 0.72,
            "eps_latest_yearly": 0.64,
            "eps_growth_yearly": 65.37
        },
        "20083": {
            "year_quarter": 20083,
            "year": 2008,
            "quarter": 3,
            "eps": 0.24,
            "eps_growth_year": -14.29,
            "eps_4q": 0.71,
            "eps_4q_growth_year": -10.61,
            "roe": 1.58,
            "gross_profit": 242251,
            "gross_margin": 25.09,
            "net_income": 26797,
            "revenue": 965340,
            "common_shares": 1154190,
            "equity": 1725842,
            "current_ratio": 296.49,
            "debt_ratio": 37.74,
            "inventory_turnover_ratio": 0.89,
            "account_receivable_turnover_ratio": null,
            "reinvestment_rate": 25.89,
            "research_to_sale_ratio": null,
            "price_fair": 25.9,
            "eps_avg_yearly": 0.74,
            "eps_latest_yearly": 0.96,
            "eps_growth_yearly": 76.59
        },
        "20084": {
            "year_quarter": 20084,
            "year": 2008,
            "quarter": 4,
            "eps": 0.27,
            "eps_growth_year": 145.45,
            "eps_4q": 0.89,
            "eps_4q_growth_year": 22.76,
            "roe": 1.72,
            "gross_profit": 277744,
            "gross_margin": 29.75,
            "net_income": 29618,
            "revenue": 933483,
            "common_shares": 1154190,
            "equity": 1726297,
            "current_ratio": 242.15,
            "debt_ratio": 41.46,
            "inventory_turnover_ratio": 0.82,
            "account_receivable_turnover_ratio": 2.98,
            "reinvestment_rate": -78.76,
            "research_to_sale_ratio": null,
            "price_fair": 27.18,
            "eps_avg_yearly": 0.78,
            "eps_latest_yearly": 1.08,
            "eps_growth_yearly": 65.61
        },
        "20091": {
            "year_quarter": 20091,
            "year": 2009,
            "quarter": 1,
            "eps": 0.16,
            "eps_growth_year": -5.88,
            "eps_4q": 0.9,
            "eps_4q_growth_year": 32.76,
            "roe": 0.98,
            "gross_profit": 270360,
            "gross_margin": 26.68,
            "net_income": 17131,
            "revenue": 1013403,
            "common_shares": 1154190,
            "equity": 1752565,
            "current_ratio": 277.47,
            "debt_ratio": 38.1,
            "inventory_turnover_ratio": 1.03,
            "account_receivable_turnover_ratio": 1.55,
            "reinvestment_rate": 34.3,
            "research_to_sale_ratio": null,
            "price_fair": 17.58,
            "eps_avg_yearly": 0.72,
            "eps_latest_yearly": 0.64,
            "eps_growth_yearly": 14.53
        },
        "20092": {
            "year_quarter": 20092,
            "year": 2009,
            "quarter": 2,
            "eps": 0.14,
            "eps_growth_year": -12.5,
            "eps_4q": 0.86,
            "eps_4q_growth_year": 15.56,
            "roe": 0.88,
            "gross_profit": 210211,
            "gross_margin": 25.45,
            "net_income": 15113,
            "revenue": 826045,
            "common_shares": 1154190,
            "equity": 1678039,
            "current_ratio": 250.06,
            "debt_ratio": 39.45,
            "inventory_turnover_ratio": 0.85,
            "account_receivable_turnover_ratio": 1.34,
            "reinvestment_rate": 55.69,
            "research_to_sale_ratio": null,
            "price_fair": 24.97,
            "eps_avg_yearly": 0.71,
            "eps_latest_yearly": 0.56,
            "eps_growth_yearly": 28.99
        },
        "20093": {
            "year_quarter": 20093,
            "year": 2009,
            "quarter": 3,
            "eps": 0.58,
            "eps_growth_year": 141.67,
            "eps_4q": 1.16,
            "eps_4q_growth_year": 63.05,
            "roe": 3.9,
            "gross_profit": 311885,
            "gross_margin": 32.11,
            "net_income": 66588,
            "revenue": 971396,
            "common_shares": 1154190,
            "equity": 1740387,
            "current_ratio": 303.5,
            "debt_ratio": 42.11,
            "inventory_turnover_ratio": 0.84,
            "account_receivable_turnover_ratio": 1.6,
            "reinvestment_rate": 25,
            "research_to_sale_ratio": null,
            "price_fair": 30.68,
            "eps_avg_yearly": 0.88,
            "eps_latest_yearly": 2.32,
            "eps_growth_yearly": 147.08
        },
        "20094": {
            "year_quarter": 20094,
            "year": 2009,
            "quarter": 4,
            "eps": 0.15,
            "eps_growth_year": -44.44,
            "eps_4q": 1.03,
            "eps_4q_growth_year": 14.81,
            "roe": 0.97,
            "gross_profit": 227521,
            "gross_margin": 26.99,
            "net_income": 16970,
            "revenue": 842921,
            "common_shares": 1154190,
            "equity": 1748486,
            "current_ratio": 264.86,
            "debt_ratio": 43.37,
            "inventory_turnover_ratio": 0.75,
            "account_receivable_turnover_ratio": 2.85,
            "reinvestment_rate": -37.6,
            "research_to_sale_ratio": null,
            "price_fair": 29.94,
            "eps_avg_yearly": 0.86,
            "eps_latest_yearly": 0.6,
            "eps_growth_yearly": 112.96
        },
        "20101": {
            "year_quarter": 20101,
            "year": 2010,
            "quarter": 1,
            "eps": 0.64,
            "eps_growth_year": 300,
            "eps_4q": 1.51,
            "eps_4q_growth_year": 68.03,
            "roe": 4.12,
            "gross_profit": 331381,
            "gross_margin": 29.13,
            "net_income": 73533,
            "revenue": 1137677,
            "common_shares": 1154190,
            "equity": 1820801,
            "current_ratio": 233.72,
            "debt_ratio": 43.74,
            "inventory_turnover_ratio": 1.04,
            "account_receivable_turnover_ratio": 1.65,
            "reinvestment_rate": 13.4,
            "research_to_sale_ratio": 0.68,
            "price_fair": 34.2,
            "eps_avg_yearly": 0.98,
            "eps_latest_yearly": 2.56,
            "eps_growth_yearly": 198.22
        },
        "20102": {
            "year_quarter": 20102,
            "year": 2010,
            "quarter": 2,
            "eps": 0.36,
            "eps_growth_year": 154.32,
            "eps_4q": 1.73,
            "eps_4q_growth_year": 100.2,
            "roe": 2.25,
            "gross_profit": 246177,
            "gross_margin": 26.87,
            "net_income": 40604,
            "revenue": 916339,
            "common_shares": 1154190,
            "equity": 1784149,
            "current_ratio": 190.26,
            "debt_ratio": 43.85,
            "inventory_turnover_ratio": 0.88,
            "account_receivable_turnover_ratio": 1.27,
            "reinvestment_rate": 14.32,
            "research_to_sale_ratio": 1.08,
            "price_fair": 35.28,
            "eps_avg_yearly": 1.01,
            "eps_latest_yearly": 1.44,
            "eps_growth_yearly": 173.34
        },
        "20103": {
            "year_quarter": 20103,
            "year": 2010,
            "quarter": 3,
            "eps": 0.85,
            "eps_growth_year": 46.29,
            "eps_4q": 1.99,
            "eps_4q_growth_year": 72.47,
            "roe": 5.32,
            "gross_profit": 376546,
            "gross_margin": 30.86,
            "net_income": 97415,
            "revenue": 1220127,
            "common_shares": 1154190,
            "equity": 1878138,
            "current_ratio": 197.39,
            "debt_ratio": 42.64,
            "inventory_turnover_ratio": 1,
            "account_receivable_turnover_ratio": 1.61,
            "reinvestment_rate": 11.64,
            "research_to_sale_ratio": 0.78,
            "price_fair": 40.51,
            "eps_avg_yearly": 1.16,
            "eps_latest_yearly": 3.4,
            "eps_growth_yearly": 196.54
        },
        "20104": {
            "year_quarter": 20104,
            "year": 2010,
            "quarter": 4,
            "eps": 0.8,
            "eps_growth_year": 434.51,
            "eps_4q": 2.65,
            "eps_4q_growth_year": 157.97,
            "roe": 4.8,
            "gross_profit": 338206,
            "gross_margin": 28.86,
            "net_income": 92224,
            "revenue": 1171918,
            "common_shares": 1154190,
            "equity": 1966596,
            "current_ratio": 201.55,
            "debt_ratio": 41.6,
            "inventory_turnover_ratio": 0.92,
            "account_receivable_turnover_ratio": 1.37,
            "reinvestment_rate": -20.72,
            "research_to_sale_ratio": 0.86,
            "price_fair": 45.76,
            "eps_avg_yearly": 1.31,
            "eps_latest_yearly": 3.2,
            "eps_growth_yearly": 203.94
        },
        "20111": {
            "year_quarter": 20111,
            "year": 2011,
            "quarter": 1,
            "eps": 0.89,
            "eps_growth_year": 39.06,
            "eps_4q": 2.9,
            "eps_4q_growth_year": 91.97,
            "roe": 5.09,
            "gross_profit": 424459,
            "gross_margin": 31.69,
            "net_income": 102736,
            "revenue": 1339595,
            "common_shares": 1154190,
            "equity": 2071882,
            "current_ratio": 238.64,
            "debt_ratio": 43.43,
            "inventory_turnover_ratio": 0.98,
            "account_receivable_turnover_ratio": 1.53,
            "reinvestment_rate": 42.42,
            "research_to_sale_ratio": 0.76,
            "price_fair": 51.54,
            "eps_avg_yearly": 1.47,
            "eps_latest_yearly": 3.56,
            "eps_growth_yearly": 203
        },
        "20112": {
            "year_quarter": 20112,
            "year": 2011,
            "quarter": 2,
            "eps": 0.96,
            "eps_growth_year": 170.31,
            "eps_4q": 3.43,
            "eps_4q_growth_year": 98.58,
            "roe": 5.52,
            "gross_profit": 377799,
            "gross_margin": 30.31,
            "net_income": 114002,
            "revenue": 1246511,
            "common_shares": 1154190,
            "equity": 2056705,
            "current_ratio": 217.52,
            "debt_ratio": 47.06,
            "inventory_turnover_ratio": 0.86,
            "account_receivable_turnover_ratio": 1.38,
            "reinvestment_rate": 31.73,
            "research_to_sale_ratio": 0.78,
            "price_fair": 59.15,
            "eps_avg_yearly": 1.69,
            "eps_latest_yearly": 3.84,
            "eps_growth_yearly": 220.18
        },
        "20113": {
            "year_quarter": 20113,
            "year": 2011,
            "quarter": 3,
            "eps": 0.58,
            "eps_growth_year": -32.15,
            "eps_4q": 3.19,
            "eps_4q_growth_year": 59.83,
            "roe": 3.24,
            "gross_profit": 371011,
            "gross_margin": 28.12,
            "net_income": 67879,
            "revenue": 1319251,
            "common_shares": 1188816,
            "equity": 2138548,
            "current_ratio": 180.1,
            "debt_ratio": 53.45,
            "inventory_turnover_ratio": 0.85,
            "account_receivable_turnover_ratio": 1.43,
            "reinvestment_rate": 136.97,
            "research_to_sale_ratio": 0.89,
            "price_fair": 61.78,
            "eps_avg_yearly": 1.77,
            "eps_latest_yearly": 2.32,
            "eps_growth_yearly": 157.51
        },
        "20114": {
            "year_quarter": 20114,
            "year": 2011,
            "quarter": 4,
            "eps": 0.61,
            "eps_growth_year": -24.08,
            "eps_4q": 3.02,
            "eps_4q_growth_year": 13.9,
            "roe": 3.36,
            "gross_profit": 423466,
            "gross_margin": 29.71,
            "net_income": 72854,
            "revenue": 1425133,
            "common_shares": 1188816,
            "equity": 2199314,
            "current_ratio": 189.28,
            "debt_ratio": 53.85,
            "inventory_turnover_ratio": 0.94,
            "account_receivable_turnover_ratio": 1.39,
            "reinvestment_rate": 115.65,
            "research_to_sale_ratio": 1.07,
            "price_fair": 66.15,
            "eps_avg_yearly": 1.89,
            "eps_latest_yearly": 2.44,
            "eps_growth_yearly": 173.98
        },
        "20121": {
            "year_quarter": 20121,
            "year": 2012,
            "quarter": 1,
            "eps": 0.66,
            "eps_growth_year": -25.84,
            "eps_4q": 2.81,
            "eps_4q_growth_year": -3.08,
            "roe": 3.51,
            "gross_profit": 373357,
            "gross_margin": 27.89,
            "net_income": 78474,
            "revenue": 1338844,
            "common_shares": 1188816,
            "equity": 2273175,
            "current_ratio": 191.62,
            "debt_ratio": 52.02,
            "inventory_turnover_ratio": 0.97,
            "account_receivable_turnover_ratio": 1.33,
            "reinvestment_rate": 109.77,
            "research_to_sale_ratio": 0.89,
            "price_fair": 70.44,
            "eps_avg_yearly": 2.01,
            "eps_latest_yearly": 2.64,
            "eps_growth_yearly": 162.39
        },
        "20122": {
            "year_quarter": 20122,
            "year": 2012,
            "quarter": 2,
            "eps": 0.78,
            "eps_growth_year": -18.57,
            "eps_4q": 2.58,
            "eps_4q_growth_year": -24.88,
            "roe": 4.24,
            "gross_profit": 357201,
            "gross_margin": 28.98,
            "net_income": 95385,
            "revenue": 1232697,
            "common_shares": 1188816,
            "equity": 2227355,
            "current_ratio": 169.45,
            "debt_ratio": 55.18,
            "inventory_turnover_ratio": 0.82,
            "account_receivable_turnover_ratio": 1.35,
            "reinvestment_rate": 102.97,
            "research_to_sale_ratio": 1.24,
            "price_fair": 75.86,
            "eps_avg_yearly": 2.17,
            "eps_latest_yearly": 3.12,
            "eps_growth_yearly": 168.41
        },
        "20123": {
            "year_quarter": 20123,
            "year": 2012,
            "quarter": 3,
            "eps": 0.94,
            "eps_growth_year": 64.13,
            "eps_4q": 2.97,
            "eps_4q_growth_year": -6.92,
            "roe": 5.04,
            "gross_profit": 439274,
            "gross_margin": 30.15,
            "net_income": 115090,
            "revenue": 1456835,
            "common_shares": 1224480,
            "equity": 2338738,
            "current_ratio": 189.89,
            "debt_ratio": 51.21,
            "inventory_turnover_ratio": 0.91,
            "account_receivable_turnover_ratio": 1.46,
            "reinvestment_rate": 93.21,
            "research_to_sale_ratio": 1.07,
            "price_fair": 81.99,
            "eps_avg_yearly": 2.34,
            "eps_latest_yearly": 3.76,
            "eps_growth_yearly": 161.04
        },
        "20124": {
            "year_quarter": 20124,
            "year": 2012,
            "quarter": 4,
            "eps": 0.62,
            "eps_growth_year": 2.57,
            "eps_4q": 3,
            "eps_4q_growth_year": -0.57,
            "roe": 3.28,
            "gross_profit": 352791,
            "gross_margin": 27.75,
            "net_income": 77546,
            "revenue": 1271221,
            "common_shares": 1224480,
            "equity": 2382596,
            "current_ratio": 196.94,
            "debt_ratio": 50.48,
            "inventory_turnover_ratio": 0.85,
            "account_receivable_turnover_ratio": 1.26,
            "reinvestment_rate": 91.88,
            "research_to_sale_ratio": 1.43,
            "price_fair": 85.05,
            "eps_avg_yearly": 2.43,
            "eps_latest_yearly": 2.48,
            "eps_growth_yearly": 149.4
        },
        "20131": {
            "year_quarter": 20131,
            "year": 2013,
            "quarter": 1,
            "eps": 0.91,
            "eps_growth_year": 37.88,
            "eps_4q": 3.27,
            "eps_4q_growth_year": 16.22,
            "roe": 4.62,
            "gross_profit": 404857,
            "gross_margin": 27.31,
            "net_income": 111496,
            "revenue": 1482501,
            "common_shares": 1224480,
            "equity": 2442044,
            "current_ratio": 197.5,
            "debt_ratio": 51.16,
            "inventory_turnover_ratio": 1.06,
            "account_receivable_turnover_ratio": 1.44,
            "reinvestment_rate": 80.88,
            "research_to_sale_ratio": 1.03,
            "price_fair": 91.61,
            "eps_avg_yearly": 2.62,
            "eps_latest_yearly": 3.64,
            "eps_growth_yearly": 171.28
        },
        "20132": {
            "year_quarter": 20132,
            "year": 2013,
            "quarter": 2,
            "eps": 0.4,
            "eps_growth_year": -48.96,
            "eps_4q": 2.67,
            "eps_4q_growth_year": 3.66,
            "roe": 2,
            "gross_profit": 265286,
            "gross_margin": 22.63,
            "net_income": 48070,
            "revenue": 1172043,
            "common_shares": 1224480,
            "equity": 2359578,
            "current_ratio": 165.35,
            "debt_ratio": 54.46,
            "inventory_turnover_ratio": 0.87,
            "account_receivable_turnover_ratio": 1.17,
            "reinvestment_rate": 88.08,
            "research_to_sale_ratio": 1.41,
            "price_fair": 93.89,
            "eps_avg_yearly": 2.68,
            "eps_latest_yearly": 1.6,
            "eps_growth_yearly": 160.39
        },
        "20133": {
            "year_quarter": 20133,
            "year": 2013,
            "quarter": 3,
            "eps": 0.45,
            "eps_growth_year": -52.38,
            "eps_4q": 2.25,
            "eps_4q_growth_year": -24.12,
            "roe": 2.48,
            "gross_profit": 337051,
            "gross_margin": 24.7,
            "net_income": 59331,
            "revenue": 1364611,
            "common_shares": 1322438,
            "equity": 2416929,
            "current_ratio": 174.48,
            "debt_ratio": 53.03,
            "inventory_turnover_ratio": 0.92,
            "account_receivable_turnover_ratio": 1.43,
            "reinvestment_rate": 112.63,
            "research_to_sale_ratio": 1.31,
            "price_fair": 92.75,
            "eps_avg_yearly": 2.65,
            "eps_latest_yearly": 1.8,
            "eps_growth_yearly": 84.95
        },
        "20134": {
            "year_quarter": 20134,
            "year": 2013,
            "quarter": 4,
            "eps": 0.92,
            "eps_growth_year": 47.2,
            "eps_4q": 2.59,
            "eps_4q_growth_year": -13.59,
            "roe": 4.86,
            "gross_profit": 367849,
            "gross_margin": 26.9,
            "net_income": 120285,
            "revenue": 1367682,
            "common_shares": 1322438,
            "equity": 2534957,
            "current_ratio": 173.88,
            "debt_ratio": 53.52,
            "inventory_turnover_ratio": 0.95,
            "account_receivable_turnover_ratio": 1.33,
            "reinvestment_rate": 125.83,
            "research_to_sale_ratio": 1.12,
            "price_fair": 99.49,
            "eps_avg_yearly": 2.84,
            "eps_latest_yearly": 3.68,
            "eps_growth_yearly": 129.59
        },
        "20141": {
            "year_quarter": 20141,
            "year": 2014,
            "quarter": 1,
            "eps": 0.2,
            "eps_growth_year": -78.02,
            "eps_4q": 1.94,
            "eps_4q_growth_year": -40.65,
            "roe": 1.04,
            "gross_profit": 277010,
            "gross_margin": 21.47,
            "net_income": 26613,
            "revenue": 1290135,
            "common_shares": 1322438,
            "equity": 2563170,
            "current_ratio": 123.8,
            "debt_ratio": 56.68,
            "inventory_turnover_ratio": 0.91,
            "account_receivable_turnover_ratio": 1.32,
            "reinvestment_rate": 145.04,
            "research_to_sale_ratio": 1.79,
            "price_fair": 95.64,
            "eps_avg_yearly": 2.73,
            "eps_latest_yearly": 0.8,
            "eps_growth_yearly": 28.36
        },
        "20142": {
            "year_quarter": 20142,
            "year": 2014,
            "quarter": 2,
            "eps": 0.13,
            "eps_growth_year": -67.5,
            "eps_4q": 1.52,
            "eps_4q_growth_year": -43.2,
            "roe": 0.63,
            "gross_profit": 261718,
            "gross_margin": 18.97,
            "net_income": 15853,
            "revenue": 1379860,
            "common_shares": 1322438,
            "equity": 2443910,
            "current_ratio": 107.84,
            "debt_ratio": 59.81,
            "inventory_turnover_ratio": 0.88,
            "account_receivable_turnover_ratio": 1.38,
            "reinvestment_rate": 162.61,
            "research_to_sale_ratio": 1.19,
            "price_fair": 93.63,
            "eps_avg_yearly": 2.68,
            "eps_latest_yearly": 0.52,
            "eps_growth_yearly": 30.55
        },
        "20143": {
            "year_quarter": 20143,
            "year": 2014,
            "quarter": 3,
            "eps": 0.36,
            "eps_growth_year": -20,
            "eps_4q": 1.47,
            "eps_4q_growth_year": -34.47,
            "roe": 2.16,
            "gross_profit": 343498,
            "gross_margin": 20.09,
            "net_income": 53274,
            "revenue": 1710202,
            "common_shares": 1481131,
            "equity": 2491833,
            "current_ratio": 145.6,
            "debt_ratio": 59.3,
            "inventory_turnover_ratio": 1.09,
            "account_receivable_turnover_ratio": 1.48,
            "reinvestment_rate": 172.5,
            "research_to_sale_ratio": 1.02,
            "price_fair": 89.34,
            "eps_avg_yearly": 2.55,
            "eps_latest_yearly": 1.44,
            "eps_growth_yearly": 40.75
        },
        "20144": {
            "year_quarter": 20144,
            "year": 2014,
            "quarter": 4,
            "eps": 0.85,
            "eps_growth_year": -7.45,
            "eps_4q": 1.5,
            "eps_4q_growth_year": -41.94,
            "roe": 4.95,
            "gross_profit": 356246,
            "gross_margin": 23.54,
            "net_income": 126334,
            "revenue": 1513064,
            "common_shares": 1481131,
            "equity": 2614103,
            "current_ratio": 153.32,
            "debt_ratio": 57.55,
            "inventory_turnover_ratio": 0.95,
            "account_receivable_turnover_ratio": 1.29,
            "reinvestment_rate": 164.15,
            "research_to_sale_ratio": 1.12,
            "price_fair": 89.78,
            "eps_avg_yearly": 2.57,
            "eps_latest_yearly": 3.4,
            "eps_growth_yearly": 76.25
        },
        "20151": {
            "year_quarter": 20151,
            "year": 2015,
            "quarter": 1,
            "eps": 0.66,
            "eps_growth_year": 230,
            "eps_4q": 1.99,
            "eps_4q_growth_year": 2.85,
            "roe": 3.68,
            "gross_profit": 367514,
            "gross_margin": 21.91,
            "net_income": 97983,
            "revenue": 1677670,
            "common_shares": 1481131,
            "equity": 2705962,
            "current_ratio": 154.83,
            "debt_ratio": 57.25,
            "inventory_turnover_ratio": 1.09,
            "account_receivable_turnover_ratio": 1.41,
            "reinvestment_rate": 144.2,
            "research_to_sale_ratio": 1,
            "price_fair": 87.76,
            "eps_avg_yearly": 2.51,
            "eps_latest_yearly": 2.64,
            "eps_growth_yearly": 67.85
        },
        "20152": {
            "year_quarter": 20152,
            "year": 2015,
            "quarter": 2,
            "eps": 0.21,
            "eps_growth_year": 61.54,
            "eps_4q": 2.08,
            "eps_4q_growth_year": 37.15,
            "roe": 1.18,
            "gross_profit": 233513,
            "gross_margin": 15.95,
            "net_income": 31268,
            "revenue": 1464398,
            "common_shares": 1481131,
            "equity": 2602158,
            "current_ratio": 136.35,
            "debt_ratio": 59.22,
            "inventory_turnover_ratio": 0.98,
            "account_receivable_turnover_ratio": 1.25,
            "reinvestment_rate": 167.56,
            "research_to_sale_ratio": 1.41,
            "price_fair": 81.2,
            "eps_avg_yearly": 2.32,
            "eps_latest_yearly": 0.84,
            "eps_growth_yearly": 48.84
        },
        "20153": {
            "year_quarter": 20153,
            "year": 2015,
            "quarter": 3,
            "eps": 0.8,
            "eps_growth_year": 122.22,
            "eps_4q": 2.52,
            "eps_4q_growth_year": 70.84,
            "roe": 4.48,
            "gross_profit": 371870,
            "gross_margin": 21.24,
            "net_income": 119452,
            "revenue": 1750957,
            "common_shares": 1481131,
            "equity": 2726495,
            "current_ratio": 143.11,
            "debt_ratio": 57.88,
            "inventory_turnover_ratio": 1.05,
            "account_receivable_turnover_ratio": 1.47,
            "reinvestment_rate": 90.46,
            "research_to_sale_ratio": 1,
            "price_fair": 83.13,
            "eps_avg_yearly": 2.38,
            "eps_latest_yearly": 3.2,
            "eps_growth_yearly": 128.97
        },
        "20154": {
            "year_quarter": 20154,
            "year": 2015,
            "quarter": 4,
            "eps": 0.75,
            "eps_growth_year": -12.39,
            "eps_4q": 2.41,
            "eps_4q_growth_year": 60.43,
            "roe": 3.97,
            "gross_profit": 330843,
            "gross_margin": 21.16,
            "net_income": 109991,
            "revenue": 1563440,
            "common_shares": 1481131,
            "equity": 2813976,
            "current_ratio": 167.88,
            "debt_ratio": 56.58,
            "inventory_turnover_ratio": 0.96,
            "account_receivable_turnover_ratio": 1.25,
            "reinvestment_rate": 79.72,
            "research_to_sale_ratio": 1.19,
            "price_fair": 84.35,
            "eps_avg_yearly": 2.41,
            "eps_latest_yearly": 3,
            "eps_growth_yearly": 126.12
        },
        "20161": {
            "year_quarter": 20161,
            "year": 2016,
            "quarter": 1,
            "eps": 0.84,
            "eps_growth_year": 27.27,
            "eps_4q": 2.59,
            "eps_4q_growth_year": 29.73,
            "roe": 4.38,
            "gross_profit": 384288,
            "gross_margin": 22.72,
            "net_income": 125901,
            "revenue": 1691729,
            "common_shares": 1481131,
            "equity": 2936341,
            "current_ratio": 168.69,
            "debt_ratio": 54.57,
            "inventory_turnover_ratio": 1.05,
            "account_receivable_turnover_ratio": 1.38,
            "reinvestment_rate": 74.24,
            "research_to_sale_ratio": 1.12,
            "price_fair": 85.93,
            "eps_avg_yearly": 2.46,
            "eps_latest_yearly": 3.36,
            "eps_growth_yearly": 127.07
        },
        "20162": {
            "year_quarter": 20162,
            "year": 2016,
            "quarter": 2,
            "eps": 0.51,
            "eps_growth_year": 142.86,
            "eps_4q": 2.8,
            "eps_4q_growth_year": 34.33,
            "roe": 2.62,
            "gross_profit": 296273,
            "gross_margin": 19.6,
            "net_income": 75182,
            "revenue": 1511490,
            "common_shares": 1481131,
            "equity": 2810795,
            "current_ratio": 156.95,
            "debt_ratio": 56.51,
            "inventory_turnover_ratio": 0.98,
            "account_receivable_turnover_ratio": 1.27,
            "reinvestment_rate": 72.99,
            "research_to_sale_ratio": 1.2,
            "price_fair": 83.56,
            "eps_avg_yearly": 2.39,
            "eps_latest_yearly": 2.04,
            "eps_growth_yearly": 112.7
        },
        "20163": {
            "year_quarter": 20163,
            "year": 2016,
            "quarter": 3,
            "eps": 0.76,
            "eps_growth_year": -5,
            "eps_4q": 2.79,
            "eps_4q_growth_year": 10.58,
            "roe": 4.12,
            "gross_profit": 352632,
            "gross_margin": 20.13,
            "net_income": 118160,
            "revenue": 1751850,
            "common_shares": 1530008,
            "equity": 2920736,
            "current_ratio": 177.27,
            "debt_ratio": 52.73,
            "inventory_turnover_ratio": 1.15,
            "account_receivable_turnover_ratio": 1.48,
            "reinvestment_rate": 69.17,
            "research_to_sale_ratio": 1.13,
            "price_fair": 81.99,
            "eps_avg_yearly": 2.34,
            "eps_latest_yearly": 3.04,
            "eps_growth_yearly": 119.83
        },
        "20164": {
            "year_quarter": 20164,
            "year": 2016,
            "quarter": 4,
            "eps": 1.01,
            "eps_growth_year": 35,
            "eps_4q": 3.07,
            "eps_4q_growth_year": 27.2,
            "roe": 5.17,
            "gross_profit": 404062,
            "gross_margin": 22.93,
            "net_income": 153618,
            "revenue": 1762489,
            "common_shares": 1530008,
            "equity": 3023892,
            "current_ratio": 172.23,
            "debt_ratio": 52.56,
            "inventory_turnover_ratio": 1.24,
            "account_receivable_turnover_ratio": 1.35,
            "reinvestment_rate": 62.78,
            "research_to_sale_ratio": 0.2,
            "price_fair": 85.4,
            "eps_avg_yearly": 2.44,
            "eps_latest_yearly": 4.04,
            "eps_growth_yearly": 136.56
        },
        "20171": {
            "year_quarter": 20171,
            "year": 2017,
            "quarter": 1,
            "eps": 0.47,
            "eps_growth_year": -44.05,
            "eps_4q": 2.72,
            "eps_4q_growth_year": 5.26,
            "roe": 2.33,
            "gross_profit": 360323,
            "gross_margin": 20.44,
            "net_income": 71134,
            "revenue": 1762896,
            "common_shares": 1530008,
            "equity": 3082246,
            "current_ratio": 168.15,
            "debt_ratio": 52.94,
            "inventory_turnover_ratio": 1.39,
            "account_receivable_turnover_ratio": 1.38,
            "reinvestment_rate": 69.05,
            "research_to_sale_ratio": 0.87,
            "price_fair": 81.55,
            "eps_avg_yearly": 2.33,
            "eps_latest_yearly": 1.88,
            "eps_growth_yearly": 111.5
        },
        "20172": {
            "year_quarter": 20172,
            "year": 2017,
            "quarter": 2,
            "eps": 0.46,
            "eps_growth_year": -9.8,
            "eps_4q": 2.58,
            "eps_4q_growth_year": -7.95,
            "roe": 2.37,
            "gross_profit": 318502,
            "gross_margin": 19.55,
            "net_income": 70712,
            "revenue": 1629150,
            "common_shares": 1530008,
            "equity": 2889472,
            "current_ratio": 148.48,
            "debt_ratio": 56.18,
            "inventory_turnover_ratio": 1.2,
            "account_receivable_turnover_ratio": 1.36,
            "reinvestment_rate": 56.36,
            "research_to_sale_ratio": 1.61,
            "price_fair": 82.08,
            "eps_avg_yearly": 2.35,
            "eps_latest_yearly": 1.84,
            "eps_growth_yearly": 124.98
        },
        "20173": {
            "year_quarter": 20173,
            "year": 2017,
            "quarter": 3,
            "eps": 0.83,
            "eps_growth_year": 9.21,
            "eps_4q": 2.68,
            "eps_4q_growth_year": -3.68,
            "roe": 4.5,
            "gross_profit": 409815,
            "gross_margin": 21.34,
            "net_income": 133063,
            "revenue": 1920596,
            "common_shares": 1598858,
            "equity": 3025763,
            "current_ratio": 157.23,
            "debt_ratio": 53.74,
            "inventory_turnover_ratio": 1.28,
            "account_receivable_turnover_ratio": 1.5,
            "reinvestment_rate": 37.07,
            "research_to_sale_ratio": 1.2,
            "price_fair": 85.4,
            "eps_avg_yearly": 2.44,
            "eps_latest_yearly": 3.32,
            "eps_growth_yearly": 141.96
        },
        "20174": {
            "year_quarter": 20174,
            "year": 2017,
            "quarter": 4,
            "eps": 0.82,
            "eps_growth_year": -18.48,
            "eps_4q": 2.54,
            "eps_4q_growth_year": -17.26,
            "roe": 4.3,
            "gross_profit": 356849,
            "gross_margin": 20.77,
            "net_income": 132182,
            "revenue": 1718381,
            "common_shares": 1598858,
            "equity": 3127240,
            "current_ratio": 166.98,
            "debt_ratio": 51.77,
            "inventory_turnover_ratio": 1.16,
            "account_receivable_turnover_ratio": 1.33,
            "reinvestment_rate": 15.83,
            "research_to_sale_ratio": 1.21,
            "price_fair": 84.53,
            "eps_avg_yearly": 2.42,
            "eps_latest_yearly": 3.28,
            "eps_growth_yearly": 115.55
        },
        "20181": {
            "year_quarter": 20181,
            "year": 2018,
            "quarter": 1,
            "eps": 0.84,
            "eps_growth_year": 78.72,
            "eps_4q": 2.94,
            "eps_4q_growth_year": 7.85,
            "roe": 4.21,
            "gross_profit": 459088,
            "gross_margin": 22.76,
            "net_income": 134792,
            "revenue": 2016950,
            "common_shares": 1598858,
            "equity": 3269724,
            "current_ratio": 166.67,
            "debt_ratio": 51.06,
            "inventory_turnover_ratio": 1.39,
            "account_receivable_turnover_ratio": 1.54,
            "reinvestment_rate": 2.37,
            "research_to_sale_ratio": 1.12,
            "price_fair": 90.13,
            "eps_avg_yearly": 2.58,
            "eps_latest_yearly": 3.36,
            "eps_growth_yearly": 135.73
        },
        "20182": {
            "year_quarter": 20182,
            "year": 2018,
            "quarter": 2,
            "eps": 0.42,
            "eps_growth_year": -8.7,
            "eps_4q": 2.81,
            "eps_4q_growth_year": 8.93,
            "roe": 2.12,
            "gross_profit": 312706,
            "gross_margin": 17.86,
            "net_income": 67661,
            "revenue": 1750931,
            "common_shares": 1598858,
            "equity": 3112132,
            "current_ratio": 146.53,
            "debt_ratio": 55.18,
            "inventory_turnover_ratio": 1.26,
            "account_receivable_turnover_ratio": 1.29,
            "reinvestment_rate": -9.99,
            "research_to_sale_ratio": 1.3,
            "price_fair": 92.66,
            "eps_avg_yearly": 2.65,
            "eps_latest_yearly": 1.68,
            "eps_growth_yearly": 131.98
        },
        "20183": {
            "year_quarter": 20183,
            "year": 2018,
            "quarter": 3,
            "eps": 1,
            "eps_growth_year": 20.48,
            "eps_4q": 3,
            "eps_4q_growth_year": 12,
            "roe": 5.19,
            "gross_profit": 510968,
            "gross_margin": 22.96,
            "net_income": 165728,
            "revenue": 2225671,
            "common_shares": 1662813,
            "equity": 3268707,
            "current_ratio": 148.65,
            "debt_ratio": 54.38,
            "inventory_turnover_ratio": 1.3,
            "account_receivable_turnover_ratio": 1.52,
            "reinvestment_rate": -14.87,
            "research_to_sale_ratio": 1.14,
            "price_fair": 98.26,
            "eps_avg_yearly": 2.81,
            "eps_latest_yearly": 4,
            "eps_growth_yearly": 122.27
        },
        "20184": {
            "year_quarter": 20184,
            "year": 2018,
            "quarter": 4,
            "eps": 1.04,
            "eps_growth_year": 27.06,
            "eps_4q": 3.26,
            "eps_4q_growth_year": 28.26,
            "roe": 5.17,
            "gross_profit": 495312,
            "gross_margin": 23.33,
            "net_income": 173520,
            "revenue": 2123328,
            "common_shares": 1662813,
            "equity": 3437917,
            "current_ratio": 160.03,
            "debt_ratio": 50.91,
            "inventory_turnover_ratio": 1.23,
            "account_receivable_turnover_ratio": 1.3,
            "reinvestment_rate": -11.8,
            "research_to_sale_ratio": 1.02,
            "price_fair": 99.93,
            "eps_avg_yearly": 2.86,
            "eps_latest_yearly": 4.16,
            "eps_growth_yearly": 89.24
        },
        "20191": {
            "year_quarter": 20191,
            "year": 2019,
            "quarter": 1,
            "eps": 0.66,
            "eps_growth_year": -21.43,
            "eps_4q": 3.11,
            "eps_4q_growth_year": 5.77,
            "roe": 3.16,
            "gross_profit": 443541,
            "gross_margin": 20.94,
            "net_income": 110576,
            "revenue": 2118070,
            "common_shares": 1662813,
            "equity": 3554299,
            "current_ratio": 156.72,
            "debt_ratio": 50.99,
            "inventory_turnover_ratio": 1.47,
            "account_receivable_turnover_ratio": 1.33,
            "reinvestment_rate": -7.26,
            "research_to_sale_ratio": 1.09,
            "price_fair": 99.93,
            "eps_avg_yearly": 2.86,
            "eps_latest_yearly": 2.64,
            "eps_growth_yearly": 85.7
        },
        "20192": {
            "year_quarter": 20192,
            "year": 2019,
            "quarter": 2,
            "eps": 0.56,
            "eps_growth_year": 33.33,
            "eps_4q": 3.11,
            "eps_4q_growth_year": 10.79,
            "roe": 2.71,
            "gross_profit": 406713,
            "gross_margin": 20.02,
            "net_income": 93428,
            "revenue": 2031156,
            "common_shares": 1662813,
            "equity": 3345045,
            "current_ratio": 136.13,
            "debt_ratio": 54.75,
            "inventory_turnover_ratio": 1.5,
            "account_receivable_turnover_ratio": 1.29,
            "reinvestment_rate": -10.97,
            "research_to_sale_ratio": 1.01,
            "price_fair": 102.99,
            "eps_avg_yearly": 2.94,
            "eps_latest_yearly": 2.24,
            "eps_growth_yearly": 98.95
        },
        "20193": {
            "year_quarter": 20193,
            "year": 2019,
            "quarter": 3,
            "eps": 0.6,
            "eps_growth_year": -40,
            "eps_4q": 2.76,
            "eps_4q_growth_year": -8.27,
            "roe": 3.09,
            "gross_profit": 445253,
            "gross_margin": 20.55,
            "net_income": 104732,
            "revenue": 2166897,
            "common_shares": 1745954,
            "equity": 3439982,
            "current_ratio": 138.83,
            "debt_ratio": 53.8,
            "inventory_turnover_ratio": 1.38,
            "account_receivable_turnover_ratio": 1.35,
            "reinvestment_rate": -10.78,
            "research_to_sale_ratio": 0.96,
            "price_fair": 101.24,
            "eps_avg_yearly": 2.89,
            "eps_latest_yearly": 2.4,
            "eps_growth_yearly": 30.5
        },
        "20194": {
            "year_quarter": 20194,
            "year": 2019,
            "quarter": 4,
            "eps": 1.24,
            "eps_growth_year": 18.59,
            "eps_4q": 3,
            "eps_4q_growth_year": -7.94,
            "roe": 6.09,
            "gross_profit": 563532,
            "gross_margin": 24.79,
            "net_income": 215944,
            "revenue": 2272780,
            "common_shares": 1745954,
            "equity": 3654089,
            "current_ratio": 145.96,
            "debt_ratio": 51.06,
            "inventory_turnover_ratio": 1.19,
            "account_receivable_turnover_ratio": 1.34,
            "reinvestment_rate": -6.2,
            "research_to_sale_ratio": 0.96,
            "price_fair": 105.53,
            "eps_avg_yearly": 3.02,
            "eps_latest_yearly": 4.96,
            "eps_growth_yearly": 58.73
        },
        "20201": {
            "year_quarter": 20201,
            "year": 2020,
            "quarter": 1,
            "eps": 0.56,
            "eps_growth_year": -15.15,
            "eps_4q": 2.93,
            "eps_4q_growth_year": -5.62,
            "roe": 2.64,
            "gross_profit": 429809,
            "gross_margin": 20.49,
            "net_income": 97781,
            "revenue": 2098046,
            "common_shares": 1745954,
            "equity": 3749026,
            "current_ratio": 157.34,
            "debt_ratio": 50.15,
            "inventory_turnover_ratio": 1.15,
            "account_receivable_turnover_ratio": 1.3,
            "reinvestment_rate": 14.43,
            "research_to_sale_ratio": 0.99,
            "price_fair": 103.08,
            "eps_avg_yearly": 2.95,
            "eps_latest_yearly": 2.24,
            "eps_growth_yearly": 42.02
        },
        "20202": {
            "year_quarter": 20202,
            "year": 2020,
            "quarter": 2,
            "eps": 0.77,
            "eps_growth_year": 37.5,
            "eps_4q": 3.05,
            "eps_4q_growth_year": -1.82,
            "roe": 3.84,
            "gross_profit": 403263,
            "gross_margin": 20.11,
            "net_income": 141120,
            "revenue": 2005698,
            "common_shares": 1745954,
            "equity": 3606995,
            "current_ratio": 143.17,
            "debt_ratio": 57.99,
            "inventory_turnover_ratio": 1.15,
            "account_receivable_turnover_ratio": 1.34,
            "reinvestment_rate": 69.13,
            "research_to_sale_ratio": 0.99,
            "price_fair": 105.35,
            "eps_avg_yearly": 3.01,
            "eps_latest_yearly": 3.08,
            "eps_growth_yearly": 61.22
        },
        "20203": {
            "year_quarter": 20203,
            "year": 2020,
            "quarter": 3,
            "eps": 1.07,
            "eps_growth_year": 78.33,
            "eps_4q": 3.55,
            "eps_4q_growth_year": 28.91,
            "roe": 5.31,
            "gross_profit": 519519,
            "gross_margin": 21.81,
            "net_income": 196793,
            "revenue": 2381900,
            "common_shares": 1833252,
            "equity": 3808336,
            "current_ratio": 148.88,
            "debt_ratio": 56.4,
            "inventory_turnover_ratio": 1.36,
            "account_receivable_turnover_ratio": 1.41,
            "reinvestment_rate": 68.27,
            "research_to_sale_ratio": 0.88,
            "price_fair": 108.06,
            "eps_avg_yearly": 3.09,
            "eps_latest_yearly": 4.28,
            "eps_growth_yearly": 58.7
        },
        "20204": {
            "year_quarter": 20204,
            "year": 2020,
            "quarter": 4,
            "eps": 1.36,
            "eps_growth_year": 10.03,
            "eps_4q": 3.74,
            "eps_4q_growth_year": 24.55,
            "roe": 6.35,
            "gross_profit": 534465,
            "gross_margin": 22.92,
            "net_income": 250004,
            "revenue": 2331677,
            "common_shares": 1833252,
            "equity": 4065573,
            "current_ratio": 163.02,
            "debt_ratio": 53.92,
            "inventory_turnover_ratio": 1.39,
            "account_receivable_turnover_ratio": 1.28,
            "reinvestment_rate": 67.3,
            "research_to_sale_ratio": 0.9,
            "price_fair": 111.13,
            "eps_avg_yearly": 3.18,
            "eps_latest_yearly": 5.44,
            "eps_growth_yearly": 57.25
        },
        "20211": {
            "year_quarter": 20211,
            "year": 2021,
            "quarter": 1,
            "eps": 1.02,
            "eps_growth_year": 82.14,
            "eps_4q": 4.22,
            "eps_4q_growth_year": 44.03,
            "roe": 4.5,
            "gross_profit": 557944,
            "gross_margin": 23.51,
            "net_income": 187208,
            "revenue": 2373553,
            "common_shares": 1833252,
            "equity": 4250808,
            "current_ratio": 162.28,
            "debt_ratio": 52.37,
            "inventory_turnover_ratio": 1.48,
            "account_receivable_turnover_ratio": 1.32,
            "reinvestment_rate": 69.2,
            "research_to_sale_ratio": 0.9,
            "price_fair": 115.94,
            "eps_avg_yearly": 3.31,
            "eps_latest_yearly": 4.08,
            "eps_growth_yearly": 64.37
        },
        "20212": {
            "year_quarter": 20212,
            "year": 2021,
            "quarter": 2,
            "eps": 0.85,
            "eps_growth_year": 10.39,
            "eps_4q": 3.91,
            "eps_4q_growth_year": 28.24,
            "roe": 3.73,
            "gross_profit": 472298,
            "gross_margin": 21.89,
            "net_income": 156210,
            "revenue": 2157207,
            "common_shares": 1833252,
            "equity": 4116533,
            "current_ratio": 114.3,
            "debt_ratio": 54.75,
            "inventory_turnover_ratio": 1.29,
            "account_receivable_turnover_ratio": 1.26,
            "reinvestment_rate": 59.51,
            "research_to_sale_ratio": 1.03,
            "price_fair": 119.35,
            "eps_avg_yearly": 3.41,
            "eps_latest_yearly": 3.4,
            "eps_growth_yearly": 60.74
        },
        "20213": {
            "year_quarter": 20213,
            "year": 2021,
            "quarter": 3,
            "eps": 1,
            "eps_growth_year": -6.54,
            "eps_4q": 3.94,
            "eps_4q_growth_year": 10.84,
            "roe": 4.76,
            "gross_profit": 581988,
            "gross_margin": 24.02,
            "net_income": 200924,
            "revenue": 2423412,
            "common_shares": 2017624,
            "equity": 4317258,
            "current_ratio": 123.41,
            "debt_ratio": 52.67,
            "inventory_turnover_ratio": 1.33,
            "account_receivable_turnover_ratio": 1.38,
            "reinvestment_rate": 58.56,
            "research_to_sale_ratio": 0.9,
            "price_fair": 120.84,
            "eps_avg_yearly": 3.45,
            "eps_latest_yearly": 4,
            "eps_growth_yearly": 45.04
        },
        "20214": {
            "year_quarter": 20214,
            "year": 2021,
            "quarter": 4,
            "eps": 1.33,
            "eps_growth_year": -2.02,
            "eps_4q": 4.03,
            "eps_4q_growth_year": 8.01,
            "roe": 6.06,
            "gross_profit": 590036,
            "gross_margin": 23.01,
            "net_income": 269339,
            "revenue": 2563720,
            "common_shares": 2017624,
            "equity": 4568168,
            "current_ratio": 131.16,
            "debt_ratio": 50.39,
            "inventory_turnover_ratio": 1.49,
            "account_receivable_turnover_ratio": 1.29,
            "reinvestment_rate": 55.15,
            "research_to_sale_ratio": 0.91,
            "price_fair": 125.3,
            "eps_avg_yearly": 3.58,
            "eps_latest_yearly": 5.32,
            "eps_growth_yearly": 53.59
        },
        "20221": {
            "year_quarter": 20221,
            "year": 2022,
            "quarter": 1,
            "eps": 1.09,
            "eps_growth_year": 6.86,
            "eps_4q": 4.2,
            "eps_4q_growth_year": -0.65,
            "roe": 4.7,
            "gross_profit": 605223,
            "gross_margin": 23.98,
            "net_income": 219894,
            "revenue": 2524332,
            "common_shares": 2017624,
            "equity": 4797716,
            "current_ratio": 133.43,
            "debt_ratio": 49.85,
            "inventory_turnover_ratio": 1.45,
            "account_receivable_turnover_ratio": 1.28,
            "reinvestment_rate": 57.11,
            "research_to_sale_ratio": 0.86,
            "price_fair": 127.49,
            "eps_avg_yearly": 3.64,
            "eps_latest_yearly": 4.36,
            "eps_growth_yearly": 48.47
        },
        "20222": {
            "year_quarter": 20222,
            "year": 2022,
            "quarter": 2,
            "eps": 0.69,
            "eps_growth_year": -18.82,
            "eps_4q": 3.77,
            "eps_4q_growth_year": -3.65,
            "roe": 3.27,
            "gross_profit": 558848,
            "gross_margin": 22.82,
            "net_income": 154812,
            "revenue": 2448862,
            "common_shares": 2017624,
            "equity": 4665964,
            "current_ratio": 118.95,
            "debt_ratio": 52.15,
            "inventory_turnover_ratio": 1.35,
            "account_receivable_turnover_ratio": 1.32,
            "reinvestment_rate": 57.7,
            "research_to_sale_ratio": 0.92,
            "price_fair": 129.85,
            "eps_avg_yearly": 3.71,
            "eps_latest_yearly": 2.76,
            "eps_growth_yearly": 51.79
        },
        "20223": {
            "year_quarter": 20223,
            "year": 2022,
            "quarter": 3,
            "eps": 1.04,
            "eps_growth_year": 4,
            "eps_4q": 3.91,
            "eps_4q_growth_year": -0.78,
            "roe": 4.84,
            "gross_profit": 626354,
            "gross_margin": 22.45,
            "net_income": 231483,
            "revenue": 2789762,
            "common_shares": 2242333,
            "equity": 4899360,
            "current_ratio": 121.55,
            "debt_ratio": 51.16,
            "inventory_turnover_ratio": 1.41,
            "account_receivable_turnover_ratio": 1.45,
            "reinvestment_rate": 60.03,
            "research_to_sale_ratio": 0.88,
            "price_fair": 130.2,
            "eps_avg_yearly": 3.72,
            "eps_latest_yearly": 4.16,
            "eps_growth_yearly": 29.95
        },
        "20224": {
            "year_quarter": 20224,
            "year": 2022,
            "quarter": 4,
            "eps": 1.18,
            "eps_growth_year": -11.46,
            "eps_4q": 3.89,
            "eps_4q_growth_year": -3.63,
            "roe": 5.26,
            "gross_profit": 711435,
            "gross_margin": 23.64,
            "net_income": 264797,
            "revenue": 3009883,
            "common_shares": 2242333,
            "equity": 5171248,
            "current_ratio": 156.82,
            "debt_ratio": 50.83,
            "inventory_turnover_ratio": 1.45,
            "account_receivable_turnover_ratio": 1.42,
            "reinvestment_rate": 67.27,
            "research_to_sale_ratio": 0.9,
            "price_fair": 131.43,
            "eps_avg_yearly": 3.76,
            "eps_latest_yearly": 4.72,
            "eps_growth_yearly": 32.32
        },
        "20231": {
            "year_quarter": 20231,
            "year": 2023,
            "quarter": 1,
            "eps": 1.04,
            "eps_growth_year": -4.59,
            "eps_4q": 3.94,
            "eps_4q_growth_year": -6.05,
            "roe": 4.4,
            "gross_profit": 600864,
            "gross_margin": 21.66,
            "net_income": 232415,
            "revenue": 2773782,
            "common_shares": 2242333,
            "equity": 5404995,
            "current_ratio": 178.09,
            "debt_ratio": 50.85,
            "inventory_turnover_ratio": 1.4,
            "account_receivable_turnover_ratio": 1.34,
            "reinvestment_rate": 69.46,
            "research_to_sale_ratio": 0.98,
            "price_fair": 134.75,
            "eps_avg_yearly": 3.85,
            "eps_latest_yearly": 4.16,
            "eps_growth_yearly": 38.49
        }
    },
    "months": {
        "2001-06": {
            "month": "2001-06",
            "price": "15.01",
            "revenue": 120297
        },
        "2001-07": {
            "month": "2001-07",
            "price": "12.39",
            "revenue": 121612
        },
        "2001-08": {
            "month": "2001-08",
            "price": "13.08",
            "revenue": 174059
        },
        "2001-09": {
            "month": "2001-09",
            "price": "13.99",
            "revenue": 177864
        },
        "2001-10": {
            "month": "2001-10",
            "price": "14.08",
            "revenue": 193854
        },
        "2001-11": {
            "month": "2001-11",
            "price": "15.32",
            "revenue": 184043
        },
        "2001-12": {
            "month": "2001-12",
            "price": "16.20",
            "revenue": 187762
        },
        "2002-01": {
            "month": "2002-01",
            "price": "15.82",
            "revenue": 352683
        },
        "2002-02": {
            "month": "2002-02",
            "price": "14.66",
            "revenue": 227357
        },
        "2002-03": {
            "month": "2002-03",
            "price": "15.93",
            "revenue": 184392
        },
        "2002-04": {
            "month": "2002-04",
            "price": "16.39",
            "revenue": 168489
        },
        "2002-05": {
            "month": "2002-05",
            "price": "16.48",
            "revenue": 172737
        },
        "2002-06": {
            "month": "2002-06",
            "price": "19.72",
            "revenue": 179117
        },
        "2002-07": {
            "month": "2002-07",
            "price": "19.07",
            "revenue": 304946
        },
        "2002-08": {
            "month": "2002-08",
            "price": "15.98",
            "revenue": 314466
        },
        "2002-09": {
            "month": "2002-09",
            "price": "13.98",
            "revenue": 282324
        },
        "2002-10": {
            "month": "2002-10",
            "price": "13.40",
            "revenue": 238519
        },
        "2002-11": {
            "month": "2002-11",
            "price": "15.68",
            "revenue": 210702
        },
        "2002-12": {
            "month": "2002-12",
            "price": "14.41",
            "revenue": 271604
        },
        "2003-01": {
            "month": "2003-01",
            "price": "15.51",
            "revenue": 402465
        },
        "2003-02": {
            "month": "2003-02",
            "price": "15.47",
            "revenue": 189089
        },
        "2003-03": {
            "month": "2003-03",
            "price": "13.01",
            "revenue": 249642
        },
        "2003-04": {
            "month": "2003-04",
            "price": "12.17",
            "revenue": 236611
        },
        "2003-05": {
            "month": "2003-05",
            "price": "10.38",
            "revenue": 243273
        },
        "2003-06": {
            "month": "2003-06",
            "price": "10.96",
            "revenue": 254895
        },
        "2003-07": {
            "month": "2003-07",
            "price": "10.80",
            "revenue": 325251
        },
        "2003-08": {
            "month": "2003-08",
            "price": "10.06",
            "revenue": 302786
        },
        "2003-09": {
            "month": "2003-09",
            "price": "9.42",
            "revenue": 264746
        },
        "2003-10": {
            "month": "2003-10",
            "price": "9.92",
            "revenue": 231433
        },
        "2003-11": {
            "month": "2003-11",
            "price": "10.91",
            "revenue": 220488
        },
        "2003-12": {
            "month": "2003-12",
            "price": "11.02",
            "revenue": 281065
        },
        "2004-01": {
            "month": "2004-01",
            "price": "10.97",
            "revenue": 383701
        },
        "2004-02": {
            "month": "2004-02",
            "price": "13.31",
            "revenue": 228314
        },
        "2004-03": {
            "month": "2004-03",
            "price": "12.82",
            "revenue": 218442
        },
        "2004-04": {
            "month": "2004-04",
            "price": "11.50",
            "revenue": 213282
        },
        "2004-05": {
            "month": "2004-05",
            "price": "10.33",
            "revenue": 223725
        },
        "2004-06": {
            "month": "2004-06",
            "price": "10.25",
            "revenue": 223884
        },
        "2004-07": {
            "month": "2004-07",
            "price": "9.98",
            "revenue": 248548
        },
        "2004-08": {
            "month": "2004-08",
            "price": "9.44",
            "revenue": 293735
        },
        "2004-09": {
            "month": "2004-09",
            "price": "9.63",
            "revenue": 254411
        },
        "2004-10": {
            "month": "2004-10",
            "price": "9.46",
            "revenue": 179127
        },
        "2004-11": {
            "month": "2004-11",
            "price": "9.12",
            "revenue": 208222
        },
        "2004-12": {
            "month": "2004-12",
            "price": "9.20",
            "revenue": 251421
        },
        "2005-01": {
            "month": "2005-01",
            "price": "9.76",
            "revenue": 402847
        },
        "2005-02": {
            "month": "2005-02",
            "price": "9.47",
            "revenue": 211513
        },
        "2005-03": {
            "month": "2005-03",
            "price": "10.70",
            "revenue": 244375
        },
        "2005-04": {
            "month": "2005-04",
            "price": "9.34",
            "revenue": 207842
        },
        "2005-05": {
            "month": "2005-05",
            "price": "9.40",
            "revenue": 247110
        },
        "2005-06": {
            "month": "2005-06",
            "price": "9.74",
            "revenue": 256693
        },
        "2005-07": {
            "month": "2005-07",
            "price": "9.78",
            "revenue": 300065
        },
        "2005-08": {
            "month": "2005-08",
            "price": "9.80",
            "revenue": 289915
        },
        "2005-09": {
            "month": "2005-09",
            "price": "9.54",
            "revenue": 248783
        },
        "2005-10": {
            "month": "2005-10",
            "price": "9.21",
            "revenue": 214562
        },
        "2005-11": {
            "month": "2005-11",
            "price": "8.98",
            "revenue": 215494
        },
        "2005-12": {
            "month": "2005-12",
            "price": "9.11",
            "revenue": 300279
        },
        "2006-01": {
            "month": "2006-01",
            "price": "9.45",
            "revenue": 428962
        },
        "2006-02": {
            "month": "2006-02",
            "price": "9.38",
            "revenue": 214424
        },
        "2006-03": {
            "month": "2006-03",
            "price": "9.20",
            "revenue": 237342
        },
        "2006-04": {
            "month": "2006-04",
            "price": "9.56",
            "revenue": 248819
        },
        "2006-05": {
            "month": "2006-05",
            "price": "10.08",
            "revenue": 259105
        },
        "2006-06": {
            "month": "2006-06",
            "price": "9.47",
            "revenue": 264640
        },
        "2006-07": {
            "month": "2006-07",
            "price": "9.31",
            "revenue": 359212
        },
        "2006-08": {
            "month": "2006-08",
            "price": "9.14",
            "revenue": 262343
        },
        "2006-09": {
            "month": "2006-09",
            "price": "8.26",
            "revenue": 277858
        },
        "2006-10": {
            "month": "2006-10",
            "price": "8.79",
            "revenue": 222516
        },
        "2006-11": {
            "month": "2006-11",
            "price": "9.12",
            "revenue": 238060
        },
        "2006-12": {
            "month": "2006-12",
            "price": "10.45",
            "revenue": 267728
        },
        "2007-01": {
            "month": "2007-01",
            "price": "10.85",
            "revenue": 474882
        },
        "2007-02": {
            "month": "2007-02",
            "price": "10.46",
            "revenue": 291334
        },
        "2007-03": {
            "month": "2007-03",
            "price": "10.33",
            "revenue": 252118
        },
        "2007-04": {
            "month": "2007-04",
            "price": "11.22",
            "revenue": 223436
        },
        "2007-05": {
            "month": "2007-05",
            "price": "11.20",
            "revenue": 261272
        },
        "2007-06": {
            "month": "2007-06",
            "price": "11.77",
            "revenue": 237730
        },
        "2007-07": {
            "month": "2007-07",
            "price": "13.95",
            "revenue": 297214
        },
        "2007-08": {
            "month": "2007-08",
            "price": "12.85",
            "revenue": 344435
        },
        "2007-09": {
            "month": "2007-09",
            "price": "12.84",
            "revenue": 261936
        },
        "2007-10": {
            "month": "2007-10",
            "price": "12.79",
            "revenue": 253700
        },
        "2007-11": {
            "month": "2007-11",
            "price": "11.16",
            "revenue": 257371
        },
        "2007-12": {
            "month": "2007-12",
            "price": "10.64",
            "revenue": 297603
        },
        "2008-01": {
            "month": "2008-01",
            "price": "11.28",
            "revenue": 524122
        },
        "2008-02": {
            "month": "2008-02",
            "price": "11.80",
            "revenue": 242408
        },
        "2008-03": {
            "month": "2008-03",
            "price": "12.44",
            "revenue": 285201
        },
        "2008-04": {
            "month": "2008-04",
            "price": "13.07",
            "revenue": 265382
        },
        "2008-05": {
            "month": "2008-05",
            "price": "13.88",
            "revenue": 269775
        },
        "2008-06": {
            "month": "2008-06",
            "price": "12.21",
            "revenue": 274644
        },
        "2008-07": {
            "month": "2008-07",
            "price": "11.26",
            "revenue": 392793
        },
        "2008-08": {
            "month": "2008-08",
            "price": "11.18",
            "revenue": 304726
        },
        "2008-09": {
            "month": "2008-09",
            "price": "9.82",
            "revenue": 266673
        },
        "2008-10": {
            "month": "2008-10",
            "price": "8.21",
            "revenue": 279055
        },
        "2008-11": {
            "month": "2008-11",
            "price": "8.10",
            "revenue": 272128
        },
        "2008-12": {
            "month": "2008-12",
            "price": "8.62",
            "revenue": 381082
        },
        "2009-01": {
            "month": "2009-01",
            "price": "8.64",
            "revenue": 464565
        },
        "2009-02": {
            "month": "2009-02",
            "price": "8.39",
            "revenue": 301538
        },
        "2009-03": {
            "month": "2009-03",
            "price": "8.75",
            "revenue": 247061
        },
        "2009-04": {
            "month": "2009-04",
            "price": "10.75",
            "revenue": 286971
        },
        "2009-05": {
            "month": "2009-05",
            "price": "11.69",
            "revenue": 269133
        },
        "2009-06": {
            "month": "2009-06",
            "price": "12.00",
            "revenue": 269520
        },
        "2009-07": {
            "month": "2009-07",
            "price": "12.83",
            "revenue": 333889
        },
        "2009-08": {
            "month": "2009-08",
            "price": "13.00",
            "revenue": 368291
        },
        "2009-09": {
            "month": "2009-09",
            "price": "12.18",
            "revenue": 269174
        },
        "2009-10": {
            "month": "2009-10",
            "price": "12.46",
            "revenue": 259021
        },
        "2009-11": {
            "month": "2009-11",
            "price": "13.15",
            "revenue": 246091
        },
        "2009-12": {
            "month": "2009-12",
            "price": "13.42",
            "revenue": 331848
        },
        "2010-01": {
            "month": "2010-01",
            "price": "13.82",
            "revenue": 544044
        },
        "2010-02": {
            "month": "2010-02",
            "price": "13.06",
            "revenue": 308735
        },
        "2010-03": {
            "month": "2010-03",
            "price": "13.80",
            "revenue": 284898
        },
        "2010-04": {
            "month": "2010-04",
            "price": "14.66",
            "revenue": 275476
        },
        "2010-05": {
            "month": "2010-05",
            "price": "16.09",
            "revenue": 299131
        },
        "2010-06": {
            "month": "2010-06",
            "price": "16.82",
            "revenue": 335611
        },
        "2010-07": {
            "month": "2010-07",
            "price": "21.65",
            "revenue": 452475
        },
        "2010-08": {
            "month": "2010-08",
            "price": "27.75",
            "revenue": 408931
        },
        "2010-09": {
            "month": "2010-09",
            "price": "25.10",
            "revenue": 358296
        },
        "2010-10": {
            "month": "2010-10",
            "price": "23.91",
            "revenue": 341931
        },
        "2010-11": {
            "month": "2010-11",
            "price": "27.01",
            "revenue": 327549
        },
        "2010-12": {
            "month": "2010-12",
            "price": "27.74",
            "revenue": 496565
        },
        "2011-01": {
            "month": "2011-01",
            "price": "28.58",
            "revenue": 621015
        },
        "2011-02": {
            "month": "2011-02",
            "price": "25.74",
            "revenue": 344734
        },
        "2011-03": {
            "month": "2011-03",
            "price": "24.73",
            "revenue": 373847
        },
        "2011-04": {
            "month": "2011-04",
            "price": "26.45",
            "revenue": 394780
        },
        "2011-05": {
            "month": "2011-05",
            "price": "35.27",
            "revenue": 385451
        },
        "2011-06": {
            "month": "2011-06",
            "price": "36.15",
            "revenue": 466280
        },
        "2011-07": {
            "month": "2011-07",
            "price": "43.53",
            "revenue": 503725
        },
        "2011-08": {
            "month": "2011-08",
            "price": "43.63",
            "revenue": 417931
        },
        "2011-09": {
            "month": "2011-09",
            "price": "41.26",
            "revenue": 397595
        },
        "2011-10": {
            "month": "2011-10",
            "price": "39.62",
            "revenue": 387060
        },
        "2011-11": {
            "month": "2011-11",
            "price": "38.00",
            "revenue": 404837
        },
        "2011-12": {
            "month": "2011-12",
            "price": "34.90",
            "revenue": 623068
        },
        "2012-01": {
            "month": "2012-01",
            "price": "35.86",
            "revenue": 551920
        },
        "2012-02": {
            "month": "2012-02",
            "price": "37.18",
            "revenue": 409434
        },
        "2012-03": {
            "month": "2012-03",
            "price": "39.29",
            "revenue": 377166
        },
        "2012-04": {
            "month": "2012-04",
            "price": "35.19",
            "revenue": 369737
        },
        "2012-05": {
            "month": "2012-05",
            "price": "35.96",
            "revenue": 448812
        },
        "2012-06": {
            "month": "2012-06",
            "price": "35.16",
            "revenue": 412767
        },
        "2012-07": {
            "month": "2012-07",
            "price": "38.01",
            "revenue": 523088
        },
        "2012-08": {
            "month": "2012-08",
            "price": "39.38",
            "revenue": 520362
        },
        "2012-09": {
            "month": "2012-09",
            "price": "37.46",
            "revenue": 413070
        },
        "2012-10": {
            "month": "2012-10",
            "price": "35.94",
            "revenue": 386221
        },
        "2012-11": {
            "month": "2012-11",
            "price": "34.69",
            "revenue": 400465
        },
        "2012-12": {
            "month": "2012-12",
            "price": "35.37",
            "revenue": 482881
        },
        "2013-01": {
            "month": "2013-01",
            "price": "36.52",
            "revenue": 747250
        },
        "2013-02": {
            "month": "2013-02",
            "price": "36.64",
            "revenue": 351653
        },
        "2013-03": {
            "month": "2013-03",
            "price": "38.50",
            "revenue": 383598
        },
        "2013-04": {
            "month": "2013-04",
            "price": "38.76",
            "revenue": 377266
        },
        "2013-05": {
            "month": "2013-05",
            "price": "42.23",
            "revenue": 394522
        },
        "2013-06": {
            "month": "2013-06",
            "price": "41.27",
            "revenue": 400255
        },
        "2013-07": {
            "month": "2013-07",
            "price": "48.82",
            "revenue": 512248
        },
        "2013-08": {
            "month": "2013-08",
            "price": "47.81",
            "revenue": 463072
        },
        "2013-09": {
            "month": "2013-09",
            "price": "39.88",
            "revenue": 389291
        },
        "2013-10": {
            "month": "2013-10",
            "price": "40.25",
            "revenue": 365007
        },
        "2013-11": {
            "month": "2013-11",
            "price": "36.83",
            "revenue": 368775
        },
        "2013-12": {
            "month": "2013-12",
            "price": "37.35",
            "revenue": 633900
        },
        "2014-01": {
            "month": "2014-01",
            "price": "38.37",
            "revenue": 553129
        },
        "2014-02": {
            "month": "2014-02",
            "price": "37.31",
            "revenue": 345000
        },
        "2014-03": {
            "month": "2014-03",
            "price": "37.11",
            "revenue": 392006
        },
        "2014-04": {
            "month": "2014-04",
            "price": "39.50",
            "revenue": 395271
        },
        "2014-05": {
            "month": "2014-05",
            "price": "40.06",
            "revenue": 456035
        },
        "2014-06": {
            "month": "2014-06",
            "price": "40.54",
            "revenue": 528554
        },
        "2014-07": {
            "month": "2014-07",
            "price": "43.05",
            "revenue": 650409
        },
        "2014-08": {
            "month": "2014-08",
            "price": "40.27",
            "revenue": 553305
        },
        "2014-09": {
            "month": "2014-09",
            "price": "35.97",
            "revenue": 506488
        },
        "2014-10": {
            "month": "2014-10",
            "price": "32.50",
            "revenue": 476488
        },
        "2014-11": {
            "month": "2014-11",
            "price": "31.42",
            "revenue": 453490
        },
        "2014-12": {
            "month": "2014-12",
            "price": "30.60",
            "revenue": 599298
        },
        "2015-01": {
            "month": "2015-01",
            "price": "30.67",
            "revenue": 702390
        },
        "2015-02": {
            "month": "2015-02",
            "price": "30.53",
            "revenue": 482224
        },
        "2015-03": {
            "month": "2015-03",
            "price": "32.27",
            "revenue": 493056
        },
        "2015-04": {
            "month": "2015-04",
            "price": "35.07",
            "revenue": 456384
        },
        "2015-05": {
            "month": "2015-05",
            "price": "34.06",
            "revenue": 467787
        },
        "2015-06": {
            "month": "2015-06",
            "price": "32.07",
            "revenue": 540227
        },
        "2015-07": {
            "month": "2015-07",
            "price": "31.46",
            "revenue": 626209
        },
        "2015-08": {
            "month": "2015-08",
            "price": "28.16",
            "revenue": 612353
        },
        "2015-09": {
            "month": "2015-09",
            "price": "26.03",
            "revenue": 512395
        },
        "2015-10": {
            "month": "2015-10",
            "price": "27.15",
            "revenue": 490125
        },
        "2015-11": {
            "month": "2015-11",
            "price": "28.27",
            "revenue": 458240
        },
        "2015-12": {
            "month": "2015-12",
            "price": "28.28",
            "revenue": 609416
        },
        "2016-01": {
            "month": "2016-01",
            "price": "28.19",
            "revenue": 731183
        },
        "2016-02": {
            "month": "2016-02",
            "price": "28.78",
            "revenue": 445400
        },
        "2016-03": {
            "month": "2016-03",
            "price": "29.55",
            "revenue": 515146
        },
        "2016-04": {
            "month": "2016-04",
            "price": "29.46",
            "revenue": 464621
        },
        "2016-05": {
            "month": "2016-05",
            "price": "29.82",
            "revenue": 486314
        },
        "2016-06": {
            "month": "2016-06",
            "price": "31.28",
            "revenue": 560555
        },
        "2016-07": {
            "month": "2016-07",
            "price": "31.87",
            "revenue": 614011
        },
        "2016-08": {
            "month": "2016-08",
            "price": "32.21",
            "revenue": 593523
        },
        "2016-09": {
            "month": "2016-09",
            "price": "29.56",
            "revenue": 544213
        },
        "2016-10": {
            "month": "2016-10",
            "price": "29.41",
            "revenue": 510753
        },
        "2016-11": {
            "month": "2016-11",
            "price": "29.79",
            "revenue": 532061
        },
        "2016-12": {
            "month": "2016-12",
            "price": "30.97",
            "revenue": 719691
        },
        "2017-01": {
            "month": "2017-01",
            "price": "32.12",
            "revenue": 681056
        },
        "2017-02": {
            "month": "2017-02",
            "price": "31.86",
            "revenue": 503680
        },
        "2017-03": {
            "month": "2017-03",
            "price": "32.67",
            "revenue": 578160
        },
        "2017-04": {
            "month": "2017-04",
            "price": "34.89",
            "revenue": 499142
        },
        "2017-05": {
            "month": "2017-05",
            "price": "34.40",
            "revenue": 549624
        },
        "2017-06": {
            "month": "2017-06",
            "price": "35.26",
            "revenue": 580384
        },
        "2017-07": {
            "month": "2017-07",
            "price": "36.70",
            "revenue": 653989
        },
        "2017-08": {
            "month": "2017-08",
            "price": "35.73",
            "revenue": 699942
        },
        "2017-09": {
            "month": "2017-09",
            "price": "33.74",
            "revenue": 566665
        },
        "2017-10": {
            "month": "2017-10",
            "price": "33.06",
            "revenue": 575902
        },
        "2017-11": {
            "month": "2017-11",
            "price": "33.29",
            "revenue": 557274
        },
        "2017-12": {
            "month": "2017-12",
            "price": "33.44",
            "revenue": 582256
        },
        "2018-01": {
            "month": "2018-01",
            "price": "34.53",
            "revenue": 806520
        },
        "2018-02": {
            "month": "2018-02",
            "price": "34.04",
            "revenue": 583338
        },
        "2018-03": {
            "month": "2018-03",
            "price": "34.92",
            "revenue": 627092
        },
        "2018-04": {
            "month": "2018-04",
            "price": "34.87",
            "revenue": 532319
        },
        "2018-05": {
            "month": "2018-05",
            "price": "36.58",
            "revenue": 606265
        },
        "2018-06": {
            "month": "2018-06",
            "price": "37.94",
            "revenue": 612393
        },
        "2018-07": {
            "month": "2018-07",
            "price": "37.44",
            "revenue": 764187
        },
        "2018-08": {
            "month": "2018-08",
            "price": "37.99",
            "revenue": 780853
        },
        "2018-09": {
            "month": "2018-09",
            "price": "36.11",
            "revenue": 680585
        },
        "2018-10": {
            "month": "2018-10",
            "price": "34.20",
            "revenue": 654976
        },
        "2018-11": {
            "month": "2018-11",
            "price": "34.65",
            "revenue": 675148
        },
        "2018-12": {
            "month": "2018-12",
            "price": "36.63",
            "revenue": 793204
        },
        "2019-01": {
            "month": "2019-01",
            "price": "38.25",
            "revenue": 913458
        },
        "2019-02": {
            "month": "2019-02",
            "price": "39.84",
            "revenue": 572959
        },
        "2019-03": {
            "month": "2019-03",
            "price": "41.26",
            "revenue": 631653
        },
        "2019-04": {
            "month": "2019-04",
            "price": "44.91",
            "revenue": 642774
        },
        "2019-05": {
            "month": "2019-05",
            "price": "44.68",
            "revenue": 695419
        },
        "2019-06": {
            "month": "2019-06",
            "price": "45.05",
            "revenue": 692963
        },
        "2019-07": {
            "month": "2019-07",
            "price": "46.83",
            "revenue": 791473
        },
        "2019-08": {
            "month": "2019-08",
            "price": "44.92",
            "revenue": 789158
        },
        "2019-09": {
            "month": "2019-09",
            "price": "42.59",
            "revenue": 586266
        },
        "2019-10": {
            "month": "2019-10",
            "price": "41.22",
            "revenue": 695551
        },
        "2019-11": {
            "month": "2019-11",
            "price": "40.73",
            "revenue": 665580
        },
        "2019-12": {
            "month": "2019-12",
            "price": "41.50",
            "revenue": 911649
        },
        "2020-01": {
            "month": "2020-01",
            "price": "41.42",
            "revenue": 883070
        },
        "2020-02": {
            "month": "2020-02",
            "price": "41.17",
            "revenue": 514965
        },
        "2020-03": {
            "month": "2020-03",
            "price": "37.75",
            "revenue": 700011
        },
        "2020-04": {
            "month": "2020-04",
            "price": "40.08",
            "revenue": 646251
        },
        "2020-05": {
            "month": "2020-05",
            "price": "41.50",
            "revenue": 675104
        },
        "2020-06": {
            "month": "2020-06",
            "price": "42.48",
            "revenue": 684343
        },
        "2020-07": {
            "month": "2020-07",
            "price": "43.95",
            "revenue": 787417
        },
        "2020-08": {
            "month": "2020-08",
            "price": "42.20",
            "revenue": 900089
        },
        "2020-09": {
            "month": "2020-09",
            "price": "41.75",
            "revenue": 694394
        },
        "2020-10": {
            "month": "2020-10",
            "price": "42.34",
            "revenue": 708224
        },
        "2020-11": {
            "month": "2020-11",
            "price": "43.89",
            "revenue": 702239
        },
        "2020-12": {
            "month": "2020-12",
            "price": "45.28",
            "revenue": 921214
        },
        "2021-01": {
            "month": "2021-01",
            "price": "45.60",
            "revenue": 949444
        },
        "2021-02": {
            "month": "2021-02",
            "price": "45.62",
            "revenue": 718678
        },
        "2021-03": {
            "month": "2021-03",
            "price": "50.45",
            "revenue": 705431
        },
        "2021-04": {
            "month": "2021-04",
            "price": "57.71",
            "revenue": 695795
        },
        "2021-05": {
            "month": "2021-05",
            "price": "59.52",
            "revenue": 723277
        },
        "2021-06": {
            "month": "2021-06",
            "price": "61.84",
            "revenue": 738135
        },
        "2021-07": {
            "month": "2021-07",
            "price": "71.37",
            "revenue": 829241
        },
        "2021-08": {
            "month": "2021-08",
            "price": "72.79",
            "revenue": 887835
        },
        "2021-09": {
            "month": "2021-09",
            "price": "68.89",
            "revenue": 706336
        },
        "2021-10": {
            "month": "2021-10",
            "price": "66.74",
            "revenue": 752598
        },
        "2021-11": {
            "month": "2021-11",
            "price": "68.12",
            "revenue": 748007
        },
        "2021-12": {
            "month": "2021-12",
            "price": "68.60",
            "revenue": 1063115
        },
        "2022-01": {
            "month": "2022-01",
            "price": "69.73",
            "revenue": 1024108
        },
        "2022-02": {
            "month": "2022-02",
            "price": "74.09",
            "revenue": 689899
        },
        "2022-03": {
            "month": "2022-03",
            "price": "80.09",
            "revenue": 810325
        },
        "2022-04": {
            "month": "2022-04",
            "price": "86.09",
            "revenue": 811880
        },
        "2022-05": {
            "month": "2022-05",
            "price": "84.31",
            "revenue": 815527
        },
        "2022-06": {
            "month": "2022-06",
            "price": "85.33",
            "revenue": 821455
        },
        "2022-07": {
            "month": "2022-07",
            "price": "77.55",
            "revenue": 987622
        },
        "2022-08": {
            "month": "2022-08",
            "price": "75.50",
            "revenue": 976319
        },
        "2022-09": {
            "month": "2022-09",
            "price": "72.99",
            "revenue": 825821
        },
        "2022-10": {
            "month": "2022-10",
            "price": "67.57",
            "revenue": 866871
        },
        "2022-11": {
            "month": "2022-11",
            "price": "69.40",
            "revenue": 869263
        },
        "2022-12": {
            "month": "2022-12",
            "price": "73.71",
            "revenue": 1273749
        },
        "2023-01": {
            "month": "2023-01",
            "price": "76.59",
            "revenue": 1032901
        },
        "2023-02": {
            "month": "2023-02",
            "price": "84.05",
            "revenue": 740027
        },
        "2023-03": {
            "month": "2023-03",
            "price": "87.76",
            "revenue": 1000854
        },
        "2023-04": {
            "month": "2023-04",
            "price": "90.88",
            "revenue": 808023
        }
    }
}
