{
    "summary": {
        "stock_name": "大統益",
        "stock_id": "1232",
        "category": "食品",
        "main_business": "黃豆油、粉加工，製造及銷售",
        "website_url": "https://www.ttet.com.tw",
        "ceo": "陳昭良",
        "pe_ratio": 20,
        "report_year_from": 2001,
        "report_year_to": 2023,
        "age": 23,
        "eps_negative_percentage": 0,
        "eps_growth_avg": {
            "last_all": 6.98,
            "last_2y": -11.18,
            "last_4y": 1.27,
            "last_8y": -0.09,
            "last_12y": 4.73,
            "last_16y": 7.45,
            "last_20y": 7.13,
            "at_2006_last_3y": 5.77,
            "at_2007_last_3y": 18.09,
            "at_2008_last_3y": 22.22,
            "at_2009_last_3y": 16.75,
            "at_2010_last_3y": 16.29,
            "at_2011_last_3y": 4.56,
            "at_2012_last_3y": 0.63,
            "at_2013_last_3y": 9.21,
            "at_2014_last_3y": 15.56,
            "at_2015_last_3y": 16.7,
            "at_2016_last_3y": 22.36,
            "at_2017_last_3y": 5.32,
            "at_2018_last_3y": -1.79,
            "at_2019_last_3y": 1.97,
            "at_2020_last_3y": 10.62,
            "at_2021_last_3y": 11.81,
            "at_2022_last_3y": 8.73,
            "at_2023_last_3y": -0.26,
            "at_2024_last_3y": -0.26,
            "at_2006_last_all": 5.37,
            "at_2007_last_all": 10.26,
            "at_2008_last_all": 7.51,
            "at_2009_last_all": 9.73,
            "at_2010_last_all": 10.22,
            "at_2011_last_all": 7.98,
            "at_2012_last_all": 5.01,
            "at_2013_last_all": 9.56,
            "at_2014_last_all": 11.87,
            "at_2015_last_all": 10.47,
            "at_2016_last_all": 9.64,
            "at_2017_last_all": 8.5,
            "at_2018_last_all": 8.65,
            "at_2019_last_all": 8.58,
            "at_2020_last_all": 9.84,
            "at_2021_last_all": 9.16,
            "at_2022_last_all": 8.67,
            "at_2023_last_all": 6.98,
            "at_2024_last_all": 6.98
        },
        "latest_eps": 7.02,
        "latest_price": 141,
        "latest_roe": 22.97,
        "latest_gross_margin": 9.97,
        "latest_equity": 5206517,
        "latest_revenue": 5838356,
        "latest_gross_profit": 582184,
        "latest_net_income": 282956,
        "latest_debt_ratio": 33.74,
        "latest_current_ratio": 356.02,
        "latest_account_receivable_turnover_ratio": 4.83,
        "latest_inventory_turnover_ratio": 1.72,
        "latest_reinvestment_rate": 4.16,
        "latest_research_to_sale_ratio": 0.04
    },
    "eps_dividends": {
        "1994": {
            "cash": 0.4,
            "stock": 1,
            "eps": 0
        },
        "1995": {
            "cash": 0,
            "stock": 1.3,
            "eps": 0
        },
        "1996": {
            "cash": 0,
            "stock": 1.8,
            "eps": 0
        },
        "1997": {
            "cash": 0,
            "stock": 1.3,
            "eps": 0
        },
        "2001": {
            "cash": 1.3,
            "stock": 0,
            "eps": 2.12
        },
        "2002": {
            "cash": 1.2,
            "stock": 0.6,
            "eps": 2.2
        },
        "2003": {
            "cash": 1.8,
            "stock": 0,
            "eps": 1.88
        },
        "2004": {
            "cash": 1.6,
            "stock": 0,
            "eps": 1.4
        },
        "2005": {
            "cash": 1.2,
            "stock": 0,
            "eps": 2.06
        },
        "2006": {
            "cash": 1.6,
            "stock": 0,
            "eps": 2.39
        },
        "2007": {
            "cash": 2,
            "stock": 0,
            "eps": 3.22
        },
        "2008": {
            "cash": 2.6,
            "stock": 0,
            "eps": 2.93
        },
        "2009": {
            "cash": 2.4,
            "stock": 0,
            "eps": 3.67
        },
        "2010": {
            "cash": 3,
            "stock": 0,
            "eps": 4.19
        },
        "2011": {
            "cash": 6.5,
            "stock": 0,
            "eps": 3.68
        },
        "2012": {
            "cash": 0,
            "stock": 0,
            "eps": 2.77
        },
        "2013": {
            "cash": 2.8,
            "stock": 0,
            "eps": 4.42
        },
        "2014": {
            "cash": 3.8,
            "stock": 0,
            "eps": 6.17
        },
        "2015": {
            "cash": 5,
            "stock": 0,
            "eps": 5.7
        },
        "2016": {
            "cash": 5,
            "stock": 0,
            "eps": 5.58
        },
        "2017": {
            "cash": 5,
            "stock": 0,
            "eps": 5.1
        },
        "2018": {
            "cash": 5,
            "stock": 0,
            "eps": 5.67
        },
        "2019": {
            "cash": 5,
            "stock": 0,
            "eps": 6.09
        },
        "2020": {
            "cash": 5,
            "stock": 0,
            "eps": 8.07
        },
        "2021": {
            "cash": 6,
            "stock": 0,
            "eps": 7.76
        },
        "2022": {
            "cash": 6,
            "stock": 0,
            "eps": 7.67
        },
        "2023": {
            "cash": 6,
            "stock": 0,
            "eps": 5.48
        }
    },
    "dividends": {
        "1994-06-29": {
            "cash": 0.4,
            "stock": 1
        },
        "1995-05-26": {
            "cash": 0,
            "stock": 1.3
        },
        "1996-06-10": {
            "cash": 0,
            "stock": 1.8
        },
        "1997-06-21": {
            "cash": 0,
            "stock": 1.3
        },
        "2001-06-08": {
            "cash": 1.3,
            "stock": 0
        },
        "2002-06-14": {
            "cash": 1.2,
            "stock": 0.6
        },
        "2003-03-28": {
            "cash": 1.8,
            "stock": 0
        },
        "2004-03-19": {
            "cash": 1.6,
            "stock": 0
        },
        "2005-03-18": {
            "cash": 1.2,
            "stock": 0
        },
        "2006-03-17": {
            "cash": 1.6,
            "stock": 0
        },
        "2007-03-21": {
            "cash": 2,
            "stock": 0
        },
        "2008-03-25": {
            "cash": 2.6,
            "stock": 0
        },
        "2009-03-13": {
            "cash": 2.4,
            "stock": 0
        },
        "2010-03-15": {
            "cash": 3,
            "stock": 0
        },
        "2011-01-01": {
            "cash": 3,
            "stock": 0
        },
        "2011-03-16": {
            "cash": 3.5,
            "stock": 0
        },
        "2013-03-18": {
            "cash": 2.8,
            "stock": 0
        },
        "2014-06-11": {
            "cash": 3.8,
            "stock": 0
        },
        "2015-08-07": {
            "cash": 5,
            "stock": 0
        },
        "2016-07-29": {
            "cash": 5,
            "stock": 0
        },
        "2017-07-28": {
            "cash": 5,
            "stock": 0
        },
        "2018-08-08": {
            "cash": 5,
            "stock": 0
        },
        "2019-07-31": {
            "cash": 5,
            "stock": 0
        },
        "2020-07-30": {
            "cash": 5,
            "stock": 0
        },
        "2021-09-16": {
            "cash": 6,
            "stock": 0
        },
        "2022-07-15": {
            "cash": 6,
            "stock": 0
        },
        "2023-06-27": {
            "cash": 6,
            "stock": 0
        }
    },
    "prices": {
        "200101": "13.23",
        "200102": "13.54",
        "200103": "13.38",
        "200104": "13.32",
        "200105": "13.16",
        "200106": "13.42",
        "200107": "12.57",
        "200108": "13.22",
        "200109": "13.68",
        "200110": "13.56",
        "200111": "13.64",
        "200112": "13.95",
        "200201": "15.57",
        "200202": "16.66",
        "200203": "16.89",
        "200204": "18.05",
        "200205": "17.79",
        "200206": "20.26",
        "200207": "20.87",
        "200208": "18.59",
        "200209": "17.52",
        "200210": "17.22",
        "200211": "19.61",
        "200212": "19.67",
        "200301": "20.70",
        "200302": "20.13",
        "200303": "19.89",
        "200304": "20.04",
        "200305": "19.47",
        "200306": "20.58",
        "200307": "20.12",
        "200308": "19.22",
        "200309": "19.29",
        "200310": "19.37",
        "200311": "19.65",
        "200312": "19.47",
        "200401": "19.76",
        "200402": "22.13",
        "200403": "22.30",
        "200404": "21.50",
        "200405": "20.09",
        "200406": "20.01",
        "200407": "18.85",
        "200408": "18.38",
        "200409": "18.20",
        "200410": "18.10",
        "200411": "17.31",
        "200412": "17.31",
        "200501": "17.19",
        "200502": "17.03",
        "200503": "17.14",
        "200504": "16.94",
        "200505": "17.10",
        "200506": "17.35",
        "200507": "16.71",
        "200508": "16.12",
        "200509": "16.40",
        "200510": "16.04",
        "200511": "15.99",
        "200512": "16.31",
        "200601": "16.82",
        "200602": "16.78",
        "200603": "16.82",
        "200604": "17.88",
        "200605": "18.61",
        "200606": "18.06",
        "200607": "16.98",
        "200608": "17.15",
        "200609": "17.31",
        "200610": "18.01",
        "200611": "19.32",
        "200612": "19.89",
        "200701": "22.13",
        "200702": "23.98",
        "200703": "22.70",
        "200704": "25.14",
        "200705": "25.47",
        "200706": "26.50",
        "200707": "29.44",
        "200708": "27.02",
        "200709": "28.09",
        "200710": "29.91",
        "200711": "28.29",
        "200712": "28.51",
        "200801": "29.67",
        "200802": "31.12",
        "200803": "36.21",
        "200804": "39.25",
        "200805": "43.12",
        "200806": "42.28",
        "200807": "37.11",
        "200808": "33.30",
        "200809": "27.26",
        "200810": "22.50",
        "200811": "24.53",
        "200812": "24.89",
        "200901": "24.72",
        "200902": "24.96",
        "200903": "26.20",
        "200904": "30.15",
        "200905": "33.30",
        "200906": "35.78",
        "200907": "35.53",
        "200908": "34.81",
        "200909": "37.11",
        "200910": "38.47",
        "200911": "37.73",
        "200912": "37.72",
        "201001": "37.99",
        "201002": "36.49",
        "201003": "38.93",
        "201004": "40.75",
        "201005": "40.34",
        "201006": "40.82",
        "201007": "38.86",
        "201008": "40.07",
        "201009": "40.39",
        "201010": "42.60",
        "201011": "50.14",
        "201012": "50.90",
        "201101": "50.81",
        "201102": "52.31",
        "201103": "51.01",
        "201104": "52.73",
        "201105": "53.15",
        "201106": "53.05",
        "201107": "51.99",
        "201108": "51.27",
        "201109": "48.95",
        "201110": "48.06",
        "201111": "48.50",
        "201112": "47.49",
        "201201": "47.28",
        "201202": "48.75",
        "201203": "50.71",
        "201204": "50.11",
        "201205": "50.08",
        "201206": "50.54",
        "201207": "49.94",
        "201208": "50.86",
        "201209": "52.07",
        "201210": "51.62",
        "201211": "50.77",
        "201212": "51.24",
        "201301": "51.89",
        "201302": "52.90",
        "201303": "52.92",
        "201304": "52.68",
        "201305": "56.03",
        "201306": "56.52",
        "201307": "55.73",
        "201308": "58.41",
        "201309": "58.44",
        "201310": "60.31",
        "201311": "62.26",
        "201312": "61.78",
        "201401": "61.78",
        "201402": "61.11",
        "201403": "63.45",
        "201404": "69.56",
        "201405": "78.13",
        "201406": "80.53",
        "201407": "76.39",
        "201408": "72.41",
        "201409": "72.06",
        "201410": "71.08",
        "201411": "71.86",
        "201412": "70.85",
        "201501": "70.40",
        "201502": "71.41",
        "201503": "76.45",
        "201504": "78.54",
        "201505": "78.46",
        "201506": "75.66",
        "201507": "73.22",
        "201508": "70.47",
        "201509": "71.18",
        "201510": "73.12",
        "201511": "74.69",
        "201512": "75.03",
        "201601": "74.15",
        "201602": "74.47",
        "201603": "77.72",
        "201604": "79.58",
        "201605": "77.94",
        "201606": "79.61",
        "201607": "79.02",
        "201608": "79.90",
        "201609": "81.64",
        "201610": "85.43",
        "201611": "84.07",
        "201612": "84.06",
        "201701": "84.77",
        "201702": "86.31",
        "201703": "89.87",
        "201704": "91.77",
        "201705": "91.76",
        "201706": "93.31",
        "201707": "92.44",
        "201708": "90.15",
        "201709": "89.94",
        "201710": "89.99",
        "201711": "91.11",
        "201712": "90.71",
        "201801": "91.23",
        "201802": "90.90",
        "201803": "91.58",
        "201804": "93.69",
        "201805": "94.26",
        "201806": "94.50",
        "201807": "95.09",
        "201808": "95.63",
        "201809": "97.70",
        "201810": "97.70",
        "201811": "98.46",
        "201812": "97.86",
        "201901": "98.93",
        "201902": "100.00",
        "201903": "101.20",
        "201904": "103.65",
        "201905": "111.36",
        "201906": "120.29",
        "201907": "125.59",
        "201908": "119.98",
        "201909": "120.11",
        "201910": "123.76",
        "201911": "124.19",
        "201912": "121.86",
        "202001": "121.23",
        "202002": "122.89",
        "202003": "110.44",
        "202004": "114.92",
        "202005": "117.92",
        "202006": "122.15",
        "202007": "121.15",
        "202008": "119.17",
        "202009": "119.05",
        "202010": "118.95",
        "202011": "124.88",
        "202012": "128.26",
        "202101": "134.62",
        "202102": "132.27",
        "202103": "137.89",
        "202104": "146.11",
        "202105": "162.50",
        "202106": "166.21",
        "202107": "166.86",
        "202108": "163.18",
        "202109": "157.98",
        "202110": "157.65",
        "202111": "162.41",
        "202112": "158.30",
        "202201": "156.17",
        "202202": "156.13",
        "202203": "156.50",
        "202204": "154.89",
        "202205": "152.90",
        "202206": "157.10",
        "202207": "153.45",
        "202208": "155.43",
        "202209": "157.60",
        "202210": "149.48",
        "202211": "145.75",
        "202212": "143.82",
        "202301": "142.46",
        "202302": "146.28",
        "202303": "147.54",
        "202304": "149.29",
        "202305": "151.57",
        "202306": "151.32",
        "202307": "146.21",
        "202308": "144.55",
        "202309": "142.95",
        "202310": "140.88",
        "202311": "142.70",
        "202312": "143.10"
    },
    "quarters": {
        "20011": {
            "year_quarter": 20011,
            "year": 2001,
            "quarter": 1,
            "eps": 0.59,
            "eps_growth_year": -4.84,
            "eps_4q": 1.51,
            "eps_4q_growth_year": 27.54,
            "roe": 4.5,
            "roe_4q": 4.5,
            "gross_profit": 170482,
            "gross_margin": 11.5,
            "gross_margin_4q_avg": 11.5,
            "net_income": 88457,
            "net_income_4q": null,
            "revenue": 1482911,
            "revenue_4q": null,
            "common_shares": 1509197,
            "book_valuer_per_share": 13.31,
            "book_valuer_per_share_4q_avg": 13.31,
            "equity": 2009349,
            "current_ratio": 102.66,
            "debt_ratio": 42.5,
            "inventory_turnover_ratio": 2.73,
            "account_receivable_turnover_ratio": null,
            "reinvestment_rate": null,
            "research_to_sale_ratio": null,
            "price_fair": 0,
            "eps_avg_yearly": 0,
            "eps_latest_yearly": 0,
            "eps_growth_yearly": 0
        },
        "20012": {
            "year_quarter": 20012,
            "year": 2001,
            "quarter": 2,
            "eps": 0.37,
            "eps_growth_year": 15.62,
            "eps_4q": 1.53,
            "eps_4q_growth_year": 12.04,
            "roe": 2.92,
            "roe_4q": 7.42,
            "gross_profit": 139814,
            "gross_margin": 9.55,
            "gross_margin_4q_avg": 10.53,
            "net_income": 56563,
            "net_income_4q": null,
            "revenue": 1464142,
            "revenue_4q": null,
            "common_shares": 1509197,
            "book_valuer_per_share": 12.33,
            "book_valuer_per_share_4q_avg": 12.82,
            "equity": 1861427,
            "current_ratio": 98.72,
            "debt_ratio": 50.92,
            "inventory_turnover_ratio": 2.06,
            "account_receivable_turnover_ratio": null,
            "reinvestment_rate": null,
            "research_to_sale_ratio": null,
            "price_fair": 0,
            "eps_avg_yearly": 0,
            "eps_latest_yearly": 0,
            "eps_growth_yearly": 0
        },
        "20013": {
            "year_quarter": 20013,
            "year": 2001,
            "quarter": 3,
            "eps": 0.69,
            "eps_growth_year": 213.64,
            "eps_4q": 2.04,
            "eps_4q_growth_year": 28.17,
            "roe": 5.41,
            "roe_4q": 12.83,
            "gross_profit": 217183,
            "gross_margin": 13.73,
            "gross_margin_4q_avg": 11.59,
            "net_income": 103494,
            "net_income_4q": null,
            "revenue": 1582336,
            "revenue_4q": null,
            "common_shares": 1509197,
            "book_valuer_per_share": 13.02,
            "book_valuer_per_share_4q_avg": 12.89,
            "equity": 1964921,
            "current_ratio": 106.54,
            "debt_ratio": 47.75,
            "inventory_turnover_ratio": 1.67,
            "account_receivable_turnover_ratio": null,
            "reinvestment_rate": null,
            "research_to_sale_ratio": null,
            "price_fair": 0,
            "eps_avg_yearly": 0,
            "eps_latest_yearly": 0,
            "eps_growth_yearly": 0
        },
        "20014": {
            "year_quarter": 20014,
            "year": 2001,
            "quarter": 4,
            "eps": 0.47,
            "eps_growth_year": 23.68,
            "eps_4q": 2.12,
            "eps_4q_growth_year": 37.56,
            "roe": 3.54,
            "roe_4q": 16.369999999999997,
            "gross_profit": 167390,
            "gross_margin": 10.18,
            "gross_margin_4q_avg": 11.24,
            "net_income": 70796,
            "net_income_4q": null,
            "revenue": 1644507,
            "revenue_4q": null,
            "common_shares": 1509197,
            "book_valuer_per_share": 13.49,
            "book_valuer_per_share_4q_avg": 13.04,
            "equity": 2035717,
            "current_ratio": 121.8,
            "debt_ratio": 42.77,
            "inventory_turnover_ratio": 2.1,
            "account_receivable_turnover_ratio": null,
            "reinvestment_rate": null,
            "research_to_sale_ratio": null,
            "price_fair": 0,
            "eps_avg_yearly": 0,
            "eps_latest_yearly": 0,
            "eps_growth_yearly": 0
        },
        "20021": {
            "year_quarter": 20021,
            "year": 2002,
            "quarter": 1,
            "eps": 0.6,
            "eps_growth_year": 1.69,
            "eps_4q": 2.17,
            "eps_4q_growth_year": 43.79,
            "roe": 4.27,
            "roe_4q": 16.14,
            "gross_profit": 172925,
            "gross_margin": 11.37,
            "gross_margin_4q_avg": 11.21,
            "net_income": 88472,
            "net_income_4q": null,
            "revenue": 1521397,
            "revenue_4q": null,
            "common_shares": 1509197,
            "book_valuer_per_share": 13.98,
            "book_valuer_per_share_4q_avg": 13.21,
            "equity": 2109747,
            "current_ratio": 132.66,
            "debt_ratio": 38.99,
            "inventory_turnover_ratio": 2.25,
            "account_receivable_turnover_ratio": null,
            "reinvestment_rate": null,
            "research_to_sale_ratio": null,
            "price_fair": 84,
            "eps_avg_yearly": 2.4,
            "eps_latest_yearly": 2.4,
            "eps_growth_yearly": 110.64
        },
        "20022": {
            "year_quarter": 20022,
            "year": 2002,
            "quarter": 2,
            "eps": 0.49,
            "eps_growth_year": 32.43,
            "eps_4q": 2.15,
            "eps_4q_growth_year": 40.35,
            "roe": 3.74,
            "roe_4q": 16.96,
            "gross_profit": 174172,
            "gross_margin": 10.46,
            "gross_margin_4q_avg": 11.44,
            "net_income": 77500,
            "net_income_4q": null,
            "revenue": 1665011,
            "revenue_4q": null,
            "common_shares": 1509197,
            "book_valuer_per_share": 13.47,
            "book_valuer_per_share_4q_avg": 13.49,
            "equity": 2032721,
            "current_ratio": 123.67,
            "debt_ratio": 39.4,
            "inventory_turnover_ratio": 2.74,
            "account_receivable_turnover_ratio": null,
            "reinvestment_rate": null,
            "research_to_sale_ratio": null,
            "price_fair": 62.46,
            "eps_avg_yearly": 2.18,
            "eps_latest_yearly": 1.96,
            "eps_growth_yearly": 18.65
        },
        "20023": {
            "year_quarter": 20023,
            "year": 2002,
            "quarter": 3,
            "eps": 0.67,
            "eps_growth_year": -2.9,
            "eps_4q": 2.16,
            "eps_4q_growth_year": 5.9,
            "roe": 5.12,
            "roe_4q": 16.669999999999998,
            "gross_profit": 214505,
            "gross_margin": 11.75,
            "gross_margin_4q_avg": 10.94,
            "net_income": 106793,
            "net_income_4q": null,
            "revenue": 1826070,
            "revenue_4q": null,
            "common_shares": 1599749,
            "book_valuer_per_share": 13.37,
            "book_valuer_per_share_4q_avg": 13.58,
            "equity": 2139514,
            "current_ratio": 130.78,
            "debt_ratio": 39.95,
            "inventory_turnover_ratio": 2.6,
            "account_receivable_turnover_ratio": null,
            "reinvestment_rate": null,
            "research_to_sale_ratio": null,
            "price_fair": 82.13,
            "eps_avg_yearly": 2.35,
            "eps_latest_yearly": 2.68,
            "eps_growth_yearly": 61.41
        },
        "20024": {
            "year_quarter": 20024,
            "year": 2002,
            "quarter": 4,
            "eps": 0.44,
            "eps_growth_year": -6.38,
            "eps_4q": 2.16,
            "eps_4q_growth_year": 2.04,
            "roe": 3.19,
            "roe_4q": 16.32,
            "gross_profit": 166786,
            "gross_margin": 8.61,
            "gross_margin_4q_avg": 10.55,
            "net_income": 69651,
            "net_income_4q": null,
            "revenue": 1938185,
            "revenue_4q": null,
            "common_shares": 1599749,
            "book_valuer_per_share": 13.81,
            "book_valuer_per_share_4q_avg": 13.66,
            "equity": 2223130,
            "current_ratio": 167.54,
            "debt_ratio": 36.11,
            "inventory_turnover_ratio": 2.57,
            "account_receivable_turnover_ratio": null,
            "reinvestment_rate": -31.32,
            "research_to_sale_ratio": null,
            "price_fair": 47.81,
            "eps_avg_yearly": 2.2,
            "eps_latest_yearly": 1.76,
            "eps_growth_yearly": 11.73
        },
        "20031": {
            "year_quarter": 20031,
            "year": 2003,
            "quarter": 1,
            "eps": 0.51,
            "eps_growth_year": -15,
            "eps_4q": 2.1,
            "eps_4q_growth_year": -3.17,
            "roe": 3.62,
            "roe_4q": 15.67,
            "gross_profit": 180735,
            "gross_margin": 9.77,
            "gross_margin_4q_avg": 10.15,
            "net_income": 81615,
            "net_income_4q": null,
            "revenue": 1849435,
            "revenue_4q": null,
            "common_shares": 1599749,
            "book_valuer_per_share": 14.32,
            "book_valuer_per_share_4q_avg": 13.74,
            "equity": 2290780,
            "current_ratio": 126.21,
            "debt_ratio": 34.43,
            "inventory_turnover_ratio": 2.94,
            "account_receivable_turnover_ratio": null,
            "reinvestment_rate": -29.71,
            "research_to_sale_ratio": null,
            "price_fair": 69.62,
            "eps_avg_yearly": 2.17,
            "eps_latest_yearly": 2.04,
            "eps_growth_yearly": 22.11
        },
        "20032": {
            "year_quarter": 20032,
            "year": 2003,
            "quarter": 2,
            "eps": 0.43,
            "eps_growth_year": -12.24,
            "eps_4q": 2.04,
            "eps_4q_growth_year": -5.09,
            "roe": 3.16,
            "roe_4q": 15.09,
            "gross_profit": 138513,
            "gross_margin": 7.04,
            "gross_margin_4q_avg": 9.29,
            "net_income": 68841,
            "net_income_4q": null,
            "revenue": 1967892,
            "revenue_4q": null,
            "common_shares": 1599749,
            "book_valuer_per_share": 12.87,
            "book_valuer_per_share_4q_avg": 13.59,
            "equity": 2059340,
            "current_ratio": 124.58,
            "debt_ratio": 47.76,
            "inventory_turnover_ratio": 2.6,
            "account_receivable_turnover_ratio": null,
            "reinvestment_rate": -28.63,
            "research_to_sale_ratio": null,
            "price_fair": 37.62,
            "eps_avg_yearly": 2.09,
            "eps_latest_yearly": 1.72,
            "eps_growth_yearly": 7.97
        },
        "20033": {
            "year_quarter": 20033,
            "year": 2003,
            "quarter": 3,
            "eps": 0.5,
            "eps_growth_year": -25.37,
            "eps_4q": 1.88,
            "eps_4q_growth_year": -12.94,
            "roe": 3.81,
            "roe_4q": 13.78,
            "gross_profit": 139072,
            "gross_margin": 6.15,
            "gross_margin_4q_avg": 7.89,
            "net_income": 79951,
            "net_income_4q": null,
            "revenue": 2259921,
            "revenue_4q": null,
            "common_shares": 1599749,
            "book_valuer_per_share": 13.37,
            "book_valuer_per_share_4q_avg": 13.59,
            "equity": 2139291,
            "current_ratio": 132.08,
            "debt_ratio": 45.08,
            "inventory_turnover_ratio": 3.06,
            "account_receivable_turnover_ratio": null,
            "reinvestment_rate": -26.01,
            "research_to_sale_ratio": null,
            "price_fair": 54.36,
            "eps_avg_yearly": 2.08,
            "eps_latest_yearly": 2,
            "eps_growth_yearly": 16.13
        },
        "20034": {
            "year_quarter": 20034,
            "year": 2003,
            "quarter": 4,
            "eps": 0.44,
            "eps_growth_year": 0,
            "eps_4q": 1.87,
            "eps_4q_growth_year": -13.48,
            "roe": 3.24,
            "roe_4q": 13.830000000000002,
            "gross_profit": 164287,
            "gross_margin": 6.67,
            "gross_margin_4q_avg": 7.41,
            "net_income": 70817,
            "net_income_4q": null,
            "revenue": 2464241,
            "revenue_4q": null,
            "common_shares": 1599749,
            "book_valuer_per_share": 13.8,
            "book_valuer_per_share_4q_avg": 13.59,
            "equity": 2225355,
            "current_ratio": 141.99,
            "debt_ratio": 46.95,
            "inventory_turnover_ratio": 3.22,
            "account_receivable_turnover_ratio": null,
            "reinvestment_rate": -23,
            "research_to_sale_ratio": null,
            "price_fair": 36.96,
            "eps_avg_yearly": 2.04,
            "eps_latest_yearly": 1.76,
            "eps_growth_yearly": 8.12
        },
        "20041": {
            "year_quarter": 20041,
            "year": 2004,
            "quarter": 1,
            "eps": 0.57,
            "eps_growth_year": 11.76,
            "eps_4q": 1.95,
            "eps_4q_growth_year": -6.77,
            "roe": 4,
            "roe_4q": 14.21,
            "gross_profit": 151322,
            "gross_margin": 6.31,
            "gross_margin_4q_avg": 6.54,
            "net_income": 90391,
            "net_income_4q": null,
            "revenue": 2397187,
            "revenue_4q": null,
            "common_shares": 1599749,
            "book_valuer_per_share": 14.36,
            "book_valuer_per_share_4q_avg": 13.6,
            "equity": 2297572,
            "current_ratio": 136.65,
            "debt_ratio": 43.87,
            "inventory_turnover_ratio": 2.38,
            "account_receivable_turnover_ratio": null,
            "reinvestment_rate": -24.62,
            "research_to_sale_ratio": null,
            "price_fair": 62.72,
            "eps_avg_yearly": 2.07,
            "eps_latest_yearly": 2.28,
            "eps_growth_yearly": 20.35
        },
        "20042": {
            "year_quarter": 20042,
            "year": 2004,
            "quarter": 2,
            "eps": 0.28,
            "eps_growth_year": -34.88,
            "eps_4q": 1.77,
            "eps_4q_growth_year": -13.23,
            "roe": 2.07,
            "roe_4q": 13.120000000000001,
            "gross_profit": 137630,
            "gross_margin": 5.49,
            "gross_margin_4q_avg": 6.16,
            "net_income": 45265,
            "net_income_4q": null,
            "revenue": 2507951,
            "revenue_4q": null,
            "common_shares": 1599749,
            "book_valuer_per_share": 12.98,
            "book_valuer_per_share_4q_avg": 13.63,
            "equity": 2076032,
            "current_ratio": 127.28,
            "debt_ratio": 54.99,
            "inventory_turnover_ratio": 2.4,
            "account_receivable_turnover_ratio": null,
            "reinvestment_rate": -23.8,
            "research_to_sale_ratio": null,
            "price_fair": 5.92,
            "eps_avg_yearly": 1.97,
            "eps_latest_yearly": 1.12,
            "eps_growth_yearly": -2.04
        },
        "20043": {
            "year_quarter": 20043,
            "year": 2004,
            "quarter": 3,
            "eps": -0.04,
            "eps_growth_year": -108,
            "eps_4q": 1.26,
            "eps_4q_growth_year": -33.11,
            "roe": -0.27,
            "roe_4q": 9.04,
            "gross_profit": 43830,
            "gross_margin": 1.87,
            "gross_margin_4q_avg": 5.09,
            "net_income": -5667,
            "net_income_4q": null,
            "revenue": 2348716,
            "revenue_4q": null,
            "common_shares": 1599749,
            "book_valuer_per_share": 12.94,
            "book_valuer_per_share_4q_avg": 13.52,
            "equity": 2070365,
            "current_ratio": 154.9,
            "debt_ratio": 43.97,
            "inventory_turnover_ratio": 2.79,
            "account_receivable_turnover_ratio": null,
            "reinvestment_rate": -24.1,
            "research_to_sale_ratio": null,
            "price_fair": 5.92,
            "eps_avg_yearly": 1.97,
            "eps_latest_yearly": 1.12,
            "eps_growth_yearly": -2.04
        },
        "20044": {
            "year_quarter": 20044,
            "year": 2004,
            "quarter": 4,
            "eps": 0.59,
            "eps_growth_year": 34.09,
            "eps_4q": 1.4,
            "eps_4q_growth_year": -24.96,
            "roe": 4.43,
            "roe_4q": 10.23,
            "gross_profit": 165952,
            "gross_margin": 6.72,
            "gross_margin_4q_avg": 5.1,
            "net_income": 94180,
            "net_income_4q": null,
            "revenue": 2468860,
            "revenue_4q": null,
            "common_shares": 1599749,
            "book_valuer_per_share": 13.53,
            "book_valuer_per_share_4q_avg": 13.45,
            "equity": 2182770,
            "current_ratio": 188.32,
            "debt_ratio": 40.12,
            "inventory_turnover_ratio": 3.9,
            "account_receivable_turnover_ratio": null,
            "reinvestment_rate": -21.69,
            "research_to_sale_ratio": null,
            "price_fair": 5.92,
            "eps_avg_yearly": 1.97,
            "eps_latest_yearly": 1.12,
            "eps_growth_yearly": -2.04
        },
        "20051": {
            "year_quarter": 20051,
            "year": 2005,
            "quarter": 1,
            "eps": 0.48,
            "eps_growth_year": -15.79,
            "eps_4q": 1.31,
            "eps_4q_growth_year": -33.01,
            "roe": 3.5,
            "roe_4q": 9.73,
            "gross_profit": 163688,
            "gross_margin": 8.03,
            "gross_margin_4q_avg": 5.53,
            "net_income": 77406,
            "net_income_4q": null,
            "revenue": 2038106,
            "revenue_4q": null,
            "common_shares": 1599749,
            "book_valuer_per_share": 14.01,
            "book_valuer_per_share_4q_avg": 13.37,
            "equity": 2241951,
            "current_ratio": 213.77,
            "debt_ratio": 34.21,
            "inventory_turnover_ratio": 3.97,
            "account_receivable_turnover_ratio": null,
            "reinvestment_rate": -25.77,
            "research_to_sale_ratio": null,
            "price_fair": 5.9,
            "eps_avg_yearly": 1.97,
            "eps_latest_yearly": 1.92,
            "eps_growth_yearly": -8.63
        },
        "20052": {
            "year_quarter": 20052,
            "year": 2005,
            "quarter": 2,
            "eps": 0.56,
            "eps_growth_year": 100,
            "eps_4q": 1.6,
            "eps_4q_growth_year": -9.6,
            "roe": 4.08,
            "roe_4q": 11.74,
            "gross_profit": 133133,
            "gross_margin": 6.57,
            "gross_margin_4q_avg": 5.8,
            "net_income": 89192,
            "net_income_4q": null,
            "revenue": 2024887,
            "revenue_4q": null,
            "common_shares": 1599749,
            "book_valuer_per_share": 13.32,
            "book_valuer_per_share_4q_avg": 13.45,
            "equity": 2131103,
            "current_ratio": 132.17,
            "debt_ratio": 47.44,
            "inventory_turnover_ratio": 2.5,
            "account_receivable_turnover_ratio": null,
            "reinvestment_rate": -25.93,
            "research_to_sale_ratio": null,
            "price_fair": 5.97,
            "eps_avg_yearly": 1.99,
            "eps_latest_yearly": 2.24,
            "eps_growth_yearly": -2.36
        },
        "20053": {
            "year_quarter": 20053,
            "year": 2005,
            "quarter": 3,
            "eps": 0.41,
            "eps_growth_year": null,
            "eps_4q": 2.04,
            "eps_4q_growth_year": 62.9,
            "roe": 3.02,
            "roe_4q": 15.03,
            "gross_profit": 155908,
            "gross_margin": 6.16,
            "gross_margin_4q_avg": 6.87,
            "net_income": 65402,
            "net_income_4q": null,
            "revenue": 2532931,
            "revenue_4q": null,
            "common_shares": 1599749,
            "book_valuer_per_share": 13.73,
            "book_valuer_per_share_4q_avg": 13.65,
            "equity": 2196505,
            "current_ratio": 154.65,
            "debt_ratio": 41.45,
            "inventory_turnover_ratio": 2.6,
            "account_receivable_turnover_ratio": null,
            "reinvestment_rate": -27.47,
            "research_to_sale_ratio": null,
            "price_fair": 5.89,
            "eps_avg_yearly": 1.96,
            "eps_latest_yearly": 1.64,
            "eps_growth_yearly": -10.42
        },
        "20054": {
            "year_quarter": 20054,
            "year": 2005,
            "quarter": 4,
            "eps": 0.61,
            "eps_growth_year": 3.39,
            "eps_4q": 2.05,
            "eps_4q_growth_year": 46.2,
            "roe": 4.35,
            "roe_4q": 14.95,
            "gross_profit": 175049,
            "gross_margin": 7.71,
            "gross_margin_4q_avg": 7.12,
            "net_income": 98068,
            "net_income_4q": null,
            "revenue": 2270421,
            "revenue_4q": null,
            "common_shares": 1599749,
            "book_valuer_per_share": 14.34,
            "book_valuer_per_share_4q_avg": 13.85,
            "equity": 2311984,
            "current_ratio": 164.47,
            "debt_ratio": 41.29,
            "inventory_turnover_ratio": 2.74,
            "account_receivable_turnover_ratio": null,
            "reinvestment_rate": -24.46,
            "research_to_sale_ratio": null,
            "price_fair": 28.49,
            "eps_avg_yearly": 2,
            "eps_latest_yearly": 2.44,
            "eps_growth_yearly": 4.26
        },
        "20061": {
            "year_quarter": 20061,
            "year": 2006,
            "quarter": 1,
            "eps": 0.45,
            "eps_growth_year": -6.25,
            "eps_4q": 2.04,
            "eps_4q_growth_year": 55.73,
            "roe": 3.06,
            "roe_4q": 14.51,
            "gross_profit": 137968,
            "gross_margin": 6.6,
            "gross_margin_4q_avg": 6.76,
            "net_income": 71538,
            "net_income_4q": null,
            "revenue": 2091249,
            "revenue_4q": null,
            "common_shares": 1599749,
            "book_valuer_per_share": 14.79,
            "book_valuer_per_share_4q_avg": 14.05,
            "equity": 2366111,
            "current_ratio": 179.37,
            "debt_ratio": 34.22,
            "inventory_turnover_ratio": 2.55,
            "account_receivable_turnover_ratio": null,
            "reinvestment_rate": -27.75,
            "research_to_sale_ratio": null,
            "price_fair": 5.86,
            "eps_avg_yearly": 1.95,
            "eps_latest_yearly": 1.8,
            "eps_growth_yearly": -11.13
        },
        "20062": {
            "year_quarter": 20062,
            "year": 2006,
            "quarter": 2,
            "eps": 0.49,
            "eps_growth_year": -12.5,
            "eps_4q": 1.95,
            "eps_4q_growth_year": 21.49,
            "roe": 3.48,
            "roe_4q": 13.91,
            "gross_profit": 153088,
            "gross_margin": 7.3,
            "gross_margin_4q_avg": 6.94,
            "net_income": 79092,
            "net_income_4q": null,
            "revenue": 2098083,
            "revenue_4q": null,
            "common_shares": 1599749,
            "book_valuer_per_share": 13.61,
            "book_valuer_per_share_4q_avg": 14.12,
            "equity": 2177361,
            "current_ratio": 112.65,
            "debt_ratio": 43.12,
            "inventory_turnover_ratio": 2.35,
            "account_receivable_turnover_ratio": null,
            "reinvestment_rate": -28.1,
            "research_to_sale_ratio": null,
            "price_fair": 5.86,
            "eps_avg_yearly": 1.95,
            "eps_latest_yearly": 1.96,
            "eps_growth_yearly": -3.36
        },
        "20063": {
            "year_quarter": 20063,
            "year": 2006,
            "quarter": 3,
            "eps": 0.69,
            "eps_growth_year": 68.29,
            "eps_4q": 2.24,
            "eps_4q_growth_year": 9.6,
            "roe": 4.96,
            "roe_4q": 15.85,
            "gross_profit": 192298,
            "gross_margin": 7.47,
            "gross_margin_4q_avg": 7.27,
            "net_income": 110639,
            "net_income_4q": null,
            "revenue": 2573345,
            "revenue_4q": null,
            "common_shares": 1599749,
            "book_valuer_per_share": 14.3,
            "book_valuer_per_share_4q_avg": 14.26,
            "equity": 2288000,
            "current_ratio": 124.08,
            "debt_ratio": 38.45,
            "inventory_turnover_ratio": 2.8,
            "account_receivable_turnover_ratio": null,
            "reinvestment_rate": -28.1,
            "research_to_sale_ratio": null,
            "price_fair": 5.88,
            "eps_avg_yearly": 1.96,
            "eps_latest_yearly": 2.76,
            "eps_growth_yearly": -2.19
        },
        "20064": {
            "year_quarter": 20064,
            "year": 2006,
            "quarter": 4,
            "eps": 0.76,
            "eps_growth_year": 24.59,
            "eps_4q": 2.4,
            "eps_4q_growth_year": 16.82,
            "roe": 5.15,
            "roe_4q": 16.65,
            "gross_profit": 224213,
            "gross_margin": 8.29,
            "gross_margin_4q_avg": 7.42,
            "net_income": 121195,
            "net_income_4q": null,
            "revenue": 2704702,
            "revenue_4q": null,
            "common_shares": 1599749,
            "book_valuer_per_share": 15.03,
            "book_valuer_per_share_4q_avg": 14.43,
            "equity": 2422513,
            "current_ratio": 162.18,
            "debt_ratio": 39.24,
            "inventory_turnover_ratio": 2.81,
            "account_receivable_turnover_ratio": null,
            "reinvestment_rate": -25.83,
            "research_to_sale_ratio": null,
            "price_fair": 42.09,
            "eps_avg_yearly": 2.05,
            "eps_latest_yearly": 3.04,
            "eps_growth_yearly": 10.52
        },
        "20071": {
            "year_quarter": 20071,
            "year": 2007,
            "quarter": 1,
            "eps": 0.77,
            "eps_growth_year": 71.11,
            "eps_4q": 2.72,
            "eps_4q_growth_year": 33.5,
            "roe": 4.95,
            "roe_4q": 18.540000000000003,
            "gross_profit": 211517,
            "gross_margin": 7.91,
            "gross_margin_4q_avg": 7.74,
            "net_income": 122620,
            "net_income_4q": null,
            "revenue": 2675109,
            "revenue_4q": null,
            "common_shares": 1599749,
            "book_valuer_per_share": 15.8,
            "book_valuer_per_share_4q_avg": 14.69,
            "equity": 2527454,
            "current_ratio": 168.95,
            "debt_ratio": 33.71,
            "inventory_turnover_ratio": 2.66,
            "account_receivable_turnover_ratio": null,
            "reinvestment_rate": -27.36,
            "research_to_sale_ratio": null,
            "price_fair": 34.75,
            "eps_avg_yearly": 2.13,
            "eps_latest_yearly": 3.08,
            "eps_growth_yearly": 6.35
        },
        "20072": {
            "year_quarter": 20072,
            "year": 2007,
            "quarter": 2,
            "eps": 0.44,
            "eps_growth_year": -10.2,
            "eps_4q": 2.64,
            "eps_4q_growth_year": 35.69,
            "roe": 2.96,
            "roe_4q": 18.02,
            "gross_profit": 166006,
            "gross_margin": 5.64,
            "gross_margin_4q_avg": 7.33,
            "net_income": 70875,
            "net_income_4q": null,
            "revenue": 2945962,
            "revenue_4q": null,
            "common_shares": 1599749,
            "book_valuer_per_share": 14.16,
            "book_valuer_per_share_4q_avg": 14.82,
            "equity": 2264785,
            "current_ratio": 138.35,
            "debt_ratio": 34.18,
            "inventory_turnover_ratio": 4.19,
            "account_receivable_turnover_ratio": null,
            "reinvestment_rate": -27.24,
            "research_to_sale_ratio": null,
            "price_fair": 6.39,
            "eps_avg_yearly": 2.13,
            "eps_latest_yearly": 1.76,
            "eps_growth_yearly": -1.42
        },
        "20073": {
            "year_quarter": 20073,
            "year": 2007,
            "quarter": 3,
            "eps": 0.76,
            "eps_growth_year": 10.14,
            "eps_4q": 2.74,
            "eps_4q_growth_year": 22.24,
            "roe": 5.2,
            "roe_4q": 18.259999999999998,
            "gross_profit": 209703,
            "gross_margin": 6.63,
            "gross_margin_4q_avg": 7.12,
            "net_income": 120825,
            "net_income_4q": null,
            "revenue": 3165001,
            "revenue_4q": null,
            "common_shares": 1599749,
            "book_valuer_per_share": 14.91,
            "book_valuer_per_share_4q_avg": 14.98,
            "equity": 2385610,
            "current_ratio": 156.21,
            "debt_ratio": 30.04,
            "inventory_turnover_ratio": 5.04,
            "account_receivable_turnover_ratio": null,
            "reinvestment_rate": -27.21,
            "research_to_sale_ratio": null,
            "price_fair": 54.44,
            "eps_avg_yearly": 2.2,
            "eps_latest_yearly": 3.04,
            "eps_growth_yearly": 14.71
        },
        "20074": {
            "year_quarter": 20074,
            "year": 2007,
            "quarter": 4,
            "eps": 1.25,
            "eps_growth_year": 64.47,
            "eps_4q": 3.22,
            "eps_4q_growth_year": 34.05,
            "roe": 8.03,
            "roe_4q": 21.14,
            "gross_profit": 414927,
            "gross_margin": 10.72,
            "gross_margin_4q_avg": 7.73,
            "net_income": 199937,
            "net_income_4q": null,
            "revenue": 3872330,
            "revenue_4q": null,
            "common_shares": 1599749,
            "book_valuer_per_share": 16.09,
            "book_valuer_per_share_4q_avg": 15.24,
            "equity": 2593294,
            "current_ratio": 184.55,
            "debt_ratio": 33.63,
            "inventory_turnover_ratio": 5.15,
            "account_receivable_turnover_ratio": null,
            "reinvestment_rate": -24.19,
            "research_to_sale_ratio": null,
            "price_fair": 85.2,
            "eps_avg_yearly": 2.43,
            "eps_latest_yearly": 5,
            "eps_growth_yearly": 36.56
        },
        "20081": {
            "year_quarter": 20081,
            "year": 2008,
            "quarter": 1,
            "eps": 1.02,
            "eps_growth_year": 32.47,
            "eps_4q": 3.45,
            "eps_4q_growth_year": 26.81,
            "roe": 6.13,
            "roe_4q": 22.32,
            "gross_profit": 386664,
            "gross_margin": 8.68,
            "gross_margin_4q_avg": 7.92,
            "net_income": 164015,
            "net_income_4q": null,
            "revenue": 4452769,
            "revenue_4q": null,
            "common_shares": 1599749,
            "book_valuer_per_share": 17.11,
            "book_valuer_per_share_4q_avg": 15.57,
            "equity": 2757309,
            "current_ratio": 176.6,
            "debt_ratio": 37.76,
            "inventory_turnover_ratio": 4.87,
            "account_receivable_turnover_ratio": null,
            "reinvestment_rate": -21.85,
            "research_to_sale_ratio": null,
            "price_fair": 84.22,
            "eps_avg_yearly": 2.56,
            "eps_latest_yearly": 4.08,
            "eps_growth_yearly": 22.86
        },
        "20082": {
            "year_quarter": 20082,
            "year": 2008,
            "quarter": 2,
            "eps": 0.87,
            "eps_growth_year": 97.73,
            "eps_4q": 3.91,
            "eps_4q_growth_year": 48.03,
            "roe": 5.32,
            "roe_4q": 24.679999999999996,
            "gross_profit": 278897,
            "gross_margin": 6.12,
            "gross_margin_4q_avg": 8.04,
            "net_income": 138735,
            "net_income_4q": null,
            "revenue": 4554118,
            "revenue_4q": null,
            "common_shares": 1599749,
            "book_valuer_per_share": 15.27,
            "book_valuer_per_share_4q_avg": 15.85,
            "equity": 2462061,
            "current_ratio": 135.4,
            "debt_ratio": 53.75,
            "inventory_turnover_ratio": 2.61,
            "account_receivable_turnover_ratio": null,
            "reinvestment_rate": -21.78,
            "research_to_sale_ratio": null,
            "price_fair": 95.6,
            "eps_avg_yearly": 2.73,
            "eps_latest_yearly": 3.48,
            "eps_growth_yearly": 33.2
        },
        "20083": {
            "year_quarter": 20083,
            "year": 2008,
            "quarter": 3,
            "eps": 1.02,
            "eps_growth_year": 34.21,
            "eps_4q": 4.15,
            "eps_4q_growth_year": 51.55,
            "roe": 6.43,
            "roe_4q": 25.909999999999997,
            "gross_profit": 258320,
            "gross_margin": 5.67,
            "gross_margin_4q_avg": 7.8,
            "net_income": 163455,
            "net_income_4q": null,
            "revenue": 4555027,
            "revenue_4q": null,
            "common_shares": 1599749,
            "book_valuer_per_share": 16.29,
            "book_valuer_per_share_4q_avg": 16.19,
            "equity": 2625516,
            "current_ratio": 192.94,
            "debt_ratio": 33.36,
            "inventory_turnover_ratio": 2.52,
            "account_receivable_turnover_ratio": null,
            "reinvestment_rate": -20.65,
            "research_to_sale_ratio": null,
            "price_fair": 98.75,
            "eps_avg_yearly": 2.82,
            "eps_latest_yearly": 4.08,
            "eps_growth_yearly": 35.58
        },
        "20084": {
            "year_quarter": 20084,
            "year": 2008,
            "quarter": 4,
            "eps": 0.02,
            "eps_growth_year": -98.4,
            "eps_4q": 2.6,
            "eps_4q_growth_year": -19.18,
            "roe": 0.14,
            "roe_4q": 18.02,
            "gross_profit": 86310,
            "gross_margin": 2.41,
            "gross_margin_4q_avg": 5.72,
            "net_income": 3607,
            "net_income_4q": null,
            "revenue": 3584106,
            "revenue_4q": null,
            "common_shares": 1599749,
            "book_valuer_per_share": 16.31,
            "book_valuer_per_share_4q_avg": 16.25,
            "equity": 2629387,
            "current_ratio": 194.28,
            "debt_ratio": 33.83,
            "inventory_turnover_ratio": 2.72,
            "account_receivable_turnover_ratio": 11.75,
            "reinvestment_rate": -23.33,
            "research_to_sale_ratio": null,
            "price_fair": 49.95,
            "eps_avg_yearly": 2.65,
            "eps_latest_yearly": 0.08,
            "eps_growth_yearly": 8.85
        },
        "20091": {
            "year_quarter": 20091,
            "year": 2009,
            "quarter": 1,
            "eps": 1.03,
            "eps_growth_year": 0.98,
            "eps_4q": 2.94,
            "eps_4q_growth_year": -14.85,
            "roe": 6.07,
            "roe_4q": 17.96,
            "gross_profit": 264075,
            "gross_margin": 8.28,
            "gross_margin_4q_avg": 5.62,
            "net_income": 164548,
            "net_income_4q": null,
            "revenue": 3187773,
            "revenue_4q": null,
            "common_shares": 1599749,
            "book_valuer_per_share": 17.34,
            "book_valuer_per_share_4q_avg": 16.3,
            "equity": 2793935,
            "current_ratio": 221.9,
            "debt_ratio": 30.21,
            "inventory_turnover_ratio": 2.09,
            "account_receivable_turnover_ratio": 4.87,
            "reinvestment_rate": -22.1,
            "research_to_sale_ratio": null,
            "price_fair": 97.56,
            "eps_avg_yearly": 2.79,
            "eps_latest_yearly": 4.12,
            "eps_growth_yearly": 1276.01
        },
        "20092": {
            "year_quarter": 20092,
            "year": 2009,
            "quarter": 2,
            "eps": 1.32,
            "eps_growth_year": 51.72,
            "eps_4q": 3.37,
            "eps_4q_growth_year": -13.71,
            "roe": 7.84,
            "roe_4q": 20.48,
            "gross_profit": 415917,
            "gross_margin": 9.89,
            "gross_margin_4q_avg": 6.56,
            "net_income": 212343,
            "net_income_4q": null,
            "revenue": 4204121,
            "revenue_4q": null,
            "common_shares": 1599749,
            "book_valuer_per_share": 16.26,
            "book_valuer_per_share_4q_avg": 16.55,
            "equity": 2622338,
            "current_ratio": 188.66,
            "debt_ratio": 36.38,
            "inventory_turnover_ratio": 2.7,
            "account_receivable_turnover_ratio": 5.54,
            "reinvestment_rate": -20.92,
            "research_to_sale_ratio": null,
            "price_fair": 104.21,
            "eps_avg_yearly": 2.98,
            "eps_latest_yearly": 5.28,
            "eps_growth_yearly": 1278.88
        },
        "20093": {
            "year_quarter": 20093,
            "year": 2009,
            "quarter": 3,
            "eps": 0.48,
            "eps_growth_year": -52.94,
            "eps_4q": 2.82,
            "eps_4q_growth_year": -32.04,
            "roe": 2.92,
            "roe_4q": 16.97,
            "gross_profit": 265110,
            "gross_margin": 6.42,
            "gross_margin_4q_avg": 6.75,
            "net_income": 77759,
            "net_income_4q": null,
            "revenue": 4130432,
            "revenue_4q": null,
            "common_shares": 1599749,
            "book_valuer_per_share": 16.74,
            "book_valuer_per_share_4q_avg": 16.66,
            "equity": 2700079,
            "current_ratio": 266.4,
            "debt_ratio": 25.12,
            "inventory_turnover_ratio": 2.89,
            "account_receivable_turnover_ratio": 5.34,
            "reinvestment_rate": -21.12,
            "research_to_sale_ratio": null,
            "price_fair": 104.83,
            "eps_avg_yearly": 3,
            "eps_latest_yearly": 1.92,
            "eps_growth_yearly": 1269.67
        },
        "20094": {
            "year_quarter": 20094,
            "year": 2009,
            "quarter": 4,
            "eps": 0.84,
            "eps_growth_year": 4100,
            "eps_4q": 3.68,
            "eps_4q_growth_year": 41.65,
            "roe": 4.94,
            "roe_4q": 21.77,
            "gross_profit": 276565,
            "gross_margin": 6.56,
            "gross_margin_4q_avg": 7.79,
            "net_income": 135965,
            "net_income_4q": null,
            "revenue": 4215579,
            "revenue_4q": null,
            "common_shares": 1599749,
            "book_valuer_per_share": 17.39,
            "book_valuer_per_share_4q_avg": 16.93,
            "equity": 2804960,
            "current_ratio": 245.76,
            "debt_ratio": 29.48,
            "inventory_turnover_ratio": 2.97,
            "account_receivable_turnover_ratio": 10.5,
            "reinvestment_rate": -3.61,
            "research_to_sale_ratio": null,
            "price_fair": 106.84,
            "eps_avg_yearly": 3.05,
            "eps_latest_yearly": 3.36,
            "eps_growth_yearly": 1276.22
        },
        "20101": {
            "year_quarter": 20101,
            "year": 2010,
            "quarter": 1,
            "eps": 0.96,
            "eps_growth_year": -6.8,
            "eps_4q": 3.62,
            "eps_4q_growth_year": 23.02,
            "roe": 5.38,
            "roe_4q": 21.08,
            "gross_profit": 279312,
            "gross_margin": 7.2,
            "gross_margin_4q_avg": 7.52,
            "net_income": 154843,
            "net_income_4q": null,
            "revenue": 3880426,
            "revenue_4q": null,
            "common_shares": 1599749,
            "book_valuer_per_share": 18.33,
            "book_valuer_per_share_4q_avg": 17.18,
            "equity": 2955831,
            "current_ratio": 301.98,
            "debt_ratio": 25.02,
            "inventory_turnover_ratio": 2.69,
            "account_receivable_turnover_ratio": 5.03,
            "reinvestment_rate": -6.59,
            "research_to_sale_ratio": null,
            "price_fair": 111.3,
            "eps_avg_yearly": 3.18,
            "eps_latest_yearly": 3.84,
            "eps_growth_yearly": 1286.35
        },
        "20102": {
            "year_quarter": 20102,
            "year": 2010,
            "quarter": 2,
            "eps": 1.04,
            "eps_growth_year": -21.53,
            "eps_4q": 3.33,
            "eps_4q_growth_year": -1.35,
            "roe": 5.95,
            "roe_4q": 19.189999999999998,
            "gross_profit": 279269,
            "gross_margin": 7.06,
            "gross_margin_4q_avg": 6.81,
            "net_income": 165923,
            "net_income_4q": null,
            "revenue": 3953415,
            "revenue_4q": null,
            "common_shares": 1599749,
            "book_valuer_per_share": 16.26,
            "book_valuer_per_share_4q_avg": 17.18,
            "equity": 2623761,
            "current_ratio": 227.37,
            "debt_ratio": 32.66,
            "inventory_turnover_ratio": 2.57,
            "account_receivable_turnover_ratio": 5.35,
            "reinvestment_rate": -5.86,
            "research_to_sale_ratio": null,
            "price_fair": 116.11,
            "eps_avg_yearly": 3.32,
            "eps_latest_yearly": 4.16,
            "eps_growth_yearly": 1286.21
        },
        "20103": {
            "year_quarter": 20103,
            "year": 2010,
            "quarter": 3,
            "eps": 1.36,
            "eps_growth_year": 183.09,
            "eps_4q": 4.2,
            "eps_4q_growth_year": 48.94,
            "roe": 7.97,
            "roe_4q": 24.240000000000002,
            "gross_profit": 375196,
            "gross_margin": 8.63,
            "gross_margin_4q_avg": 7.36,
            "net_income": 218123,
            "net_income_4q": null,
            "revenue": 4346718,
            "revenue_4q": null,
            "common_shares": 1599749,
            "book_valuer_per_share": 17.68,
            "book_valuer_per_share_4q_avg": 17.42,
            "equity": 2852893,
            "current_ratio": 267.44,
            "debt_ratio": 28.27,
            "inventory_turnover_ratio": 2.53,
            "account_receivable_turnover_ratio": 5.31,
            "reinvestment_rate": -6.68,
            "research_to_sale_ratio": null,
            "price_fair": 121.98,
            "eps_avg_yearly": 3.49,
            "eps_latest_yearly": 5.44,
            "eps_growth_yearly": 1283.7
        },
        "20104": {
            "year_quarter": 20104,
            "year": 2010,
            "quarter": 4,
            "eps": 0.83,
            "eps_growth_year": -1.26,
            "eps_4q": 4.19,
            "eps_4q_growth_year": 13.79,
            "roe": 4.58,
            "roe_4q": 23.88,
            "gross_profit": 334939,
            "gross_margin": 7.03,
            "gross_margin_4q_avg": 7.48,
            "net_income": 133584,
            "net_income_4q": null,
            "revenue": 4766883,
            "revenue_4q": null,
            "common_shares": 1599749,
            "book_valuer_per_share": 18.49,
            "book_valuer_per_share_4q_avg": 17.69,
            "equity": 2981923,
            "current_ratio": 283.75,
            "debt_ratio": 27.17,
            "inventory_turnover_ratio": 2.99,
            "account_receivable_turnover_ratio": 5.18,
            "reinvestment_rate": -8.17,
            "research_to_sale_ratio": 0.02,
            "price_fair": 122.59,
            "eps_avg_yearly": 3.5,
            "eps_latest_yearly": 3.32,
            "eps_growth_yearly": 1271.42
        },
        "20111": {
            "year_quarter": 20111,
            "year": 2011,
            "quarter": 1,
            "eps": 1.05,
            "eps_growth_year": 9.38,
            "eps_4q": 4.28,
            "eps_4q_growth_year": 18.23,
            "roe": 5.54,
            "roe_4q": 24.04,
            "gross_profit": 283436,
            "gross_margin": 6.38,
            "gross_margin_4q_avg": 7.28,
            "net_income": 169506,
            "net_income_4q": null,
            "revenue": 4441385,
            "revenue_4q": null,
            "common_shares": 1599749,
            "book_valuer_per_share": 19.46,
            "book_valuer_per_share_4q_avg": 17.97,
            "equity": 3139138,
            "current_ratio": 420.54,
            "debt_ratio": 18.48,
            "inventory_turnover_ratio": 3.36,
            "account_receivable_turnover_ratio": 5,
            "reinvestment_rate": -6.93,
            "research_to_sale_ratio": 0.02,
            "price_fair": 125.04,
            "eps_avg_yearly": 3.57,
            "eps_latest_yearly": 4.2,
            "eps_growth_yearly": 1277.72
        },
        "20112": {
            "year_quarter": 20112,
            "year": 2011,
            "quarter": 2,
            "eps": 0.78,
            "eps_growth_year": -25.02,
            "eps_4q": 4.02,
            "eps_4q_growth_year": 20.72,
            "roe": 4.28,
            "roe_4q": 22.37,
            "gross_profit": 288232,
            "gross_margin": 6.46,
            "gross_margin_4q_avg": 7.13,
            "net_income": 124867,
            "net_income_4q": null,
            "revenue": 4463411,
            "revenue_4q": null,
            "common_shares": 1599749,
            "book_valuer_per_share": 16.67,
            "book_valuer_per_share_4q_avg": 18.08,
            "equity": 2692406,
            "current_ratio": 206.15,
            "debt_ratio": 38.66,
            "inventory_turnover_ratio": 2.72,
            "account_receivable_turnover_ratio": 5.16,
            "reinvestment_rate": -6.83,
            "research_to_sale_ratio": 0.02,
            "price_fair": 128.01,
            "eps_avg_yearly": 3.66,
            "eps_latest_yearly": 3.12,
            "eps_growth_yearly": 1282.01
        },
        "20113": {
            "year_quarter": 20113,
            "year": 2011,
            "quarter": 3,
            "eps": 1.11,
            "eps_growth_year": -18.64,
            "eps_4q": 3.76,
            "eps_4q_growth_year": -10.45,
            "roe": 6.41,
            "roe_4q": 20.810000000000002,
            "gross_profit": 247382,
            "gross_margin": 5.24,
            "gross_margin_4q_avg": 6.28,
            "net_income": 178012,
            "net_income_4q": null,
            "revenue": 4718585,
            "revenue_4q": null,
            "common_shares": 1599749,
            "book_valuer_per_share": 17.71,
            "book_valuer_per_share_4q_avg": 18.08,
            "equity": 2860605,
            "current_ratio": 247.35,
            "debt_ratio": 32.51,
            "inventory_turnover_ratio": 2.38,
            "account_receivable_turnover_ratio": 5.43,
            "reinvestment_rate": -8.16,
            "research_to_sale_ratio": 0.02,
            "price_fair": 131.08,
            "eps_avg_yearly": 3.75,
            "eps_latest_yearly": 4.44,
            "eps_growth_yearly": 1274.4
        },
        "20114": {
            "year_quarter": 20114,
            "year": 2011,
            "quarter": 4,
            "eps": 0.74,
            "eps_growth_year": -11.31,
            "eps_4q": 3.67,
            "eps_4q_growth_year": -12.39,
            "roe": 4.08,
            "roe_4q": 20.31,
            "gross_profit": 242657,
            "gross_margin": 5.46,
            "gross_margin_4q_avg": 5.89,
            "net_income": 119092,
            "net_income_4q": null,
            "revenue": 4446672,
            "revenue_4q": null,
            "common_shares": 1599749,
            "book_valuer_per_share": 18.45,
            "book_valuer_per_share_4q_avg": 18.07,
            "equity": 2979404,
            "current_ratio": 345,
            "debt_ratio": 23.24,
            "inventory_turnover_ratio": 2.53,
            "account_receivable_turnover_ratio": 5.18,
            "reinvestment_rate": -10.84,
            "research_to_sale_ratio": 0.02,
            "price_fair": 126.61,
            "eps_avg_yearly": 3.62,
            "eps_latest_yearly": 2.96,
            "eps_growth_yearly": 1249.95
        },
        "20121": {
            "year_quarter": 20121,
            "year": 2012,
            "quarter": 1,
            "eps": 0.75,
            "eps_growth_year": -28.57,
            "eps_4q": 3.37,
            "eps_4q_growth_year": -21.19,
            "roe": 4.01,
            "roe_4q": 18.78,
            "gross_profit": 282793,
            "gross_margin": 6.59,
            "gross_margin_4q_avg": 5.94,
            "net_income": 121865,
            "net_income_4q": null,
            "revenue": 4290989,
            "revenue_4q": null,
            "common_shares": 1599749,
            "book_valuer_per_share": 19.21,
            "book_valuer_per_share_4q_avg": 18.01,
            "equity": 3103146,
            "current_ratio": 411.97,
            "debt_ratio": 19.88,
            "inventory_turnover_ratio": 2.6,
            "account_receivable_turnover_ratio": 5.07,
            "reinvestment_rate": -11.86,
            "research_to_sale_ratio": 0.02,
            "price_fair": 124.25,
            "eps_avg_yearly": 3.55,
            "eps_latest_yearly": 3,
            "eps_growth_yearly": 1254.89
        },
        "20122": {
            "year_quarter": 20122,
            "year": 2012,
            "quarter": 2,
            "eps": 1.06,
            "eps_growth_year": 36.34,
            "eps_4q": 3.65,
            "eps_4q_growth_year": -9.07,
            "roe": 5.77,
            "roe_4q": 20.27,
            "gross_profit": 282099,
            "gross_margin": 6.38,
            "gross_margin_4q_avg": 5.92,
            "net_income": 170200,
            "net_income_4q": null,
            "revenue": 4421078,
            "revenue_4q": null,
            "common_shares": 1599749,
            "book_valuer_per_share": 17.26,
            "book_valuer_per_share_4q_avg": 18.16,
            "equity": 2791665,
            "current_ratio": 239.46,
            "debt_ratio": 34.6,
            "inventory_turnover_ratio": 2.44,
            "account_receivable_turnover_ratio": 5.12,
            "reinvestment_rate": -11.07,
            "research_to_sale_ratio": 0.02,
            "price_fair": 125.91,
            "eps_avg_yearly": 3.6,
            "eps_latest_yearly": 4.24,
            "eps_growth_yearly": 1268.9
        },
        "20123": {
            "year_quarter": 20123,
            "year": 2012,
            "quarter": 3,
            "eps": 0.84,
            "eps_growth_year": -24.08,
            "eps_4q": 3.39,
            "eps_4q_growth_year": -10.03,
            "roe": 4.73,
            "roe_4q": 18.59,
            "gross_profit": 301219,
            "gross_margin": 5.6,
            "gross_margin_4q_avg": 6.01,
            "net_income": 135131,
            "net_income_4q": null,
            "revenue": 5378385,
            "revenue_4q": null,
            "common_shares": 1599749,
            "book_valuer_per_share": 18.08,
            "book_valuer_per_share_4q_avg": 18.25,
            "equity": 2924791,
            "current_ratio": 292.55,
            "debt_ratio": 28.4,
            "inventory_turnover_ratio": 2.72,
            "account_receivable_turnover_ratio": 5.71,
            "reinvestment_rate": -11.24,
            "research_to_sale_ratio": 0.02,
            "price_fair": 124.34,
            "eps_avg_yearly": 3.55,
            "eps_latest_yearly": 3.36,
            "eps_growth_yearly": 1259.4
        },
        "20124": {
            "year_quarter": 20124,
            "year": 2012,
            "quarter": 4,
            "eps": 0.12,
            "eps_growth_year": -83.34,
            "eps_4q": 2.77,
            "eps_4q_growth_year": -24.43,
            "roe": 0.73,
            "roe_4q": 15.24,
            "gross_profit": 189812,
            "gross_margin": 3.84,
            "gross_margin_4q_avg": 5.6,
            "net_income": 21640,
            "net_income_4q": null,
            "revenue": 4945169,
            "revenue_4q": null,
            "common_shares": 1599749,
            "book_valuer_per_share": 18.57,
            "book_valuer_per_share_4q_avg": 18.28,
            "equity": 3004140,
            "current_ratio": 265.75,
            "debt_ratio": 31.84,
            "inventory_turnover_ratio": 2.38,
            "account_receivable_turnover_ratio": 5.21,
            "reinvestment_rate": -16.51,
            "research_to_sale_ratio": 0.02,
            "price_fair": 125.21,
            "eps_avg_yearly": 3.58,
            "eps_latest_yearly": 0.48,
            "eps_growth_yearly": 1262.48
        },
        "20131": {
            "year_quarter": 20131,
            "year": 2013,
            "quarter": 1,
            "eps": 1.32,
            "eps_growth_year": 76,
            "eps_4q": 3.34,
            "eps_4q_growth_year": -0.89,
            "roe": 6.89,
            "roe_4q": 18.119999999999997,
            "gross_profit": 332773,
            "gross_margin": 6.82,
            "gross_margin_4q_avg": 5.66,
            "net_income": 212608,
            "net_income_4q": null,
            "revenue": 4882485,
            "revenue_4q": null,
            "common_shares": 1599749,
            "book_valuer_per_share": 19.6,
            "book_valuer_per_share_4q_avg": 18.38,
            "equity": 3169549,
            "current_ratio": 412.05,
            "debt_ratio": 22.2,
            "inventory_turnover_ratio": 2.6,
            "account_receivable_turnover_ratio": 5.47,
            "reinvestment_rate": -21.73,
            "research_to_sale_ratio": 0.02,
            "price_fair": 127.75,
            "eps_avg_yearly": 3.65,
            "eps_latest_yearly": 5.28,
            "eps_growth_yearly": 249.98
        },
        "20132": {
            "year_quarter": 20132,
            "year": 2013,
            "quarter": 2,
            "eps": 1.14,
            "eps_growth_year": 7.66,
            "eps_4q": 3.42,
            "eps_4q_growth_year": -6.22,
            "roe": 6.09,
            "roe_4q": 18.44,
            "gross_profit": 310751,
            "gross_margin": 6.24,
            "gross_margin_4q_avg": 5.63,
            "net_income": 184697,
            "net_income_4q": null,
            "revenue": 4981879,
            "revenue_4q": null,
            "common_shares": 1599749,
            "book_valuer_per_share": 17.92,
            "book_valuer_per_share_4q_avg": 18.54,
            "equity": 2900658,
            "current_ratio": 260.53,
            "debt_ratio": 34.44,
            "inventory_turnover_ratio": 2.5,
            "account_receivable_turnover_ratio": 5.58,
            "reinvestment_rate": -21.69,
            "research_to_sale_ratio": 0.02,
            "price_fair": 126.18,
            "eps_avg_yearly": 3.61,
            "eps_latest_yearly": 4.56,
            "eps_growth_yearly": 239.53
        },
        "20133": {
            "year_quarter": 20133,
            "year": 2013,
            "quarter": 3,
            "eps": 0.65,
            "eps_growth_year": -22.56,
            "eps_4q": 3.24,
            "eps_4q_growth_year": -4.45,
            "roe": 3.57,
            "roe_4q": 17.28,
            "gross_profit": 263469,
            "gross_margin": 5.45,
            "gross_margin_4q_avg": 5.59,
            "net_income": 105426,
            "net_income_4q": null,
            "revenue": 4835930,
            "revenue_4q": null,
            "common_shares": 1599749,
            "book_valuer_per_share": 18.56,
            "book_valuer_per_share_4q_avg": 18.66,
            "equity": 3005176,
            "current_ratio": 312.34,
            "debt_ratio": 28.98,
            "inventory_turnover_ratio": 1.98,
            "account_receivable_turnover_ratio": 5.29,
            "reinvestment_rate": -20.85,
            "research_to_sale_ratio": 0.02,
            "price_fair": 127.66,
            "eps_avg_yearly": 3.65,
            "eps_latest_yearly": 2.6,
            "eps_growth_yearly": 244.7
        },
        "20134": {
            "year_quarter": 20134,
            "year": 2013,
            "quarter": 4,
            "eps": 1.31,
            "eps_growth_year": 965.63,
            "eps_4q": 4.42,
            "eps_4q_growth_year": 59.36,
            "roe": 6.81,
            "roe_4q": 23.36,
            "gross_profit": 367045,
            "gross_margin": 6.86,
            "gross_margin_4q_avg": 6.34,
            "net_income": 210937,
            "net_income_4q": null,
            "revenue": 5347066,
            "revenue_4q": null,
            "common_shares": 1599749,
            "book_valuer_per_share": 19.69,
            "book_valuer_per_share_4q_avg": 18.94,
            "equity": 3186880,
            "current_ratio": 393.28,
            "debt_ratio": 24.34,
            "inventory_turnover_ratio": 3.02,
            "account_receivable_turnover_ratio": 5.75,
            "reinvestment_rate": -34.92,
            "research_to_sale_ratio": 0.02,
            "price_fair": 131.78,
            "eps_avg_yearly": 3.77,
            "eps_latest_yearly": 5.24,
            "eps_growth_yearly": 251.33
        },
        "20141": {
            "year_quarter": 20141,
            "year": 2014,
            "quarter": 1,
            "eps": 1.81,
            "eps_growth_year": 37.12,
            "eps_4q": 4.91,
            "eps_4q_growth_year": 46.91,
            "roe": 8.72,
            "roe_4q": 25.19,
            "gross_profit": 452063,
            "gross_margin": 8.18,
            "gross_margin_4q_avg": 6.68,
            "net_income": 290656,
            "net_income_4q": null,
            "revenue": 5526932,
            "revenue_4q": null,
            "common_shares": 1599749,
            "book_valuer_per_share": 21.49,
            "book_valuer_per_share_4q_avg": 19.42,
            "equity": 3476445,
            "current_ratio": 510.51,
            "debt_ratio": 19.5,
            "inventory_turnover_ratio": 3.41,
            "account_receivable_turnover_ratio": 5.65,
            "reinvestment_rate": -29.59,
            "research_to_sale_ratio": 0.02,
            "price_fair": 139.21,
            "eps_avg_yearly": 3.98,
            "eps_latest_yearly": 7.24,
            "eps_growth_yearly": 257.3
        },
        "20142": {
            "year_quarter": 20142,
            "year": 2014,
            "quarter": 2,
            "eps": 0.92,
            "eps_growth_year": -19.3,
            "eps_4q": 4.68,
            "eps_4q_growth_year": 36.68,
            "roe": 4.56,
            "roe_4q": 23.66,
            "gross_profit": 334081,
            "gross_margin": 6.18,
            "gross_margin_4q_avg": 6.67,
            "net_income": 148025,
            "net_income_4q": null,
            "revenue": 5402908,
            "revenue_4q": null,
            "common_shares": 1599749,
            "book_valuer_per_share": 18.63,
            "book_valuer_per_share_4q_avg": 19.59,
            "equity": 3014945,
            "current_ratio": 255.18,
            "debt_ratio": 36.37,
            "inventory_turnover_ratio": 2.27,
            "account_receivable_turnover_ratio": 5.33,
            "reinvestment_rate": -29.62,
            "research_to_sale_ratio": 0.02,
            "price_fair": 138.16,
            "eps_avg_yearly": 3.95,
            "eps_latest_yearly": 3.68,
            "eps_growth_yearly": 242.92
        },
        "20143": {
            "year_quarter": 20143,
            "year": 2014,
            "quarter": 3,
            "eps": 0.93,
            "eps_growth_year": 43.08,
            "eps_4q": 4.96,
            "eps_4q_growth_year": 53.46,
            "roe": 4.9,
            "roe_4q": 24.99,
            "gross_profit": 283915,
            "gross_margin": 5.24,
            "gross_margin_4q_avg": 6.62,
            "net_income": 151387,
            "net_income_4q": null,
            "revenue": 5414702,
            "revenue_4q": null,
            "common_shares": 1599749,
            "book_valuer_per_share": 19.56,
            "book_valuer_per_share_4q_avg": 19.84,
            "equity": 3165303,
            "current_ratio": 460.45,
            "debt_ratio": 21.05,
            "inventory_turnover_ratio": 2.31,
            "account_receivable_turnover_ratio": 5.2,
            "reinvestment_rate": -28.38,
            "research_to_sale_ratio": 0.02,
            "price_fair": 134.4,
            "eps_avg_yearly": 3.84,
            "eps_latest_yearly": 3.72,
            "eps_growth_yearly": 235.5
        },
        "20144": {
            "year_quarter": 20144,
            "year": 2014,
            "quarter": 4,
            "eps": 2.51,
            "eps_growth_year": 92.48,
            "eps_4q": 6.17,
            "eps_4q_growth_year": 39.69,
            "roe": 12.01,
            "roe_4q": 30.189999999999998,
            "gross_profit": 600564,
            "gross_margin": 10.91,
            "gross_margin_4q_avg": 7.63,
            "net_income": 404861,
            "net_income_4q": null,
            "revenue": 5504920,
            "revenue_4q": null,
            "common_shares": 1599749,
            "book_valuer_per_share": 22.11,
            "book_valuer_per_share_4q_avg": 20.45,
            "equity": 3576829,
            "current_ratio": 353.02,
            "debt_ratio": 26.95,
            "inventory_turnover_ratio": 2.51,
            "account_receivable_turnover_ratio": 5.32,
            "reinvestment_rate": -24.81,
            "research_to_sale_ratio": 0.02,
            "price_fair": 149.1,
            "eps_avg_yearly": 4.26,
            "eps_latest_yearly": 10.04,
            "eps_growth_yearly": 287.72
        },
        "20151": {
            "year_quarter": 20151,
            "year": 2015,
            "quarter": 1,
            "eps": 1.51,
            "eps_growth_year": -16.57,
            "eps_4q": 5.88,
            "eps_4q_growth_year": 19.8,
            "roe": 6.6,
            "roe_4q": 28.069999999999997,
            "gross_profit": 444596,
            "gross_margin": 9.36,
            "gross_margin_4q_avg": 7.92,
            "net_income": 243960,
            "net_income_4q": null,
            "revenue": 4750989,
            "revenue_4q": null,
            "common_shares": 1599749,
            "book_valuer_per_share": 23.63,
            "book_valuer_per_share_4q_avg": 20.98,
            "equity": 3821011,
            "current_ratio": 468.07,
            "debt_ratio": 20.78,
            "inventory_turnover_ratio": 2.06,
            "account_receivable_turnover_ratio": 4.97,
            "reinvestment_rate": -23.36,
            "research_to_sale_ratio": 0.02,
            "price_fair": 153.13,
            "eps_avg_yearly": 4.38,
            "eps_latest_yearly": 6.04,
            "eps_growth_yearly": 271.13
        },
        "20152": {
            "year_quarter": 20152,
            "year": 2015,
            "quarter": 2,
            "eps": 1.1,
            "eps_growth_year": 19.57,
            "eps_4q": 6.06,
            "eps_4q_growth_year": 29.53,
            "roe": 5.1,
            "roe_4q": 28.61,
            "gross_profit": 362095,
            "gross_margin": 8.64,
            "gross_margin_4q_avg": 8.54,
            "net_income": 178769,
            "net_income_4q": null,
            "revenue": 4190211,
            "revenue_4q": null,
            "common_shares": 1599749,
            "book_valuer_per_share": 19.73,
            "book_valuer_per_share_4q_avg": 21.26,
            "equity": 3193986,
            "current_ratio": 273.81,
            "debt_ratio": 34.14,
            "inventory_turnover_ratio": 2.03,
            "account_receivable_turnover_ratio": 4.82,
            "reinvestment_rate": -22,
            "research_to_sale_ratio": 0.02,
            "price_fair": 155.93,
            "eps_avg_yearly": 4.46,
            "eps_latest_yearly": 4.4,
            "eps_growth_yearly": 270.77
        },
        "20153": {
            "year_quarter": 20153,
            "year": 2015,
            "quarter": 3,
            "eps": 1.72,
            "eps_growth_year": 84.95,
            "eps_4q": 6.85,
            "eps_4q_growth_year": 37.9,
            "roe": 8.3,
            "roe_4q": 32.01,
            "gross_profit": 420349,
            "gross_margin": 9.5,
            "gross_margin_4q_avg": 9.6,
            "net_income": 276606,
            "net_income_4q": null,
            "revenue": 4424889,
            "revenue_4q": null,
            "common_shares": 1599749,
            "book_valuer_per_share": 21.45,
            "book_valuer_per_share_4q_avg": 21.73,
            "equity": 3470592,
            "current_ratio": 440.84,
            "debt_ratio": 21.81,
            "inventory_turnover_ratio": 2.83,
            "account_receivable_turnover_ratio": 5.06,
            "reinvestment_rate": -19.03,
            "research_to_sale_ratio": 0.03,
            "price_fair": 161.26,
            "eps_avg_yearly": 4.61,
            "eps_latest_yearly": 6.88,
            "eps_growth_yearly": 274.29
        },
        "20154": {
            "year_quarter": 20154,
            "year": 2015,
            "quarter": 4,
            "eps": 1.37,
            "eps_growth_year": -45.53,
            "eps_4q": 5.7,
            "eps_4q_growth_year": -7.63,
            "roe": 6.19,
            "roe_4q": 26.190000000000005,
            "gross_profit": 409428,
            "gross_margin": 9.29,
            "gross_margin_4q_avg": 9.2,
            "net_income": 221963,
            "net_income_4q": null,
            "revenue": 4406934,
            "revenue_4q": null,
            "common_shares": 1599749,
            "book_valuer_per_share": 22.9,
            "book_valuer_per_share_4q_avg": 21.93,
            "equity": 3706038,
            "current_ratio": 391.82,
            "debt_ratio": 23.69,
            "inventory_turnover_ratio": 2.6,
            "account_receivable_turnover_ratio": 4.9,
            "reinvestment_rate": -16.7,
            "research_to_sale_ratio": 0.03,
            "price_fair": 166.78,
            "eps_avg_yearly": 4.77,
            "eps_latest_yearly": 5.48,
            "eps_growth_yearly": 277.53
        },
        "20161": {
            "year_quarter": 20161,
            "year": 2016,
            "quarter": 1,
            "eps": 1.09,
            "eps_growth_year": -27.81,
            "eps_4q": 5.28,
            "eps_4q_growth_year": -10.23,
            "roe": 4.66,
            "roe_4q": 24.25,
            "gross_profit": 384769,
            "gross_margin": 9.8,
            "gross_margin_4q_avg": 9.31,
            "net_income": 176742,
            "net_income_4q": null,
            "revenue": 3927503,
            "revenue_4q": null,
            "common_shares": 1599749,
            "book_valuer_per_share": 23.99,
            "book_valuer_per_share_4q_avg": 22.02,
            "equity": 3882780,
            "current_ratio": 448.28,
            "debt_ratio": 20.94,
            "inventory_turnover_ratio": 1.94,
            "account_receivable_turnover_ratio": 4.46,
            "reinvestment_rate": -15.41,
            "research_to_sale_ratio": 0.03,
            "price_fair": 169.75,
            "eps_avg_yearly": 4.85,
            "eps_latest_yearly": 4.36,
            "eps_growth_yearly": 272.09
        },
        "20162": {
            "year_quarter": 20162,
            "year": 2016,
            "quarter": 2,
            "eps": 1.69,
            "eps_growth_year": 53.64,
            "eps_4q": 5.86,
            "eps_4q_growth_year": -3.36,
            "roe": 7.53,
            "roe_4q": 26.680000000000003,
            "gross_profit": 479625,
            "gross_margin": 11.3,
            "gross_margin_4q_avg": 9.97,
            "net_income": 272291,
            "net_income_4q": null,
            "revenue": 4244007,
            "revenue_4q": null,
            "common_shares": 1599749,
            "book_valuer_per_share": 20.68,
            "book_valuer_per_share_4q_avg": 22.26,
            "equity": 3349277,
            "current_ratio": 265.82,
            "debt_ratio": 34.53,
            "inventory_turnover_ratio": 2.15,
            "account_receivable_turnover_ratio": 4.82,
            "reinvestment_rate": -14.49,
            "research_to_sale_ratio": 0.03,
            "price_fair": 175.26,
            "eps_avg_yearly": 5.01,
            "eps_latest_yearly": 6.76,
            "eps_growth_yearly": 275.51
        },
        "20163": {
            "year_quarter": 20163,
            "year": 2016,
            "quarter": 3,
            "eps": 1.19,
            "eps_growth_year": -30.81,
            "eps_4q": 5.33,
            "eps_4q_growth_year": -22.11,
            "roe": 5.59,
            "roe_4q": 23.970000000000002,
            "gross_profit": 423931,
            "gross_margin": 9.31,
            "gross_margin_4q_avg": 9.93,
            "net_income": 192783,
            "net_income_4q": null,
            "revenue": 4554201,
            "revenue_4q": null,
            "common_shares": 1599749,
            "book_valuer_per_share": 21.87,
            "book_valuer_per_share_4q_avg": 22.36,
            "equity": 3542060,
            "current_ratio": 396.19,
            "debt_ratio": 23.46,
            "inventory_turnover_ratio": 2.1,
            "account_receivable_turnover_ratio": 5,
            "reinvestment_rate": -13.52,
            "research_to_sale_ratio": 0.05,
            "price_fair": 178.33,
            "eps_avg_yearly": 5.1,
            "eps_latest_yearly": 4.76,
            "eps_growth_yearly": 273.31
        },
        "20164": {
            "year_quarter": 20164,
            "year": 2016,
            "quarter": 4,
            "eps": 1.61,
            "eps_growth_year": 17.78,
            "eps_4q": 5.58,
            "eps_4q_growth_year": -2.2,
            "roe": 7.1,
            "roe_4q": 24.88,
            "gross_profit": 455606,
            "gross_margin": 9.78,
            "gross_margin_4q_avg": 10.05,
            "net_income": 260955,
            "net_income_4q": null,
            "revenue": 4658379,
            "revenue_4q": null,
            "common_shares": 1599749,
            "book_valuer_per_share": 23.5,
            "book_valuer_per_share_4q_avg": 22.51,
            "equity": 3806519,
            "current_ratio": 300.34,
            "debt_ratio": 30.91,
            "inventory_turnover_ratio": 1.91,
            "account_receivable_turnover_ratio": 4.8,
            "reinvestment_rate": -8.61,
            "research_to_sale_ratio": 0.05,
            "price_fair": 191.36,
            "eps_avg_yearly": 5.47,
            "eps_latest_yearly": 6.44,
            "eps_growth_yearly": 303.56
        },
        "20171": {
            "year_quarter": 20171,
            "year": 2017,
            "quarter": 1,
            "eps": 1.06,
            "eps_growth_year": -2.75,
            "eps_4q": 5.55,
            "eps_4q_growth_year": 5.21,
            "roe": 4.45,
            "roe_4q": 24.67,
            "gross_profit": 397805,
            "gross_margin": 9.06,
            "gross_margin_4q_avg": 9.86,
            "net_income": 173106,
            "net_income_4q": null,
            "revenue": 4388701,
            "revenue_4q": null,
            "common_shares": 1599749,
            "book_valuer_per_share": 24.56,
            "book_valuer_per_share_4q_avg": 22.65,
            "equity": 3979625,
            "current_ratio": 472.67,
            "debt_ratio": 19.92,
            "inventory_turnover_ratio": 1.93,
            "account_receivable_turnover_ratio": 4.63,
            "reinvestment_rate": -3.9,
            "research_to_sale_ratio": 0.04,
            "price_fair": 189.09,
            "eps_avg_yearly": 5.4,
            "eps_latest_yearly": 4.24,
            "eps_growth_yearly": 45.02
        },
        "20172": {
            "year_quarter": 20172,
            "year": 2017,
            "quarter": 2,
            "eps": 1.26,
            "eps_growth_year": -25.44,
            "eps_4q": 5.13,
            "eps_4q_growth_year": -12.55,
            "roe": 5.56,
            "roe_4q": 22.7,
            "gross_profit": 399718,
            "gross_margin": 9.84,
            "gross_margin_4q_avg": 9.5,
            "net_income": 204649,
            "net_income_4q": null,
            "revenue": 4060364,
            "revenue_4q": null,
            "common_shares": 1599749,
            "book_valuer_per_share": 20.83,
            "book_valuer_per_share_4q_avg": 22.69,
            "equity": 3376999,
            "current_ratio": 259.52,
            "debt_ratio": 35.33,
            "inventory_turnover_ratio": 1.83,
            "account_receivable_turnover_ratio": 4.59,
            "reinvestment_rate": -3.11,
            "research_to_sale_ratio": 0.05,
            "price_fair": 190.14,
            "eps_avg_yearly": 5.43,
            "eps_latest_yearly": 5.04,
            "eps_growth_yearly": 53.14
        },
        "20173": {
            "year_quarter": 20173,
            "year": 2017,
            "quarter": 3,
            "eps": 1.46,
            "eps_growth_year": 22.69,
            "eps_4q": 5.4,
            "eps_4q_growth_year": 1.26,
            "roe": 6.84,
            "roe_4q": 23.949999999999996,
            "gross_profit": 452284,
            "gross_margin": 10.64,
            "gross_margin_4q_avg": 9.83,
            "net_income": 239012,
            "net_income_4q": null,
            "revenue": 4251028,
            "revenue_4q": null,
            "common_shares": 1599749,
            "book_valuer_per_share": 22.29,
            "book_valuer_per_share_4q_avg": 22.8,
            "equity": 3616010,
            "current_ratio": 350.54,
            "debt_ratio": 26.24,
            "inventory_turnover_ratio": 1.91,
            "account_receivable_turnover_ratio": 4.66,
            "reinvestment_rate": -1.43,
            "research_to_sale_ratio": 0.05,
            "price_fair": 197.23,
            "eps_avg_yearly": 5.64,
            "eps_latest_yearly": 5.84,
            "eps_growth_yearly": 67.86
        },
        "20174": {
            "year_quarter": 20174,
            "year": 2017,
            "quarter": 4,
            "eps": 1.32,
            "eps_growth_year": -18.08,
            "eps_4q": 5.11,
            "eps_4q_growth_year": -8.39,
            "roe": 5.78,
            "roe_4q": 22.63,
            "gross_profit": 435409,
            "gross_margin": 10.41,
            "gross_margin_4q_avg": 9.99,
            "net_income": 215068,
            "net_income_4q": null,
            "revenue": 4184248,
            "revenue_4q": null,
            "common_shares": 1599749,
            "book_valuer_per_share": 23.57,
            "book_valuer_per_share_4q_avg": 22.81,
            "equity": 3825227,
            "current_ratio": 309.62,
            "debt_ratio": 29.85,
            "inventory_turnover_ratio": 1.86,
            "account_receivable_turnover_ratio": 4.42,
            "reinvestment_rate": -0.34,
            "research_to_sale_ratio": 0.05,
            "price_fair": 197.31,
            "eps_avg_yearly": 5.64,
            "eps_latest_yearly": 5.28,
            "eps_growth_yearly": 40.08
        },
        "20181": {
            "year_quarter": 20181,
            "year": 2018,
            "quarter": 1,
            "eps": 1.23,
            "eps_growth_year": 16.04,
            "eps_4q": 5.28,
            "eps_4q_growth_year": -4.91,
            "roe": 5.15,
            "roe_4q": 23.33,
            "gross_profit": 429340,
            "gross_margin": 10.43,
            "gross_margin_4q_avg": 10.33,
            "net_income": 202067,
            "net_income_4q": null,
            "revenue": 4117718,
            "revenue_4q": null,
            "common_shares": 1599749,
            "book_valuer_per_share": 24.81,
            "book_valuer_per_share_4q_avg": 22.88,
            "equity": 4027521,
            "current_ratio": 405.36,
            "debt_ratio": 23.01,
            "inventory_turnover_ratio": 2.12,
            "account_receivable_turnover_ratio": 4.45,
            "reinvestment_rate": 0.41,
            "research_to_sale_ratio": 0.05,
            "price_fair": 192.24,
            "eps_avg_yearly": 5.49,
            "eps_latest_yearly": 4.92,
            "eps_growth_yearly": 28.83
        },
        "20182": {
            "year_quarter": 20182,
            "year": 2018,
            "quarter": 2,
            "eps": 1.46,
            "eps_growth_year": 15.87,
            "eps_4q": 5.47,
            "eps_4q_growth_year": 6.77,
            "roe": 6.35,
            "roe_4q": 24.12,
            "gross_profit": 460066,
            "gross_margin": 10.79,
            "gross_margin_4q_avg": 10.57,
            "net_income": 237345,
            "net_income_4q": null,
            "revenue": 4264372,
            "revenue_4q": null,
            "common_shares": 1599749,
            "book_valuer_per_share": 21.26,
            "book_valuer_per_share_4q_avg": 22.98,
            "equity": 3453151,
            "current_ratio": 231.72,
            "debt_ratio": 39.38,
            "inventory_turnover_ratio": 2.56,
            "account_receivable_turnover_ratio": 4.58,
            "reinvestment_rate": 1.27,
            "research_to_sale_ratio": 0.05,
            "price_fair": 196.96,
            "eps_avg_yearly": 5.63,
            "eps_latest_yearly": 5.84,
            "eps_growth_yearly": 45.8
        },
        "20183": {
            "year_quarter": 20183,
            "year": 2018,
            "quarter": 3,
            "eps": 1.21,
            "eps_growth_year": -17.12,
            "eps_4q": 5.22,
            "eps_4q_growth_year": -3.32,
            "roe": 5.61,
            "roe_4q": 22.89,
            "gross_profit": 417345,
            "gross_margin": 10,
            "gross_margin_4q_avg": 10.41,
            "net_income": 199184,
            "net_income_4q": null,
            "revenue": 4173848,
            "revenue_4q": null,
            "common_shares": 1599749,
            "book_valuer_per_share": 22.48,
            "book_valuer_per_share_4q_avg": 23.03,
            "equity": 3652335,
            "current_ratio": 296.22,
            "debt_ratio": 30.84,
            "inventory_turnover_ratio": 2.17,
            "account_receivable_turnover_ratio": 4.46,
            "reinvestment_rate": 1.27,
            "research_to_sale_ratio": 0.05,
            "price_fair": 199.41,
            "eps_avg_yearly": 5.7,
            "eps_latest_yearly": 4.84,
            "eps_growth_yearly": 41.24
        },
        "20184": {
            "year_quarter": 20184,
            "year": 2018,
            "quarter": 4,
            "eps": 1.77,
            "eps_growth_year": 33.91,
            "eps_4q": 5.67,
            "eps_4q_growth_year": 10.97,
            "roe": 7.58,
            "roe_4q": 24.689999999999998,
            "gross_profit": 550277,
            "gross_margin": 12.53,
            "gross_margin_4q_avg": 10.94,
            "net_income": 287714,
            "net_income_4q": null,
            "revenue": 4392808,
            "revenue_4q": null,
            "common_shares": 1599749,
            "book_valuer_per_share": 24.26,
            "book_valuer_per_share_4q_avg": 23.2,
            "equity": 3942280,
            "current_ratio": 327.27,
            "debt_ratio": 27.94,
            "inventory_turnover_ratio": 2.21,
            "account_receivable_turnover_ratio": 4.57,
            "reinvestment_rate": 2.05,
            "research_to_sale_ratio": 0.04,
            "price_fair": 112.13,
            "eps_avg_yearly": 5.51,
            "eps_latest_yearly": 7.08,
            "eps_growth_yearly": 10.34
        },
        "20191": {
            "year_quarter": 20191,
            "year": 2019,
            "quarter": 1,
            "eps": 1.86,
            "eps_growth_year": 51.22,
            "eps_4q": 6.29,
            "eps_4q_growth_year": 19.24,
            "roe": 7.41,
            "roe_4q": 26.950000000000003,
            "gross_profit": 567605,
            "gross_margin": 13.65,
            "gross_margin_4q_avg": 11.74,
            "net_income": 303519,
            "net_income_4q": null,
            "revenue": 4159273,
            "revenue_4q": null,
            "common_shares": 1599749,
            "book_valuer_per_share": 26.12,
            "book_valuer_per_share_4q_avg": 23.53,
            "equity": 4245799,
            "current_ratio": 406.79,
            "debt_ratio": 25.16,
            "inventory_turnover_ratio": 2.63,
            "account_receivable_turnover_ratio": 4.33,
            "reinvestment_rate": 2.25,
            "research_to_sale_ratio": 0.04,
            "price_fair": 176.81,
            "eps_avg_yearly": 5.6,
            "eps_latest_yearly": 7.44,
            "eps_growth_yearly": 21.57
        },
        "20192": {
            "year_quarter": 20192,
            "year": 2019,
            "quarter": 2,
            "eps": 1.32,
            "eps_growth_year": -9.59,
            "eps_4q": 6.16,
            "eps_4q_growth_year": 12.6,
            "roe": 5.51,
            "roe_4q": 26.11,
            "gross_profit": 444569,
            "gross_margin": 10.92,
            "gross_margin_4q_avg": 11.78,
            "net_income": 217471,
            "net_income_4q": null,
            "revenue": 4071619,
            "revenue_4q": null,
            "common_shares": 1599749,
            "book_valuer_per_share": 22.44,
            "book_valuer_per_share_4q_avg": 23.83,
            "equity": 3648595,
            "current_ratio": 252.12,
            "debt_ratio": 37.79,
            "inventory_turnover_ratio": 2.47,
            "account_receivable_turnover_ratio": 4.42,
            "reinvestment_rate": 2.33,
            "research_to_sale_ratio": 0.04,
            "price_fair": 175.89,
            "eps_avg_yearly": 5.66,
            "eps_latest_yearly": 5.28,
            "eps_growth_yearly": 21.1
        },
        "20193": {
            "year_quarter": 20193,
            "year": 2019,
            "quarter": 3,
            "eps": 1.45,
            "eps_growth_year": 19.83,
            "eps_4q": 6.4,
            "eps_4q_growth_year": 22.61,
            "roe": 6.33,
            "roe_4q": 26.83,
            "gross_profit": 488157,
            "gross_margin": 11.15,
            "gross_margin_4q_avg": 12.06,
            "net_income": 238639,
            "net_income_4q": null,
            "revenue": 4378437,
            "revenue_4q": null,
            "common_shares": 1599749,
            "book_valuer_per_share": 23.89,
            "book_valuer_per_share_4q_avg": 24.18,
            "equity": 3887234,
            "current_ratio": 331.05,
            "debt_ratio": 29.58,
            "inventory_turnover_ratio": 2.25,
            "account_receivable_turnover_ratio": 4.49,
            "reinvestment_rate": 2.28,
            "research_to_sale_ratio": 0.04,
            "price_fair": 108.81,
            "eps_avg_yearly": 5.59,
            "eps_latest_yearly": 5.8,
            "eps_growth_yearly": 9.47
        },
        "20194": {
            "year_quarter": 20194,
            "year": 2019,
            "quarter": 4,
            "eps": 1.46,
            "eps_growth_year": -17.48,
            "eps_4q": 6.09,
            "eps_4q_growth_year": 7.46,
            "roe": 5.97,
            "roe_4q": 25.220000000000002,
            "gross_profit": 518585,
            "gross_margin": 11.42,
            "gross_margin_4q_avg": 11.79,
            "net_income": 239475,
            "net_income_4q": null,
            "revenue": 4540779,
            "revenue_4q": null,
            "common_shares": 1599749,
            "book_valuer_per_share": 25.38,
            "book_valuer_per_share_4q_avg": 24.46,
            "equity": 4131485,
            "current_ratio": 337.41,
            "debt_ratio": 28.86,
            "inventory_turnover_ratio": 2.5,
            "account_receivable_turnover_ratio": 4.55,
            "reinvestment_rate": 2.58,
            "research_to_sale_ratio": 0.04,
            "price_fair": 138.76,
            "eps_avg_yearly": 5.61,
            "eps_latest_yearly": 5.84,
            "eps_growth_yearly": 14.73
        },
        "20201": {
            "year_quarter": 20201,
            "year": 2020,
            "quarter": 1,
            "eps": 1.66,
            "eps_growth_year": -10.75,
            "eps_4q": 5.9,
            "eps_4q_growth_year": -6.28,
            "roe": 6.4,
            "roe_4q": 24.21,
            "gross_profit": 523350,
            "gross_margin": 12.85,
            "gross_margin_4q_avg": 11.59,
            "net_income": 273011,
            "net_income_4q": null,
            "revenue": 4073683,
            "revenue_4q": null,
            "common_shares": 1599749,
            "book_valuer_per_share": 27.05,
            "book_valuer_per_share_4q_avg": 24.69,
            "equity": 4404496,
            "current_ratio": 309.74,
            "debt_ratio": 31.22,
            "inventory_turnover_ratio": 2.01,
            "account_receivable_turnover_ratio": 4.38,
            "reinvestment_rate": 4.06,
            "research_to_sale_ratio": 0.05,
            "price_fair": 191.37,
            "eps_avg_yearly": 5.75,
            "eps_latest_yearly": 6.64,
            "eps_growth_yearly": 23.27
        },
        "20202": {
            "year_quarter": 20202,
            "year": 2020,
            "quarter": 2,
            "eps": 1.58,
            "eps_growth_year": 19.7,
            "eps_4q": 6.15,
            "eps_4q_growth_year": -0.11,
            "roe": 6.3,
            "roe_4q": 25,
            "gross_profit": 513161,
            "gross_margin": 12.99,
            "gross_margin_4q_avg": 12.1,
            "net_income": 259926,
            "net_income_4q": null,
            "revenue": 3951557,
            "revenue_4q": null,
            "common_shares": 1599749,
            "book_valuer_per_share": 23.62,
            "book_valuer_per_share_4q_avg": 24.99,
            "equity": 3849747,
            "current_ratio": 223.31,
            "debt_ratio": 41.69,
            "inventory_turnover_ratio": 1.68,
            "account_receivable_turnover_ratio": 4.41,
            "reinvestment_rate": 5.37,
            "research_to_sale_ratio": 0.05,
            "price_fair": 104.78,
            "eps_avg_yearly": 5.73,
            "eps_latest_yearly": 6.32,
            "eps_growth_yearly": 8.3
        },
        "20203": {
            "year_quarter": 20203,
            "year": 2020,
            "quarter": 3,
            "eps": 2.17,
            "eps_growth_year": 49.66,
            "eps_4q": 6.87,
            "eps_4q_growth_year": 7.33,
            "roe": 8.84,
            "roe_4q": 27.509999999999998,
            "gross_profit": 652606,
            "gross_margin": 14.63,
            "gross_margin_4q_avg": 12.97,
            "net_income": 355897,
            "net_income_4q": null,
            "revenue": 4460521,
            "revenue_4q": null,
            "common_shares": 1599749,
            "book_valuer_per_share": 25.79,
            "book_valuer_per_share_4q_avg": 25.46,
            "equity": 4205644,
            "current_ratio": 372.05,
            "debt_ratio": 26.3,
            "inventory_turnover_ratio": 1.99,
            "account_receivable_turnover_ratio": 4.85,
            "reinvestment_rate": 6.28,
            "research_to_sale_ratio": 0.05,
            "price_fair": 208.95,
            "eps_avg_yearly": 5.97,
            "eps_latest_yearly": 8.68,
            "eps_growth_yearly": 25.03
        },
        "20204": {
            "year_quarter": 20204,
            "year": 2020,
            "quarter": 4,
            "eps": 2.66,
            "eps_growth_year": 82.52,
            "eps_4q": 8.08,
            "eps_4q_growth_year": 32.55,
            "roe": 9.81,
            "roe_4q": 31.35,
            "gross_profit": 758863,
            "gross_margin": 15.31,
            "gross_margin_4q_avg": 13.95,
            "net_income": 433789,
            "net_income_4q": null,
            "revenue": 4955218,
            "revenue_4q": null,
            "common_shares": 1599749,
            "book_valuer_per_share": 28.47,
            "book_valuer_per_share_4q_avg": 26.23,
            "equity": 4641004,
            "current_ratio": 359.62,
            "debt_ratio": 26.9,
            "inventory_turnover_ratio": 3.12,
            "account_receivable_turnover_ratio": 5.02,
            "reinvestment_rate": 6.69,
            "research_to_sale_ratio": 0.05,
            "price_fair": 198.54,
            "eps_avg_yearly": 6.23,
            "eps_latest_yearly": 10.64,
            "eps_growth_yearly": 21.86
        },
        "20211": {
            "year_quarter": 20211,
            "year": 2021,
            "quarter": 1,
            "eps": 3.05,
            "eps_growth_year": 83.73,
            "eps_4q": 9.47,
            "eps_4q_growth_year": 60.46,
            "roe": 10.18,
            "roe_4q": 35.13,
            "gross_profit": 795116,
            "gross_margin": 16.42,
            "gross_margin_4q_avg": 14.84,
            "net_income": 497546,
            "net_income_4q": null,
            "revenue": 4842731,
            "revenue_4q": null,
            "common_shares": 1599749,
            "book_valuer_per_share": 31.52,
            "book_valuer_per_share_4q_avg": 27.35,
            "equity": 5138578,
            "current_ratio": 395.88,
            "debt_ratio": 24.5,
            "inventory_turnover_ratio": 2.42,
            "account_receivable_turnover_ratio": 4.66,
            "reinvestment_rate": 7.63,
            "research_to_sale_ratio": 0.06,
            "price_fair": 235.55,
            "eps_avg_yearly": 6.73,
            "eps_latest_yearly": 12.2,
            "eps_growth_yearly": 34.06
        },
        "20212": {
            "year_quarter": 20212,
            "year": 2021,
            "quarter": 2,
            "eps": 1.68,
            "eps_growth_year": 6.33,
            "eps_4q": 9.56,
            "eps_4q_growth_year": 55.39,
            "roe": 5.75,
            "roe_4q": 34.58,
            "gross_profit": 557196,
            "gross_margin": 11.33,
            "gross_margin_4q_avg": 14.42,
            "net_income": 275311,
            "net_income_4q": null,
            "revenue": 4917741,
            "revenue_4q": null,
            "common_shares": 1599749,
            "book_valuer_per_share": 27.2,
            "book_valuer_per_share_4q_avg": 28.25,
            "equity": 4433706,
            "current_ratio": 241.9,
            "debt_ratio": 37.79,
            "inventory_turnover_ratio": 1.51,
            "account_receivable_turnover_ratio": 5.24,
            "reinvestment_rate": 7.7,
            "research_to_sale_ratio": 0.05,
            "price_fair": 192.16,
            "eps_avg_yearly": 6.84,
            "eps_latest_yearly": 6.72,
            "eps_growth_yearly": 18.11
        },
        "20213": {
            "year_quarter": 20213,
            "year": 2021,
            "quarter": 3,
            "eps": 0.85,
            "eps_growth_year": -60.83,
            "eps_4q": 8.24,
            "eps_4q_growth_year": 19.97,
            "roe": 3.16,
            "roe_4q": 28.9,
            "gross_profit": 334410,
            "gross_margin": 6.91,
            "gross_margin_4q_avg": 12.49,
            "net_income": 142141,
            "net_income_4q": null,
            "revenue": 4841813,
            "revenue_4q": null,
            "common_shares": 1599749,
            "book_valuer_per_share": 28.05,
            "book_valuer_per_share_4q_avg": 28.81,
            "equity": 4576419,
            "current_ratio": 336.04,
            "debt_ratio": 27.95,
            "inventory_turnover_ratio": 1.43,
            "account_receivable_turnover_ratio": 5.32,
            "reinvestment_rate": 6.75,
            "research_to_sale_ratio": 0.03,
            "price_fair": 78.82,
            "eps_avg_yearly": 6.68,
            "eps_latest_yearly": 3.4,
            "eps_growth_yearly": 1.8
        },
        "20214": {
            "year_quarter": 20214,
            "year": 2021,
            "quarter": 4,
            "eps": 2.18,
            "eps_growth_year": -18.03,
            "eps_4q": 7.76,
            "eps_4q_growth_year": -3.88,
            "roe": 7.53,
            "roe_4q": 26.62,
            "gross_profit": 671450,
            "gross_margin": 11.43,
            "gross_margin_4q_avg": 11.52,
            "net_income": 358924,
            "net_income_4q": null,
            "revenue": 5875705,
            "revenue_4q": null,
            "common_shares": 1599749,
            "book_valuer_per_share": 30.37,
            "book_valuer_per_share_4q_avg": 29.29,
            "equity": 4957653,
            "current_ratio": 317.54,
            "debt_ratio": 29.21,
            "inventory_turnover_ratio": 1.96,
            "account_receivable_turnover_ratio": 5.74,
            "reinvestment_rate": 6.06,
            "research_to_sale_ratio": 0.04,
            "price_fair": 241.41,
            "eps_avg_yearly": 6.9,
            "eps_latest_yearly": 8.72,
            "eps_growth_yearly": 43.31
        },
        "20221": {
            "year_quarter": 20221,
            "year": 2022,
            "quarter": 1,
            "eps": 2.98,
            "eps_growth_year": -2.3,
            "eps_4q": 7.69,
            "eps_4q_growth_year": -18.74,
            "roe": 9.36,
            "roe_4q": 25.8,
            "gross_profit": 836343,
            "gross_margin": 14.68,
            "gross_margin_4q_avg": 11.09,
            "net_income": 487061,
            "net_income_4q": null,
            "revenue": 5698170,
            "revenue_4q": null,
            "common_shares": 1599749,
            "book_valuer_per_share": 33.37,
            "book_valuer_per_share_4q_avg": 29.75,
            "equity": 5446824,
            "current_ratio": 379.31,
            "debt_ratio": 24.96,
            "inventory_turnover_ratio": 1.83,
            "account_receivable_turnover_ratio": 5.04,
            "reinvestment_rate": 5.35,
            "research_to_sale_ratio": 0.05,
            "price_fair": 256.73,
            "eps_avg_yearly": 7.34,
            "eps_latest_yearly": 11.92,
            "eps_growth_yearly": 54.19
        },
        "20222": {
            "year_quarter": 20222,
            "year": 2022,
            "quarter": 2,
            "eps": 2.36,
            "eps_growth_year": 40.48,
            "eps_4q": 8.37,
            "eps_4q_growth_year": -12.49,
            "roe": 7.49,
            "roe_4q": 27.540000000000003,
            "gross_profit": 679364,
            "gross_margin": 11.45,
            "gross_margin_4q_avg": 11.12,
            "net_income": 385658,
            "net_income_4q": null,
            "revenue": 5934955,
            "revenue_4q": null,
            "common_shares": 1599749,
            "book_valuer_per_share": 29.73,
            "book_valuer_per_share_4q_avg": 30.38,
            "equity": 4852668,
            "current_ratio": 271.51,
            "debt_ratio": 33.68,
            "inventory_turnover_ratio": 1.68,
            "account_receivable_turnover_ratio": 5.2,
            "reinvestment_rate": 4.89,
            "research_to_sale_ratio": 0.05,
            "price_fair": 264.6,
            "eps_avg_yearly": 7.56,
            "eps_latest_yearly": 9.44,
            "eps_growth_yearly": 44.31
        },
        "20223": {
            "year_quarter": 20223,
            "year": 2022,
            "quarter": 3,
            "eps": 0.78,
            "eps_growth_year": -8.24,
            "eps_4q": 8.3,
            "eps_4q_growth_year": 0.71,
            "roe": 2.78,
            "roe_4q": 27.16,
            "gross_profit": 282235,
            "gross_margin": 4.66,
            "gross_margin_4q_avg": 10.56,
            "net_income": 136754,
            "net_income_4q": null,
            "revenue": 6054826,
            "revenue_4q": null,
            "common_shares": 1599749,
            "book_valuer_per_share": 30.49,
            "book_valuer_per_share_4q_avg": 30.99,
            "equity": 4986846,
            "current_ratio": 383.4,
            "debt_ratio": 25.95,
            "inventory_turnover_ratio": 1.81,
            "account_receivable_turnover_ratio": 5.3,
            "reinvestment_rate": 4.97,
            "research_to_sale_ratio": 0.03,
            "price_fair": 260.84,
            "eps_avg_yearly": 7.45,
            "eps_latest_yearly": 3.12,
            "eps_growth_yearly": 31.86
        },
        "20224": {
            "year_quarter": 20224,
            "year": 2022,
            "quarter": 4,
            "eps": 1.55,
            "eps_growth_year": -29.11,
            "eps_4q": 7.66,
            "eps_4q_growth_year": -1.25,
            "roe": 5.04,
            "roe_4q": 24.67,
            "gross_profit": 605823,
            "gross_margin": 8.67,
            "gross_margin_4q_avg": 9.87,
            "net_income": 258326,
            "net_income_4q": null,
            "revenue": 6989009,
            "revenue_4q": null,
            "common_shares": 1599749,
            "book_valuer_per_share": 32.2,
            "book_valuer_per_share_4q_avg": 31.45,
            "equity": 5271072,
            "current_ratio": 335.93,
            "debt_ratio": 28.71,
            "inventory_turnover_ratio": 1.97,
            "account_receivable_turnover_ratio": 5.38,
            "reinvestment_rate": 4.11,
            "research_to_sale_ratio": 0.03,
            "price_fair": 258.91,
            "eps_avg_yearly": 7.4,
            "eps_latest_yearly": 6.2,
            "eps_growth_yearly": 44.97
        },
        "20231": {
            "year_quarter": 20231,
            "year": 2023,
            "quarter": 1,
            "eps": 2.17,
            "eps_growth_year": -27.18,
            "eps_4q": 6.85,
            "eps_4q_growth_year": -10.97,
            "roe": 6.57,
            "roe_4q": 21.88,
            "gross_profit": 687542,
            "gross_margin": 11.08,
            "gross_margin_4q_avg": 8.97,
            "net_income": 358259,
            "net_income_4q": null,
            "revenue": 6207916,
            "revenue_4q": null,
            "common_shares": 1599749,
            "book_valuer_per_share": 34.38,
            "book_valuer_per_share_4q_avg": 31.7,
            "equity": 5631395,
            "current_ratio": 385.32,
            "debt_ratio": 25.64,
            "inventory_turnover_ratio": 1.69,
            "account_receivable_turnover_ratio": 4.95,
            "reinvestment_rate": 4.39,
            "research_to_sale_ratio": 0.04,
            "price_fair": 261.63,
            "eps_avg_yearly": 7.48,
            "eps_latest_yearly": 8.68,
            "eps_growth_yearly": 53.69
        },
        "20232": {
            "year_quarter": 20232,
            "year": 2023,
            "quarter": 2,
            "eps": 1.62,
            "eps_growth_year": -31.36,
            "eps_4q": 6.11,
            "eps_4q_growth_year": -27.03,
            "roe": 5.14,
            "roe_4q": 19.53,
            "gross_profit": 569052,
            "gross_margin": 10.05,
            "gross_margin_4q_avg": 8.62,
            "net_income": 271154,
            "net_income_4q": null,
            "revenue": 5661485,
            "revenue_4q": null,
            "common_shares": 1599749,
            "book_valuer_per_share": 29.99,
            "book_valuer_per_share_4q_avg": 31.77,
            "equity": 4928294,
            "current_ratio": 263.65,
            "debt_ratio": 35.48,
            "inventory_turnover_ratio": 1.65,
            "account_receivable_turnover_ratio": 4.96,
            "reinvestment_rate": 4.21,
            "research_to_sale_ratio": 0.04,
            "price_fair": 264.25,
            "eps_avg_yearly": 7.55,
            "eps_latest_yearly": 6.48,
            "eps_growth_yearly": 54.62
        },
        "20233": {
            "year_quarter": 20233,
            "year": 2023,
            "quarter": 3,
            "eps": 1.69,
            "eps_growth_year": 116.67,
            "eps_4q": 7.02,
            "eps_4q_growth_year": -15.46,
            "roe": 5.58,
            "roe_4q": 22.33,
            "gross_profit": 582184,
            "gross_margin": 9.97,
            "gross_margin_4q_avg": 9.94,
            "net_income": 282956,
            "net_income_4q": null,
            "revenue": 5838356,
            "revenue_4q": null,
            "common_shares": 1599749,
            "book_valuer_per_share": 31.65,
            "book_valuer_per_share_4q_avg": 32.06,
            "equity": 5206517,
            "current_ratio": 356.02,
            "debt_ratio": 33.74,
            "inventory_turnover_ratio": 1.72,
            "account_receivable_turnover_ratio": 4.83,
            "reinvestment_rate": 4.16,
            "research_to_sale_ratio": 0.04,
            "price_fair": 266.35,
            "eps_avg_yearly": 7.61,
            "eps_latest_yearly": 6.76,
            "eps_growth_yearly": 53.23
        }
    },
    "months": {
        "2001-06": {
            "month": "2001-06",
            "price": "13.42",
            "revenue": 482259
        },
        "2001-07": {
            "month": "2001-07",
            "price": "12.57",
            "revenue": 539533
        },
        "2001-08": {
            "month": "2001-08",
            "price": "13.22",
            "revenue": 556304
        },
        "2001-09": {
            "month": "2001-09",
            "price": "13.68",
            "revenue": 486498
        },
        "2001-10": {
            "month": "2001-10",
            "price": "13.56",
            "revenue": 552799
        },
        "2001-11": {
            "month": "2001-11",
            "price": "13.64",
            "revenue": 551743
        },
        "2001-12": {
            "month": "2001-12",
            "price": "13.95",
            "revenue": 539966
        },
        "2002-01": {
            "month": "2002-01",
            "price": "15.57",
            "revenue": 566026
        },
        "2002-02": {
            "month": "2002-02",
            "price": "16.66",
            "revenue": 435472
        },
        "2002-03": {
            "month": "2002-03",
            "price": "16.89",
            "revenue": 519898
        },
        "2002-04": {
            "month": "2002-04",
            "price": "18.05",
            "revenue": 494037
        },
        "2002-05": {
            "month": "2002-05",
            "price": "17.79",
            "revenue": 593981
        },
        "2002-06": {
            "month": "2002-06",
            "price": "20.26",
            "revenue": 576993
        },
        "2002-07": {
            "month": "2002-07",
            "price": "20.87",
            "revenue": 620330
        },
        "2002-08": {
            "month": "2002-08",
            "price": "18.59",
            "revenue": 622318
        },
        "2002-09": {
            "month": "2002-09",
            "price": "17.52",
            "revenue": 583421
        },
        "2002-10": {
            "month": "2002-10",
            "price": "17.22",
            "revenue": 637156
        },
        "2002-11": {
            "month": "2002-11",
            "price": "19.61",
            "revenue": 679391
        },
        "2002-12": {
            "month": "2002-12",
            "price": "19.67",
            "revenue": 621638
        },
        "2003-01": {
            "month": "2003-01",
            "price": "20.70",
            "revenue": 675630
        },
        "2003-02": {
            "month": "2003-02",
            "price": "20.13",
            "revenue": 501351
        },
        "2003-03": {
            "month": "2003-03",
            "price": "19.89",
            "revenue": 672453
        },
        "2003-04": {
            "month": "2003-04",
            "price": "20.04",
            "revenue": 643592
        },
        "2003-05": {
            "month": "2003-05",
            "price": "19.47",
            "revenue": 623580
        },
        "2003-06": {
            "month": "2003-06",
            "price": "20.58",
            "revenue": 700720
        },
        "2003-07": {
            "month": "2003-07",
            "price": "20.12",
            "revenue": 722109
        },
        "2003-08": {
            "month": "2003-08",
            "price": "19.22",
            "revenue": 777299
        },
        "2003-09": {
            "month": "2003-09",
            "price": "19.29",
            "revenue": 760513
        },
        "2003-10": {
            "month": "2003-10",
            "price": "19.37",
            "revenue": 845128
        },
        "2003-11": {
            "month": "2003-11",
            "price": "19.65",
            "revenue": 780868
        },
        "2003-12": {
            "month": "2003-12",
            "price": "19.47",
            "revenue": 840664
        },
        "2004-01": {
            "month": "2004-01",
            "price": "19.76",
            "revenue": 760305
        },
        "2004-02": {
            "month": "2004-02",
            "price": "22.13",
            "revenue": 724705
        },
        "2004-03": {
            "month": "2004-03",
            "price": "22.30",
            "revenue": 914856
        },
        "2004-04": {
            "month": "2004-04",
            "price": "21.50",
            "revenue": 871377
        },
        "2004-05": {
            "month": "2004-05",
            "price": "20.09",
            "revenue": 751401
        },
        "2004-06": {
            "month": "2004-06",
            "price": "20.01",
            "revenue": 887619
        },
        "2004-07": {
            "month": "2004-07",
            "price": "18.85",
            "revenue": 754745
        },
        "2004-08": {
            "month": "2004-08",
            "price": "18.38",
            "revenue": 770310
        },
        "2004-09": {
            "month": "2004-09",
            "price": "18.20",
            "revenue": 826578
        },
        "2004-10": {
            "month": "2004-10",
            "price": "18.10",
            "revenue": 807140
        },
        "2004-11": {
            "month": "2004-11",
            "price": "17.31",
            "revenue": 818169
        },
        "2004-12": {
            "month": "2004-12",
            "price": "17.31",
            "revenue": 846779
        },
        "2005-01": {
            "month": "2005-01",
            "price": "17.19",
            "revenue": 771650
        },
        "2005-02": {
            "month": "2005-02",
            "price": "17.03",
            "revenue": 490159
        },
        "2005-03": {
            "month": "2005-03",
            "price": "17.14",
            "revenue": 779085
        },
        "2005-04": {
            "month": "2005-04",
            "price": "16.94",
            "revenue": 685499
        },
        "2005-05": {
            "month": "2005-05",
            "price": "17.10",
            "revenue": 662332
        },
        "2005-06": {
            "month": "2005-06",
            "price": "17.35",
            "revenue": 673986
        },
        "2005-07": {
            "month": "2005-07",
            "price": "16.71",
            "revenue": 701683
        },
        "2005-08": {
            "month": "2005-08",
            "price": "16.12",
            "revenue": 864286
        },
        "2005-09": {
            "month": "2005-09",
            "price": "16.40",
            "revenue": 966962
        },
        "2005-10": {
            "month": "2005-10",
            "price": "16.04",
            "revenue": 814339
        },
        "2005-11": {
            "month": "2005-11",
            "price": "15.99",
            "revenue": 737197
        },
        "2005-12": {
            "month": "2005-12",
            "price": "16.31",
            "revenue": 718885
        },
        "2006-01": {
            "month": "2006-01",
            "price": "16.82",
            "revenue": 694728
        },
        "2006-02": {
            "month": "2006-02",
            "price": "16.78",
            "revenue": 650792
        },
        "2006-03": {
            "month": "2006-03",
            "price": "16.82",
            "revenue": 745728
        },
        "2006-04": {
            "month": "2006-04",
            "price": "17.88",
            "revenue": 660420
        },
        "2006-05": {
            "month": "2006-05",
            "price": "18.61",
            "revenue": 713625
        },
        "2006-06": {
            "month": "2006-06",
            "price": "18.06",
            "revenue": 724037
        },
        "2006-07": {
            "month": "2006-07",
            "price": "16.98",
            "revenue": 787449
        },
        "2006-08": {
            "month": "2006-08",
            "price": "17.15",
            "revenue": 896731
        },
        "2006-09": {
            "month": "2006-09",
            "price": "17.31",
            "revenue": 889166
        },
        "2006-10": {
            "month": "2006-10",
            "price": "18.01",
            "revenue": 872475
        },
        "2006-11": {
            "month": "2006-11",
            "price": "19.32",
            "revenue": 934421
        },
        "2006-12": {
            "month": "2006-12",
            "price": "19.89",
            "revenue": 897805
        },
        "2007-01": {
            "month": "2007-01",
            "price": "22.13",
            "revenue": 957905
        },
        "2007-02": {
            "month": "2007-02",
            "price": "23.98",
            "revenue": 715047
        },
        "2007-03": {
            "month": "2007-03",
            "price": "22.70",
            "revenue": 1002158
        },
        "2007-04": {
            "month": "2007-04",
            "price": "25.14",
            "revenue": 988321
        },
        "2007-05": {
            "month": "2007-05",
            "price": "25.47",
            "revenue": 982028
        },
        "2007-06": {
            "month": "2007-06",
            "price": "26.50",
            "revenue": 975613
        },
        "2007-07": {
            "month": "2007-07",
            "price": "29.44",
            "revenue": 1023934
        },
        "2007-08": {
            "month": "2007-08",
            "price": "27.02",
            "revenue": 1073685
        },
        "2007-09": {
            "month": "2007-09",
            "price": "28.09",
            "revenue": 1067382
        },
        "2007-10": {
            "month": "2007-10",
            "price": "29.91",
            "revenue": 1178649
        },
        "2007-11": {
            "month": "2007-11",
            "price": "28.29",
            "revenue": 1260474
        },
        "2007-12": {
            "month": "2007-12",
            "price": "28.51",
            "revenue": 1433208
        },
        "2008-01": {
            "month": "2008-01",
            "price": "29.67",
            "revenue": 1537245
        },
        "2008-02": {
            "month": "2008-02",
            "price": "31.12",
            "revenue": 1159870
        },
        "2008-03": {
            "month": "2008-03",
            "price": "36.21",
            "revenue": 1368346
        },
        "2008-04": {
            "month": "2008-04",
            "price": "39.25",
            "revenue": 1420004
        },
        "2008-05": {
            "month": "2008-05",
            "price": "43.12",
            "revenue": 1309922
        },
        "2008-06": {
            "month": "2008-06",
            "price": "42.28",
            "revenue": 1595601
        },
        "2008-07": {
            "month": "2008-07",
            "price": "37.11",
            "revenue": 1573897
        },
        "2008-08": {
            "month": "2008-08",
            "price": "33.30",
            "revenue": 1373687
        },
        "2008-09": {
            "month": "2008-09",
            "price": "27.26",
            "revenue": 1364259
        },
        "2008-10": {
            "month": "2008-10",
            "price": "22.50",
            "revenue": 1203802
        },
        "2008-11": {
            "month": "2008-11",
            "price": "24.53",
            "revenue": 1148982
        },
        "2008-12": {
            "month": "2008-12",
            "price": "24.89",
            "revenue": 986307
        },
        "2009-01": {
            "month": "2009-01",
            "price": "24.72",
            "revenue": 845004
        },
        "2009-02": {
            "month": "2009-02",
            "price": "24.96",
            "revenue": 975197
        },
        "2009-03": {
            "month": "2009-03",
            "price": "26.20",
            "revenue": 1130227
        },
        "2009-04": {
            "month": "2009-04",
            "price": "30.15",
            "revenue": 1207168
        },
        "2009-05": {
            "month": "2009-05",
            "price": "33.30",
            "revenue": 1314989
        },
        "2009-06": {
            "month": "2009-06",
            "price": "35.78",
            "revenue": 1426532
        },
        "2009-07": {
            "month": "2009-07",
            "price": "35.53",
            "revenue": 1334649
        },
        "2009-08": {
            "month": "2009-08",
            "price": "34.81",
            "revenue": 1239291
        },
        "2009-09": {
            "month": "2009-09",
            "price": "37.11",
            "revenue": 1278790
        },
        "2009-10": {
            "month": "2009-10",
            "price": "38.47",
            "revenue": 1274549
        },
        "2009-11": {
            "month": "2009-11",
            "price": "37.73",
            "revenue": 1303765
        },
        "2009-12": {
            "month": "2009-12",
            "price": "37.72",
            "revenue": 1341951
        },
        "2010-01": {
            "month": "2010-01",
            "price": "37.99",
            "revenue": 1336666
        },
        "2010-02": {
            "month": "2010-02",
            "price": "36.49",
            "revenue": 1010862
        },
        "2010-03": {
            "month": "2010-03",
            "price": "38.93",
            "revenue": 1235711
        },
        "2010-04": {
            "month": "2010-04",
            "price": "40.75",
            "revenue": 1314873
        },
        "2010-05": {
            "month": "2010-05",
            "price": "40.34",
            "revenue": 1145363
        },
        "2010-06": {
            "month": "2010-06",
            "price": "40.82",
            "revenue": 1173551
        },
        "2010-07": {
            "month": "2010-07",
            "price": "38.86",
            "revenue": 1282322
        },
        "2010-08": {
            "month": "2010-08",
            "price": "40.07",
            "revenue": 1365156
        },
        "2010-09": {
            "month": "2010-09",
            "price": "40.39",
            "revenue": 1356053
        },
        "2010-10": {
            "month": "2010-10",
            "price": "42.60",
            "revenue": 1425314
        },
        "2010-11": {
            "month": "2010-11",
            "price": "50.14",
            "revenue": 1461876
        },
        "2010-12": {
            "month": "2010-12",
            "price": "50.90",
            "revenue": 1521279
        },
        "2011-01": {
            "month": "2011-01",
            "price": "50.81",
            "revenue": 1490420
        },
        "2011-02": {
            "month": "2011-02",
            "price": "52.31",
            "revenue": 1068252
        },
        "2011-03": {
            "month": "2011-03",
            "price": "51.01",
            "revenue": 1527905
        },
        "2011-04": {
            "month": "2011-04",
            "price": "52.73",
            "revenue": 1388025
        },
        "2011-05": {
            "month": "2011-05",
            "price": "53.15",
            "revenue": 1388283
        },
        "2011-06": {
            "month": "2011-06",
            "price": "53.05",
            "revenue": 1332696
        },
        "2011-07": {
            "month": "2011-07",
            "price": "51.99",
            "revenue": 1374208
        },
        "2011-08": {
            "month": "2011-08",
            "price": "51.27",
            "revenue": 1523877
        },
        "2011-09": {
            "month": "2011-09",
            "price": "48.95",
            "revenue": 1433842
        },
        "2011-10": {
            "month": "2011-10",
            "price": "48.06",
            "revenue": 1289157
        },
        "2011-11": {
            "month": "2011-11",
            "price": "48.50",
            "revenue": 1425364
        },
        "2011-12": {
            "month": "2011-12",
            "price": "47.49",
            "revenue": 1389819
        },
        "2012-01": {
            "month": "2012-01",
            "price": "47.28",
            "revenue": 1187742
        },
        "2012-02": {
            "month": "2012-02",
            "price": "48.75",
            "revenue": 1332607
        },
        "2012-03": {
            "month": "2012-03",
            "price": "50.71",
            "revenue": 1397046
        },
        "2012-04": {
            "month": "2012-04",
            "price": "50.11",
            "revenue": 1391499
        },
        "2012-05": {
            "month": "2012-05",
            "price": "50.08",
            "revenue": 1314375
        },
        "2012-06": {
            "month": "2012-06",
            "price": "50.54",
            "revenue": 1347892
        },
        "2012-07": {
            "month": "2012-07",
            "price": "49.94",
            "revenue": 1714501
        },
        "2012-08": {
            "month": "2012-08",
            "price": "50.86",
            "revenue": 1715176
        },
        "2012-09": {
            "month": "2012-09",
            "price": "52.07",
            "revenue": 1561232
        },
        "2012-10": {
            "month": "2012-10",
            "price": "51.62",
            "revenue": 1572600
        },
        "2012-11": {
            "month": "2012-11",
            "price": "50.77",
            "revenue": 1567154
        },
        "2012-12": {
            "month": "2012-12",
            "price": "51.24",
            "revenue": 1428676
        },
        "2013-01": {
            "month": "2013-01",
            "price": "51.89",
            "revenue": 1881684
        },
        "2013-02": {
            "month": "2013-02",
            "price": "52.90",
            "revenue": 1389500
        },
        "2013-03": {
            "month": "2013-03",
            "price": "52.92",
            "revenue": 1611300
        },
        "2013-04": {
            "month": "2013-04",
            "price": "52.68",
            "revenue": 1722121
        },
        "2013-05": {
            "month": "2013-05",
            "price": "56.03",
            "revenue": 1805494
        },
        "2013-06": {
            "month": "2013-06",
            "price": "56.52",
            "revenue": 1454264
        },
        "2013-07": {
            "month": "2013-07",
            "price": "55.73",
            "revenue": 1637771
        },
        "2013-08": {
            "month": "2013-08",
            "price": "58.41",
            "revenue": 1560434
        },
        "2013-09": {
            "month": "2013-09",
            "price": "58.44",
            "revenue": 1637724
        },
        "2013-10": {
            "month": "2013-10",
            "price": "60.31",
            "revenue": 1778606
        },
        "2013-11": {
            "month": "2013-11",
            "price": "62.26",
            "revenue": 1753388
        },
        "2013-12": {
            "month": "2013-12",
            "price": "61.78",
            "revenue": 1815074
        },
        "2014-01": {
            "month": "2014-01",
            "price": "61.78",
            "revenue": 1915654
        },
        "2014-02": {
            "month": "2014-02",
            "price": "61.11",
            "revenue": 1589405
        },
        "2014-03": {
            "month": "2014-03",
            "price": "63.45",
            "revenue": 2021873
        },
        "2014-04": {
            "month": "2014-04",
            "price": "69.56",
            "revenue": 1870764
        },
        "2014-05": {
            "month": "2014-05",
            "price": "78.13",
            "revenue": 1857562
        },
        "2014-06": {
            "month": "2014-06",
            "price": "80.53",
            "revenue": 1674583
        },
        "2014-07": {
            "month": "2014-07",
            "price": "76.39",
            "revenue": 1818232
        },
        "2014-08": {
            "month": "2014-08",
            "price": "72.41",
            "revenue": 1749147
        },
        "2014-09": {
            "month": "2014-09",
            "price": "72.06",
            "revenue": 1847323
        },
        "2014-10": {
            "month": "2014-10",
            "price": "71.08",
            "revenue": 1849207
        },
        "2014-11": {
            "month": "2014-11",
            "price": "71.86",
            "revenue": 1714231
        },
        "2014-12": {
            "month": "2014-12",
            "price": "70.85",
            "revenue": 1941482
        },
        "2015-01": {
            "month": "2015-01",
            "price": "70.40",
            "revenue": 1927160
        },
        "2015-02": {
            "month": "2015-02",
            "price": "71.41",
            "revenue": 1277526
        },
        "2015-03": {
            "month": "2015-03",
            "price": "76.45",
            "revenue": 1546303
        },
        "2015-04": {
            "month": "2015-04",
            "price": "78.54",
            "revenue": 1476255
        },
        "2015-05": {
            "month": "2015-05",
            "price": "78.46",
            "revenue": 1334275
        },
        "2015-06": {
            "month": "2015-06",
            "price": "75.66",
            "revenue": 1379681
        },
        "2015-07": {
            "month": "2015-07",
            "price": "73.22",
            "revenue": 1518587
        },
        "2015-08": {
            "month": "2015-08",
            "price": "70.47",
            "revenue": 1359454
        },
        "2015-09": {
            "month": "2015-09",
            "price": "71.18",
            "revenue": 1546848
        },
        "2015-10": {
            "month": "2015-10",
            "price": "73.12",
            "revenue": 1420021
        },
        "2015-11": {
            "month": "2015-11",
            "price": "74.69",
            "revenue": 1434075
        },
        "2015-12": {
            "month": "2015-12",
            "price": "75.03",
            "revenue": 1552838
        },
        "2016-01": {
            "month": "2016-01",
            "price": "74.15",
            "revenue": 1392257
        },
        "2016-02": {
            "month": "2016-02",
            "price": "74.47",
            "revenue": 1132783
        },
        "2016-03": {
            "month": "2016-03",
            "price": "77.72",
            "revenue": 1402464
        },
        "2016-04": {
            "month": "2016-04",
            "price": "79.58",
            "revenue": 1371350
        },
        "2016-05": {
            "month": "2016-05",
            "price": "77.94",
            "revenue": 1427668
        },
        "2016-06": {
            "month": "2016-06",
            "price": "79.61",
            "revenue": 1444989
        },
        "2016-07": {
            "month": "2016-07",
            "price": "79.02",
            "revenue": 1539831
        },
        "2016-08": {
            "month": "2016-08",
            "price": "79.90",
            "revenue": 1602248
        },
        "2016-09": {
            "month": "2016-09",
            "price": "81.64",
            "revenue": 1412122
        },
        "2016-10": {
            "month": "2016-10",
            "price": "85.43",
            "revenue": 1522468
        },
        "2016-11": {
            "month": "2016-11",
            "price": "84.07",
            "revenue": 1584245
        },
        "2016-12": {
            "month": "2016-12",
            "price": "84.06",
            "revenue": 1551665
        },
        "2017-01": {
            "month": "2017-01",
            "price": "84.77",
            "revenue": 1604792
        },
        "2017-02": {
            "month": "2017-02",
            "price": "86.31",
            "revenue": 1254503
        },
        "2017-03": {
            "month": "2017-03",
            "price": "89.87",
            "revenue": 1529407
        },
        "2017-04": {
            "month": "2017-04",
            "price": "91.77",
            "revenue": 1340101
        },
        "2017-05": {
            "month": "2017-05",
            "price": "91.76",
            "revenue": 1394449
        },
        "2017-06": {
            "month": "2017-06",
            "price": "93.31",
            "revenue": 1325815
        },
        "2017-07": {
            "month": "2017-07",
            "price": "92.44",
            "revenue": 1399147
        },
        "2017-08": {
            "month": "2017-08",
            "price": "90.15",
            "revenue": 1439903
        },
        "2017-09": {
            "month": "2017-09",
            "price": "89.94",
            "revenue": 1411977
        },
        "2017-10": {
            "month": "2017-10",
            "price": "89.99",
            "revenue": 1359056
        },
        "2017-11": {
            "month": "2017-11",
            "price": "91.11",
            "revenue": 1405095
        },
        "2017-12": {
            "month": "2017-12",
            "price": "90.71",
            "revenue": 1420097
        },
        "2018-01": {
            "month": "2018-01",
            "price": "91.23",
            "revenue": 1400426
        },
        "2018-02": {
            "month": "2018-02",
            "price": "90.90",
            "revenue": 1215211
        },
        "2018-03": {
            "month": "2018-03",
            "price": "91.58",
            "revenue": 1502080
        },
        "2018-04": {
            "month": "2018-04",
            "price": "93.69",
            "revenue": 1392479
        },
        "2018-05": {
            "month": "2018-05",
            "price": "94.26",
            "revenue": 1426938
        },
        "2018-06": {
            "month": "2018-06",
            "price": "94.50",
            "revenue": 1444955
        },
        "2018-07": {
            "month": "2018-07",
            "price": "95.09",
            "revenue": 1432128
        },
        "2018-08": {
            "month": "2018-08",
            "price": "95.63",
            "revenue": 1441081
        },
        "2018-09": {
            "month": "2018-09",
            "price": "97.70",
            "revenue": 1300638
        },
        "2018-10": {
            "month": "2018-10",
            "price": "97.70",
            "revenue": 1463517
        },
        "2018-11": {
            "month": "2018-11",
            "price": "98.46",
            "revenue": 1466021
        },
        "2018-12": {
            "month": "2018-12",
            "price": "97.86",
            "revenue": 1463270
        },
        "2019-01": {
            "month": "2019-01",
            "price": "98.93",
            "revenue": 1620137
        },
        "2019-02": {
            "month": "2019-02",
            "price": "100.00",
            "revenue": 1101574
        },
        "2019-03": {
            "month": "2019-03",
            "price": "101.20",
            "revenue": 1437562
        },
        "2019-04": {
            "month": "2019-04",
            "price": "103.65",
            "revenue": 1328619
        },
        "2019-05": {
            "month": "2019-05",
            "price": "111.36",
            "revenue": 1406554
        },
        "2019-06": {
            "month": "2019-06",
            "price": "120.29",
            "revenue": 1336446
        },
        "2019-07": {
            "month": "2019-07",
            "price": "125.59",
            "revenue": 1423850
        },
        "2019-08": {
            "month": "2019-08",
            "price": "119.98",
            "revenue": 1503403
        },
        "2019-09": {
            "month": "2019-09",
            "price": "120.11",
            "revenue": 1451185
        },
        "2019-10": {
            "month": "2019-10",
            "price": "123.76",
            "revenue": 1486022
        },
        "2019-11": {
            "month": "2019-11",
            "price": "124.19",
            "revenue": 1438896
        },
        "2019-12": {
            "month": "2019-12",
            "price": "121.86",
            "revenue": 1615860
        },
        "2020-01": {
            "month": "2020-01",
            "price": "121.23",
            "revenue": 1479927
        },
        "2020-02": {
            "month": "2020-02",
            "price": "122.89",
            "revenue": 1229139
        },
        "2020-03": {
            "month": "2020-03",
            "price": "110.44",
            "revenue": 1364616
        },
        "2020-04": {
            "month": "2020-04",
            "price": "114.92",
            "revenue": 1259038
        },
        "2020-05": {
            "month": "2020-05",
            "price": "117.92",
            "revenue": 1267534
        },
        "2020-06": {
            "month": "2020-06",
            "price": "122.15",
            "revenue": 1424986
        },
        "2020-07": {
            "month": "2020-07",
            "price": "121.15",
            "revenue": 1465369
        },
        "2020-08": {
            "month": "2020-08",
            "price": "119.17",
            "revenue": 1457410
        },
        "2020-09": {
            "month": "2020-09",
            "price": "119.05",
            "revenue": 1537742
        },
        "2020-10": {
            "month": "2020-10",
            "price": "118.95",
            "revenue": 1516071
        },
        "2020-11": {
            "month": "2020-11",
            "price": "124.88",
            "revenue": 1594098
        },
        "2020-12": {
            "month": "2020-12",
            "price": "128.26",
            "revenue": 1845049
        },
        "2021-01": {
            "month": "2021-01",
            "price": "134.62",
            "revenue": 1659919
        },
        "2021-02": {
            "month": "2021-02",
            "price": "132.27",
            "revenue": 1377370
        },
        "2021-03": {
            "month": "2021-03",
            "price": "137.89",
            "revenue": 1805442
        },
        "2021-04": {
            "month": "2021-04",
            "price": "146.11",
            "revenue": 1916817
        },
        "2021-05": {
            "month": "2021-05",
            "price": "162.50",
            "revenue": 1642167
        },
        "2021-06": {
            "month": "2021-06",
            "price": "166.21",
            "revenue": 1358757
        },
        "2021-07": {
            "month": "2021-07",
            "price": "166.86",
            "revenue": 1556554
        },
        "2021-08": {
            "month": "2021-08",
            "price": "163.18",
            "revenue": 1634616
        },
        "2021-09": {
            "month": "2021-09",
            "price": "157.98",
            "revenue": 1650643
        },
        "2021-10": {
            "month": "2021-10",
            "price": "157.65",
            "revenue": 1987843
        },
        "2021-11": {
            "month": "2021-11",
            "price": "162.41",
            "revenue": 2105196
        },
        "2021-12": {
            "month": "2021-12",
            "price": "158.30",
            "revenue": 1782666
        },
        "2022-01": {
            "month": "2022-01",
            "price": "156.17",
            "revenue": 2063315
        },
        "2022-02": {
            "month": "2022-02",
            "price": "156.13",
            "revenue": 1467011
        },
        "2022-03": {
            "month": "2022-03",
            "price": "156.50",
            "revenue": 2167843
        },
        "2022-04": {
            "month": "2022-04",
            "price": "154.89",
            "revenue": 1919923
        },
        "2022-05": {
            "month": "2022-05",
            "price": "152.90",
            "revenue": 1974737
        },
        "2022-06": {
            "month": "2022-06",
            "price": "157.10",
            "revenue": 2040294
        },
        "2022-07": {
            "month": "2022-07",
            "price": "153.45",
            "revenue": 1798053
        },
        "2022-08": {
            "month": "2022-08",
            "price": "155.43",
            "revenue": 2186695
        },
        "2022-09": {
            "month": "2022-09",
            "price": "157.60",
            "revenue": 2070078
        },
        "2022-10": {
            "month": "2022-10",
            "price": "149.48",
            "revenue": 2198870
        },
        "2022-11": {
            "month": "2022-11",
            "price": "145.75",
            "revenue": 2258878
        },
        "2022-12": {
            "month": "2022-12",
            "price": "143.82",
            "revenue": 2531262
        },
        "2023-01": {
            "month": "2023-01",
            "price": "142.46",
            "revenue": 2049752
        },
        "2023-02": {
            "month": "2023-02",
            "price": "146.28",
            "revenue": 2067495
        },
        "2023-03": {
            "month": "2023-03",
            "price": "147.54",
            "revenue": 2090669
        },
        "2023-04": {
            "month": "2023-04",
            "price": "149.29",
            "revenue": 1788853
        },
        "2023-05": {
            "month": "2023-05",
            "price": "151.57",
            "revenue": 1998466
        },
        "2023-06": {
            "month": "2023-06",
            "price": "151.32",
            "revenue": 1874166
        },
        "2023-07": {
            "month": "2023-07",
            "price": "146.21",
            "revenue": 1761631
        },
        "2023-08": {
            "month": "2023-08",
            "price": "144.55",
            "revenue": 2202657
        },
        "2023-09": {
            "month": "2023-09",
            "price": "142.95",
            "revenue": 1874068
        },
        "2023-10": {
            "month": "2023-10",
            "price": "140.88",
            "revenue": 1922344
        },
        "2023-11": {
            "month": "2023-11",
            "price": "142.70",
            "revenue": 1923822
        },
        "2023-12": {
            "month": "2023-12",
            "price": "143.10",
            "revenue": 2006424
        }
    }
}
