{
    "summary": {
        "stock_name": "天仁",
        "stock_id": "1233",
        "category": "食品",
        "main_business": "茶葉製造加工<br>茶葉製品買賣<br>茶相關製品",
        "website_url": "http://www.tenren.com.tw/",
        "ceo": "林仁宗",
        "pe_ratio": 49,
        "report_year_from": 2001,
        "report_year_to": 2023,
        "age": 22,
        "eps_negative_percentage": 0,
        "eps_growth_avg": {
            "last_all": 1.37,
            "last_2y": -23.28,
            "last_4y": -16.05,
            "last_8y": -11.76,
            "last_12y": -5.87,
            "last_16y": -3.34,
            "last_20y": 1.37,
            "at_2006_last_3y": 11.01,
            "at_2007_last_3y": 0.95,
            "at_2008_last_3y": -3.54,
            "at_2009_last_3y": 4.91,
            "at_2010_last_3y": 8.61,
            "at_2011_last_3y": 14.14,
            "at_2012_last_3y": 11.72,
            "at_2013_last_3y": 7.36,
            "at_2014_last_3y": 2.55,
            "at_2015_last_3y": -2.75,
            "at_2016_last_3y": -7.33,
            "at_2017_last_3y": -6.39,
            "at_2018_last_3y": -6.32,
            "at_2019_last_3y": -6.53,
            "at_2020_last_3y": -17.56,
            "at_2021_last_3y": -24.85,
            "at_2022_last_3y": -19.93,
            "at_2023_last_3y": -19.93,
            "at_2006_last_all": 17.83,
            "at_2007_last_all": 13.19,
            "at_2008_last_all": 12.52,
            "at_2009_last_all": 13.14,
            "at_2010_last_all": 13.73,
            "at_2011_last_all": 13.57,
            "at_2012_last_all": 12.23,
            "at_2013_last_all": 11.21,
            "at_2014_last_all": 10.29,
            "at_2015_last_all": 8.91,
            "at_2016_last_all": 7.02,
            "at_2017_last_all": 6.81,
            "at_2018_last_all": 6.38,
            "at_2019_last_all": 5.48,
            "at_2020_last_all": 1.84,
            "at_2021_last_all": 0.48,
            "at_2022_last_all": 1.37,
            "at_2023_last_all": 1.37
        },
        "latest_eps": 0.72,
        "latest_price": 35,
        "latest_roe": 4.53,
        "latest_gross_margin": 58.19,
        "latest_equity": 1399891,
        "latest_revenue": 517813,
        "latest_gross_profit": 301293,
        "latest_net_income": 31447,
        "latest_debt_ratio": 37.27,
        "latest_current_ratio": 123.46,
        "latest_account_receivable_turnover_ratio": 2.58,
        "latest_inventory_turnover_ratio": 0.82,
        "latest_reinvestment_rate": -14.06,
        "latest_research_to_sale_ratio": 0.28
    },
    "eps_dividends": {
        "1996": {
            "cash": 0,
            "stock": 1,
            "eps": 0
        },
        "1997": {
            "cash": 0,
            "stock": 1,
            "eps": 0
        },
        "2000": {
            "cash": 0,
            "stock": 1,
            "eps": 0
        },
        "2001": {
            "cash": 1,
            "stock": 0,
            "eps": 0.82
        },
        "2002": {
            "cash": 1,
            "stock": 0,
            "eps": 1.19
        },
        "2003": {
            "cash": 1,
            "stock": 0,
            "eps": 1.55
        },
        "2004": {
            "cash": 1,
            "stock": 0,
            "eps": 1.96
        },
        "2005": {
            "cash": 2,
            "stock": 0,
            "eps": 1.64
        },
        "2006": {
            "cash": 2,
            "stock": 0,
            "eps": 1.7
        },
        "2007": {
            "cash": 1,
            "stock": 0,
            "eps": 1.53
        },
        "2008": {
            "cash": 1,
            "stock": 0,
            "eps": 1.66
        },
        "2009": {
            "cash": 1,
            "stock": 0,
            "eps": 1.95
        },
        "2010": {
            "cash": 2,
            "stock": 0,
            "eps": 2.31
        },
        "2011": {
            "cash": 4,
            "stock": 0,
            "eps": 2.59
        },
        "2012": {
            "cash": 0,
            "stock": 0,
            "eps": 2.56
        },
        "2013": {
            "cash": 2,
            "stock": 0,
            "eps": 2.56
        },
        "2014": {
            "cash": 2,
            "stock": 0,
            "eps": 2.54
        },
        "2015": {
            "cash": 2,
            "stock": 0,
            "eps": 2.31
        },
        "2016": {
            "cash": 2,
            "stock": 0,
            "eps": 1.86
        },
        "2017": {
            "cash": 2,
            "stock": 0,
            "eps": 1.93
        },
        "2018": {
            "cash": 2,
            "stock": 0,
            "eps": 1.92
        },
        "2019": {
            "cash": 2,
            "stock": 0,
            "eps": 1.73
        },
        "2020": {
            "cash": 2,
            "stock": 0,
            "eps": 0.63
        },
        "2021": {
            "cash": 1,
            "stock": 0,
            "eps": 0.47
        },
        "2022": {
            "cash": 1,
            "stock": 0,
            "eps": 0.56
        },
        "2023": {
            "cash": 1,
            "stock": 0,
            "eps": 0.35
        }
    },
    "dividends": {
        "1996-06-18": {
            "cash": 0,
            "stock": 1
        },
        "1997-06-16": {
            "cash": 0,
            "stock": 1
        },
        "2000-05-12": {
            "cash": 0.29,
            "stock": 0.71
        },
        "2001-05-10": {
            "cash": 0.5,
            "stock": 0.3
        },
        "2002-05-29": {
            "cash": 0.7,
            "stock": 0
        },
        "2003-04-10": {
            "cash": 0.7,
            "stock": 0.3
        },
        "2004-03-16": {
            "cash": 0.9,
            "stock": 0.3
        },
        "2005-03-22": {
            "cash": 1.5,
            "stock": 0
        },
        "2006-03-22": {
            "cash": 1.5,
            "stock": 0
        },
        "2007-03-12": {
            "cash": 1.2,
            "stock": 0.3
        },
        "2008-03-20": {
            "cash": 1.4,
            "stock": 0
        },
        "2009-03-18": {
            "cash": 1.4,
            "stock": 0
        },
        "2010-03-08": {
            "cash": 1.9,
            "stock": 0
        },
        "2011-01-01": {
            "cash": 2.3,
            "stock": 0
        },
        "2011-03-11": {
            "cash": 2,
            "stock": 0
        },
        "2013-03-12": {
            "cash": 2.3,
            "stock": 0
        },
        "2014-06-11": {
            "cash": 2.3,
            "stock": 0
        },
        "2015-08-06": {
            "cash": 2.1,
            "stock": 0
        },
        "2016-08-05": {
            "cash": 2,
            "stock": 0
        },
        "2017-08-11": {
            "cash": 1.6,
            "stock": 0
        },
        "2018-08-10": {
            "cash": 2.25,
            "stock": 0
        },
        "2019-08-09": {
            "cash": 1.9,
            "stock": 0
        },
        "2020-08-13": {
            "cash": 1.6,
            "stock": 0
        },
        "2021-09-27": {
            "cash": 0.8,
            "stock": 0
        },
        "2022-08-08": {
            "cash": 0.8,
            "stock": 0
        },
        "2023-08-10": {
            "cash": 0.85,
            "stock": 0
        }
    },
    "prices": {
        "200101": "11.66",
        "200102": "12.51",
        "200103": "13.89",
        "200104": "13.64",
        "200105": "12.68",
        "200106": "11.20",
        "200107": "10.81",
        "200108": "11.58",
        "200109": "12.30",
        "200110": "11.94",
        "200111": "11.89",
        "200112": "12.20",
        "200201": "12.02",
        "200202": "12.20",
        "200203": "12.43",
        "200204": "12.97",
        "200205": "13.85",
        "200206": "13.98",
        "200207": "14.22",
        "200208": "14.65",
        "200209": "14.32",
        "200210": "14.41",
        "200211": "15.55",
        "200212": "15.60",
        "200301": "15.78",
        "200302": "15.77",
        "200303": "15.63",
        "200304": "15.53",
        "200305": "15.73",
        "200306": "17.01",
        "200307": "16.39",
        "200308": "16.94",
        "200309": "16.56",
        "200310": "16.69",
        "200311": "17.04",
        "200312": "17.22",
        "200401": "18.06",
        "200402": "19.74",
        "200403": "21.09",
        "200404": "21.07",
        "200405": "21.18",
        "200406": "20.70",
        "200407": "18.72",
        "200408": "19.80",
        "200409": "20.70",
        "200410": "21.60",
        "200411": "21.23",
        "200412": "21.79",
        "200501": "21.92",
        "200502": "22.03",
        "200503": "22.37",
        "200504": "22.96",
        "200505": "23.92",
        "200506": "24.21",
        "200507": "24.14",
        "200508": "23.66",
        "200509": "22.79",
        "200510": "22.31",
        "200511": "22.87",
        "200512": "23.65",
        "200601": "23.76",
        "200602": "24.00",
        "200603": "24.60",
        "200604": "24.92",
        "200605": "30.89",
        "200606": "29.90",
        "200607": "29.70",
        "200608": "28.81",
        "200609": "28.68",
        "200610": "29.04",
        "200611": "28.54",
        "200612": "28.54",
        "200701": "28.39",
        "200702": "30.07",
        "200703": "30.58",
        "200704": "30.48",
        "200705": "29.73",
        "200706": "30.54",
        "200707": "32.15",
        "200708": "29.29",
        "200709": "29.23",
        "200710": "29.19",
        "200711": "28.39",
        "200712": "28.29",
        "200801": "28.55",
        "200802": "28.73",
        "200803": "30.05",
        "200804": "30.57",
        "200805": "30.81",
        "200806": "31.16",
        "200807": "28.63",
        "200808": "28.03",
        "200809": "27.82",
        "200810": "26.28",
        "200811": "25.59",
        "200812": "25.50",
        "200901": "25.53",
        "200902": "25.62",
        "200903": "25.96",
        "200904": "27.38",
        "200905": "29.48",
        "200906": "34.02",
        "200907": "34.03",
        "200908": "32.79",
        "200909": "32.52",
        "200910": "32.31",
        "200911": "33.55",
        "200912": "35.95",
        "201001": "36.82",
        "201002": "37.57",
        "201003": "41.22",
        "201004": "44.05",
        "201005": "45.85",
        "201006": "48.69",
        "201007": "51.64",
        "201008": "54.08",
        "201009": "51.51",
        "201010": "49.64",
        "201011": "50.37",
        "201012": "50.44",
        "201101": "50.22",
        "201102": "51.81",
        "201103": "51.48",
        "201104": "57.19",
        "201105": "56.11",
        "201106": "56.97",
        "201107": "57.53",
        "201108": "53.04",
        "201109": "51.61",
        "201110": "47.96",
        "201111": "46.18",
        "201112": "44.98",
        "201201": "45.11",
        "201202": "47.18",
        "201203": "49.22",
        "201204": "48.90",
        "201205": "49.19",
        "201206": "48.47",
        "201207": "47.10",
        "201208": "46.64",
        "201209": "46.45",
        "201210": "45.31",
        "201211": "43.50",
        "201212": "44.61",
        "201301": "45.50",
        "201302": "45.91",
        "201303": "49.17",
        "201304": "48.98",
        "201305": "48.76",
        "201306": "49.04",
        "201307": "47.76",
        "201308": "45.81",
        "201309": "45.98",
        "201310": "44.85",
        "201311": "45.22",
        "201312": "46.37",
        "201401": "47.19",
        "201402": "47.76",
        "201403": "48.13",
        "201404": "48.35",
        "201405": "48.52",
        "201406": "50.98",
        "201407": "50.92",
        "201408": "49.17",
        "201409": "49.07",
        "201410": "47.24",
        "201411": "46.42",
        "201412": "47.08",
        "201501": "46.88",
        "201502": "46.93",
        "201503": "47.02",
        "201504": "46.86",
        "201505": "45.79",
        "201506": "44.00",
        "201507": "42.71",
        "201508": "39.42",
        "201509": "37.68",
        "201510": "38.30",
        "201511": "38.07",
        "201512": "36.22",
        "201601": "35.56",
        "201602": "37.05",
        "201603": "38.86",
        "201604": "38.37",
        "201605": "37.18",
        "201606": "37.32",
        "201607": "37.67",
        "201608": "37.23",
        "201609": "37.29",
        "201610": "37.12",
        "201611": "36.55",
        "201612": "36.71",
        "201701": "37.00",
        "201702": "37.68",
        "201703": "37.75",
        "201704": "37.27",
        "201705": "36.95",
        "201706": "36.97",
        "201707": "35.66",
        "201708": "34.97",
        "201709": "34.78",
        "201710": "34.46",
        "201711": "34.51",
        "201712": "34.70",
        "201801": "35.77",
        "201802": "35.03",
        "201803": "37.09",
        "201804": "37.78",
        "201805": "37.88",
        "201806": "38.14",
        "201807": "37.96",
        "201808": "37.99",
        "201809": "38.65",
        "201810": "37.43",
        "201811": "37.29",
        "201812": "38.02",
        "201901": "37.94",
        "201902": "38.58",
        "201903": "38.79",
        "201904": "38.52",
        "201905": "38.36",
        "201906": "38.84",
        "201907": "38.73",
        "201908": "38.35",
        "201909": "38.41",
        "201910": "38.45",
        "201911": "38.46",
        "201912": "38.88",
        "202001": "39.39",
        "202002": "38.22",
        "202003": "35.11",
        "202004": "34.46",
        "202005": "35.90",
        "202006": "36.33",
        "202007": "37.39",
        "202008": "36.91",
        "202009": "36.50",
        "202010": "36.31",
        "202011": "36.03",
        "202012": "35.81",
        "202101": "35.12",
        "202102": "34.48",
        "202103": "35.05",
        "202104": "35.75",
        "202105": "35.36",
        "202106": "34.83",
        "202107": "34.80",
        "202108": "34.53",
        "202109": "33.56",
        "202110": "32.98",
        "202111": "33.62",
        "202112": "34.23",
        "202201": "34.78",
        "202202": "34.33",
        "202203": "33.72",
        "202204": "33.47",
        "202205": "33.10",
        "202206": "33.43",
        "202207": "34.40",
        "202208": "34.38",
        "202209": "33.19",
        "202210": "32.54",
        "202211": "32.43",
        "202212": "32.38",
        "202301": "32.21",
        "202302": "33.01",
        "202303": "34.11",
        "202304": "34.60",
        "202305": "34.22"
    },
    "quarters": {
        "20011": {
            "year_quarter": 20011,
            "year": 2001,
            "quarter": 1,
            "eps": 0.42,
            "eps_growth_year": -20.75,
            "eps_4q": 0.54,
            "eps_4q_growth_year": 1.96,
            "roe": 3.56,
            "roe_4q": 3.56,
            "gross_profit": 186106,
            "gross_margin": 61.44,
            "gross_margin_4q_avg": 61.44,
            "net_income": 33960,
            "revenue": 302904,
            "common_shares": 804898,
            "book_valuer_per_share": 12.09,
            "book_valuer_per_share_4q_avg": 12.09,
            "equity": 973061,
            "current_ratio": 234.57,
            "debt_ratio": 24.57,
            "inventory_turnover_ratio": 0.71,
            "account_receivable_turnover_ratio": null,
            "reinvestment_rate": null,
            "research_to_sale_ratio": null,
            "price_fair": 0,
            "eps_avg_yearly": 0,
            "eps_latest_yearly": 0,
            "eps_growth_yearly": 0
        },
        "20012": {
            "year_quarter": 20012,
            "year": 2001,
            "quarter": 2,
            "eps": 0.09,
            "eps_growth_year": 50,
            "eps_4q": 0.54,
            "eps_4q_growth_year": -5.74,
            "roe": 0.8,
            "roe_4q": 4.36,
            "gross_profit": 165422,
            "gross_margin": 61.1,
            "gross_margin_4q_avg": 61.27,
            "net_income": 7631,
            "revenue": 270742,
            "common_shares": 804898,
            "book_valuer_per_share": 11.66,
            "book_valuer_per_share_4q_avg": 11.88,
            "equity": 938505,
            "current_ratio": 187.74,
            "debt_ratio": 28.96,
            "inventory_turnover_ratio": 0.65,
            "account_receivable_turnover_ratio": null,
            "reinvestment_rate": null,
            "research_to_sale_ratio": null,
            "price_fair": 0,
            "eps_avg_yearly": 0,
            "eps_latest_yearly": 0,
            "eps_growth_yearly": 0
        },
        "20013": {
            "year_quarter": 20013,
            "year": 2001,
            "quarter": 3,
            "eps": 0.04,
            "eps_growth_year": -69.23,
            "eps_4q": 0.43,
            "eps_4q_growth_year": -36.46,
            "roe": 0.39,
            "roe_4q": 4.75,
            "gross_profit": 178727,
            "gross_margin": 60.07,
            "gross_margin_4q_avg": 60.87,
            "net_income": 3653,
            "revenue": 297541,
            "common_shares": 829045,
            "book_valuer_per_share": 11.36,
            "book_valuer_per_share_4q_avg": 11.7,
            "equity": 942177,
            "current_ratio": 217.5,
            "debt_ratio": 26.55,
            "inventory_turnover_ratio": 0.7,
            "account_receivable_turnover_ratio": null,
            "reinvestment_rate": null,
            "research_to_sale_ratio": null,
            "price_fair": 0,
            "eps_avg_yearly": 0,
            "eps_latest_yearly": 0,
            "eps_growth_yearly": 0
        },
        "20014": {
            "year_quarter": 20014,
            "year": 2001,
            "quarter": 4,
            "eps": 0.27,
            "eps_growth_year": null,
            "eps_4q": 0.82,
            "eps_4q_growth_year": 33.05,
            "roe": 2.31,
            "roe_4q": 7.0600000000000005,
            "gross_profit": 174843,
            "gross_margin": 60.72,
            "gross_margin_4q_avg": 60.83,
            "net_income": 22015,
            "revenue": 287944,
            "common_shares": 829045,
            "book_valuer_per_share": 11.63,
            "book_valuer_per_share_4q_avg": 11.69,
            "equity": 964255,
            "current_ratio": 206,
            "debt_ratio": 27.69,
            "inventory_turnover_ratio": 0.67,
            "account_receivable_turnover_ratio": null,
            "reinvestment_rate": null,
            "research_to_sale_ratio": null,
            "price_fair": 0,
            "eps_avg_yearly": 0,
            "eps_latest_yearly": 0,
            "eps_growth_yearly": 0
        },
        "20021": {
            "year_quarter": 20021,
            "year": 2002,
            "quarter": 1,
            "eps": 0.47,
            "eps_growth_year": 11.9,
            "eps_4q": 0.88,
            "eps_4q_growth_year": 64.11,
            "roe": 3.92,
            "roe_4q": 7.42,
            "gross_profit": 204869,
            "gross_margin": 61.86,
            "gross_margin_4q_avg": 60.94,
            "net_income": 37801,
            "revenue": 331170,
            "common_shares": 829045,
            "book_valuer_per_share": 11.64,
            "book_valuer_per_share_4q_avg": 11.57,
            "equity": 964953,
            "current_ratio": 251.62,
            "debt_ratio": 24.23,
            "inventory_turnover_ratio": 0.79,
            "account_receivable_turnover_ratio": null,
            "reinvestment_rate": null,
            "research_to_sale_ratio": null,
            "price_fair": 65.8,
            "eps_avg_yearly": 1.88,
            "eps_latest_yearly": 1.88,
            "eps_growth_yearly": 296.3
        },
        "20022": {
            "year_quarter": 20022,
            "year": 2002,
            "quarter": 2,
            "eps": 0.18,
            "eps_growth_year": 100,
            "eps_4q": 0.99,
            "eps_4q_growth_year": 80.99,
            "roe": 1.51,
            "roe_4q": 8.13,
            "gross_profit": 180037,
            "gross_margin": 61.01,
            "gross_margin_4q_avg": 60.92,
            "net_income": 14178,
            "revenue": 295100,
            "common_shares": 829045,
            "book_valuer_per_share": 11.06,
            "book_valuer_per_share_4q_avg": 11.42,
            "equity": 916551,
            "current_ratio": 183.52,
            "debt_ratio": 29.2,
            "inventory_turnover_ratio": 0.74,
            "account_receivable_turnover_ratio": null,
            "reinvestment_rate": null,
            "research_to_sale_ratio": null,
            "price_fair": 45.17,
            "eps_avg_yearly": 1.3,
            "eps_latest_yearly": 0.72,
            "eps_growth_yearly": 24.74
        },
        "20023": {
            "year_quarter": 20023,
            "year": 2002,
            "quarter": 3,
            "eps": 0.37,
            "eps_growth_year": 825,
            "eps_4q": 1.31,
            "eps_4q_growth_year": 201.99,
            "roe": 3.14,
            "roe_4q": 10.88,
            "gross_profit": 203914,
            "gross_margin": 59.84,
            "gross_margin_4q_avg": 60.86,
            "net_income": 29246,
            "revenue": 340770,
            "common_shares": 829045,
            "book_valuer_per_share": 11.41,
            "book_valuer_per_share_4q_avg": 11.44,
            "equity": 945957,
            "current_ratio": 203.12,
            "debt_ratio": 27.11,
            "inventory_turnover_ratio": 0.82,
            "account_receivable_turnover_ratio": null,
            "reinvestment_rate": null,
            "research_to_sale_ratio": null,
            "price_fair": 47.6,
            "eps_avg_yearly": 1.36,
            "eps_latest_yearly": 1.48,
            "eps_growth_yearly": 157.24
        },
        "20024": {
            "year_quarter": 20024,
            "year": 2002,
            "quarter": 4,
            "eps": 0.17,
            "eps_growth_year": -37.04,
            "eps_4q": 1.18,
            "eps_4q_growth_year": 42.97,
            "roe": 1.43,
            "roe_4q": 10,
            "gross_profit": 194439,
            "gross_margin": 59.88,
            "gross_margin_4q_avg": 60.65,
            "net_income": 13680,
            "revenue": 324691,
            "common_shares": 829045,
            "book_valuer_per_share": 11.61,
            "book_valuer_per_share_4q_avg": 11.43,
            "equity": 962750,
            "current_ratio": 189.27,
            "debt_ratio": 28.61,
            "inventory_turnover_ratio": 0.73,
            "account_receivable_turnover_ratio": null,
            "reinvestment_rate": 45.24,
            "research_to_sale_ratio": null,
            "price_fair": 41.65,
            "eps_avg_yearly": 1.19,
            "eps_latest_yearly": 0.68,
            "eps_growth_yearly": 63.87
        },
        "20031": {
            "year_quarter": 20031,
            "year": 2003,
            "quarter": 1,
            "eps": 0.55,
            "eps_growth_year": 17.02,
            "eps_4q": 1.27,
            "eps_4q_growth_year": 43.87,
            "roe": 4.42,
            "roe_4q": 10.5,
            "gross_profit": 215143,
            "gross_margin": 61.99,
            "gross_margin_4q_avg": 60.68,
            "net_income": 43512,
            "revenue": 347070,
            "common_shares": 829045,
            "book_valuer_per_share": 12.15,
            "book_valuer_per_share_4q_avg": 11.56,
            "equity": 1007049,
            "current_ratio": 160.12,
            "debt_ratio": 29.05,
            "inventory_turnover_ratio": 0.77,
            "account_receivable_turnover_ratio": null,
            "reinvestment_rate": 102.1,
            "research_to_sale_ratio": null,
            "price_fair": 48.72,
            "eps_avg_yearly": 1.39,
            "eps_latest_yearly": 2.2,
            "eps_growth_yearly": 229.92
        },
        "20032": {
            "year_quarter": 20032,
            "year": 2003,
            "quarter": 2,
            "eps": 0.15,
            "eps_growth_year": -16.67,
            "eps_4q": 1.21,
            "eps_4q_growth_year": 22.37,
            "roe": 1.25,
            "roe_4q": 10.24,
            "gross_profit": 183974,
            "gross_margin": 61.85,
            "gross_margin_4q_avg": 60.89,
            "net_income": 12275,
            "revenue": 297455,
            "common_shares": 829045,
            "book_valuer_per_share": 11.54,
            "book_valuer_per_share_4q_avg": 11.68,
            "equity": 956908,
            "current_ratio": 130.12,
            "debt_ratio": 34.91,
            "inventory_turnover_ratio": 0.65,
            "account_receivable_turnover_ratio": null,
            "reinvestment_rate": 94.36,
            "research_to_sale_ratio": null,
            "price_fair": 44.1,
            "eps_avg_yearly": 1.26,
            "eps_latest_yearly": 0.6,
            "eps_growth_yearly": 143.12
        },
        "20033": {
            "year_quarter": 20033,
            "year": 2003,
            "quarter": 3,
            "eps": 0.52,
            "eps_growth_year": 40.54,
            "eps_4q": 1.37,
            "eps_4q_growth_year": 4.98,
            "roe": 4.34,
            "roe_4q": 11.44,
            "gross_profit": 234808,
            "gross_margin": 62.38,
            "gross_margin_4q_avg": 61.53,
            "net_income": 42437,
            "revenue": 376435,
            "common_shares": 853916,
            "book_valuer_per_share": 11.7,
            "book_valuer_per_share_4q_avg": 11.75,
            "equity": 999344,
            "current_ratio": 141.04,
            "debt_ratio": 33.52,
            "inventory_turnover_ratio": 0.75,
            "account_receivable_turnover_ratio": null,
            "reinvestment_rate": 86.73,
            "research_to_sale_ratio": null,
            "price_fair": 48.2,
            "eps_avg_yearly": 1.38,
            "eps_latest_yearly": 2.08,
            "eps_growth_yearly": 263.62
        },
        "20034": {
            "year_quarter": 20034,
            "year": 2003,
            "quarter": 4,
            "eps": 0.33,
            "eps_growth_year": 94.12,
            "eps_4q": 1.53,
            "eps_4q_growth_year": 29.71,
            "roe": 2.66,
            "roe_4q": 12.67,
            "gross_profit": 230720,
            "gross_margin": 61.86,
            "gross_margin_4q_avg": 62.02,
            "net_income": 27016,
            "revenue": 372972,
            "common_shares": 853916,
            "book_valuer_per_share": 12.04,
            "book_valuer_per_share_4q_avg": 11.86,
            "equity": 1028390,
            "current_ratio": 125.71,
            "debt_ratio": 36.23,
            "inventory_turnover_ratio": 0.76,
            "account_receivable_turnover_ratio": null,
            "reinvestment_rate": 95.67,
            "research_to_sale_ratio": null,
            "price_fair": 47.95,
            "eps_avg_yearly": 1.37,
            "eps_latest_yearly": 1.32,
            "eps_growth_yearly": 212.4
        },
        "20041": {
            "year_quarter": 20041,
            "year": 2004,
            "quarter": 1,
            "eps": 0.68,
            "eps_growth_year": 23.64,
            "eps_4q": 1.67,
            "eps_4q_growth_year": 31.54,
            "roe": 5.3,
            "roe_4q": 13.55,
            "gross_profit": 245904,
            "gross_margin": 62,
            "gross_margin_4q_avg": 62.02,
            "net_income": 55969,
            "revenue": 396588,
            "common_shares": 853916,
            "book_valuer_per_share": 12.7,
            "book_valuer_per_share_4q_avg": 12,
            "equity": 1084358,
            "current_ratio": 143.44,
            "debt_ratio": 29.93,
            "inventory_turnover_ratio": 0.85,
            "account_receivable_turnover_ratio": null,
            "reinvestment_rate": 88.85,
            "research_to_sale_ratio": null,
            "price_fair": 53.2,
            "eps_avg_yearly": 1.52,
            "eps_latest_yearly": 2.72,
            "eps_growth_yearly": 235.94
        },
        "20042": {
            "year_quarter": 20042,
            "year": 2004,
            "quarter": 2,
            "eps": 0.47,
            "eps_growth_year": 213.33,
            "eps_4q": 1.99,
            "eps_4q_growth_year": 64.99,
            "roe": 3.65,
            "roe_4q": 15.95,
            "gross_profit": 236567,
            "gross_margin": 62.69,
            "gross_margin_4q_avg": 62.23,
            "net_income": 38776,
            "revenue": 377350,
            "common_shares": 853916,
            "book_valuer_per_share": 12.19,
            "book_valuer_per_share_4q_avg": 12.16,
            "equity": 1040889,
            "current_ratio": 123.74,
            "debt_ratio": 34.45,
            "inventory_turnover_ratio": 0.81,
            "account_receivable_turnover_ratio": null,
            "reinvestment_rate": 81.11,
            "research_to_sale_ratio": null,
            "price_fair": 54.46,
            "eps_avg_yearly": 1.56,
            "eps_latest_yearly": 1.88,
            "eps_growth_yearly": 199.99
        },
        "20043": {
            "year_quarter": 20043,
            "year": 2004,
            "quarter": 3,
            "eps": 0.59,
            "eps_growth_year": 13.46,
            "eps_4q": 2.02,
            "eps_4q_growth_year": 47.03,
            "roe": 4.72,
            "roe_4q": 16.33,
            "gross_profit": 268282,
            "gross_margin": 61.32,
            "gross_margin_4q_avg": 61.97,
            "net_income": 50373,
            "revenue": 437491,
            "common_shares": 879533,
            "book_valuer_per_share": 12.43,
            "book_valuer_per_share_4q_avg": 12.34,
            "equity": 1093590,
            "current_ratio": 143.32,
            "debt_ratio": 31.87,
            "inventory_turnover_ratio": 0.91,
            "account_receivable_turnover_ratio": null,
            "reinvestment_rate": 70.14,
            "research_to_sale_ratio": null,
            "price_fair": 57.02,
            "eps_avg_yearly": 1.63,
            "eps_latest_yearly": 2.36,
            "eps_growth_yearly": 191.1
        },
        "20044": {
            "year_quarter": 20044,
            "year": 2004,
            "quarter": 4,
            "eps": 0.22,
            "eps_growth_year": -33.33,
            "eps_4q": 1.95,
            "eps_4q_growth_year": 27.67,
            "roe": 1.67,
            "roe_4q": 15.34,
            "gross_profit": 215951,
            "gross_margin": 61.12,
            "gross_margin_4q_avg": 61.78,
            "net_income": 18422,
            "revenue": 353300,
            "common_shares": 879533,
            "book_valuer_per_share": 12.64,
            "book_valuer_per_share_4q_avg": 12.49,
            "equity": 1111638,
            "current_ratio": 150.66,
            "debt_ratio": 32.23,
            "inventory_turnover_ratio": 0.69,
            "account_receivable_turnover_ratio": null,
            "reinvestment_rate": 62.46,
            "research_to_sale_ratio": null,
            "price_fair": 54.83,
            "eps_avg_yearly": 1.57,
            "eps_latest_yearly": 0.88,
            "eps_growth_yearly": 154.27
        },
        "20051": {
            "year_quarter": 20051,
            "year": 2005,
            "quarter": 1,
            "eps": 0.7,
            "eps_growth_year": 2.94,
            "eps_4q": 1.97,
            "eps_4q_growth_year": 18.05,
            "roe": 5.18,
            "roe_4q": 15.22,
            "gross_profit": 251451,
            "gross_margin": 60.66,
            "gross_margin_4q_avg": 61.45,
            "net_income": 59063,
            "revenue": 414509,
            "common_shares": 879533,
            "book_valuer_per_share": 13.31,
            "book_valuer_per_share_4q_avg": 12.64,
            "equity": 1170701,
            "current_ratio": 178.87,
            "debt_ratio": 27.24,
            "inventory_turnover_ratio": 0.83,
            "account_receivable_turnover_ratio": null,
            "reinvestment_rate": 59.51,
            "research_to_sale_ratio": null,
            "price_fair": 58.15,
            "eps_avg_yearly": 1.66,
            "eps_latest_yearly": 2.8,
            "eps_growth_yearly": 209.53
        },
        "20052": {
            "year_quarter": 20052,
            "year": 2005,
            "quarter": 2,
            "eps": 0.31,
            "eps_growth_year": -34.04,
            "eps_4q": 1.81,
            "eps_4q_growth_year": -8.92,
            "roe": 2.37,
            "roe_4q": 13.939999999999998,
            "gross_profit": 219693,
            "gross_margin": 60.11,
            "gross_margin_4q_avg": 60.8,
            "net_income": 26376,
            "revenue": 365502,
            "common_shares": 879533,
            "book_valuer_per_share": 12.03,
            "book_valuer_per_share_4q_avg": 12.6,
            "equity": 1058203,
            "current_ratio": 130.13,
            "debt_ratio": 32.69,
            "inventory_turnover_ratio": 0.75,
            "account_receivable_turnover_ratio": null,
            "reinvestment_rate": 57.14,
            "research_to_sale_ratio": null,
            "price_fair": 57.1,
            "eps_avg_yearly": 1.63,
            "eps_latest_yearly": 1.24,
            "eps_growth_yearly": 178.65
        },
        "20053": {
            "year_quarter": 20053,
            "year": 2005,
            "quarter": 3,
            "eps": 0.56,
            "eps_growth_year": -5.08,
            "eps_4q": 1.79,
            "eps_4q_growth_year": -11.24,
            "roe": 4.36,
            "roe_4q": 13.58,
            "gross_profit": 247851,
            "gross_margin": 59.33,
            "gross_margin_4q_avg": 60.31,
            "net_income": 47305,
            "revenue": 417733,
            "common_shares": 879533,
            "book_valuer_per_share": 12.62,
            "book_valuer_per_share_4q_avg": 12.65,
            "equity": 1110350,
            "current_ratio": 153.41,
            "debt_ratio": 28.19,
            "inventory_turnover_ratio": 0.82,
            "account_receivable_turnover_ratio": null,
            "reinvestment_rate": 52.65,
            "research_to_sale_ratio": null,
            "price_fair": 58.52,
            "eps_avg_yearly": 1.67,
            "eps_latest_yearly": 2.24,
            "eps_growth_yearly": 188.24
        },
        "20054": {
            "year_quarter": 20054,
            "year": 2005,
            "quarter": 4,
            "eps": 0.07,
            "eps_growth_year": -68.18,
            "eps_4q": 1.61,
            "eps_4q_growth_year": -17.42,
            "roe": 0.54,
            "roe_4q": 12.45,
            "gross_profit": 222807,
            "gross_margin": 58.52,
            "gross_margin_4q_avg": 59.66,
            "net_income": 6023,
            "revenue": 380710,
            "common_shares": 879533,
            "book_valuer_per_share": 12.65,
            "book_valuer_per_share_4q_avg": 12.65,
            "equity": 1118053,
            "current_ratio": 149.32,
            "debt_ratio": 33.78,
            "inventory_turnover_ratio": 0.71,
            "account_receivable_turnover_ratio": null,
            "reinvestment_rate": 54.23,
            "research_to_sale_ratio": null,
            "price_fair": 55.48,
            "eps_avg_yearly": 1.59,
            "eps_latest_yearly": 0.28,
            "eps_growth_yearly": 154.6
        },
        "20061": {
            "year_quarter": 20061,
            "year": 2006,
            "quarter": 1,
            "eps": 0.68,
            "eps_growth_year": -2.86,
            "eps_4q": 1.62,
            "eps_4q_growth_year": -18.09,
            "roe": 5.05,
            "roe_4q": 12.32,
            "gross_profit": 267573,
            "gross_margin": 60.54,
            "gross_margin_4q_avg": 59.63,
            "net_income": 57798,
            "revenue": 441972,
            "common_shares": 879533,
            "book_valuer_per_share": 13.31,
            "book_valuer_per_share_4q_avg": 12.65,
            "equity": 1170265,
            "current_ratio": 173.23,
            "debt_ratio": 28.86,
            "inventory_turnover_ratio": 0.81,
            "account_receivable_turnover_ratio": null,
            "reinvestment_rate": 51.7,
            "research_to_sale_ratio": null,
            "price_fair": 57.31,
            "eps_avg_yearly": 1.64,
            "eps_latest_yearly": 2.72,
            "eps_growth_yearly": 353.94
        },
        "20062": {
            "year_quarter": 20062,
            "year": 2006,
            "quarter": 2,
            "eps": 0.34,
            "eps_growth_year": 9.68,
            "eps_4q": 1.64,
            "eps_4q_growth_year": -9.79,
            "roe": 2.6,
            "roe_4q": 12.55,
            "gross_profit": 243148,
            "gross_margin": 58.83,
            "gross_margin_4q_avg": 59.31,
            "net_income": 29171,
            "revenue": 413274,
            "common_shares": 879533,
            "book_valuer_per_share": 12.19,
            "book_valuer_per_share_4q_avg": 12.69,
            "equity": 1072160,
            "current_ratio": 125.37,
            "debt_ratio": 37.37,
            "inventory_turnover_ratio": 0.82,
            "account_receivable_turnover_ratio": null,
            "reinvestment_rate": 51.28,
            "research_to_sale_ratio": null,
            "price_fair": 58.71,
            "eps_avg_yearly": 1.68,
            "eps_latest_yearly": 1.36,
            "eps_growth_yearly": 356.87
        },
        "20063": {
            "year_quarter": 20063,
            "year": 2006,
            "quarter": 3,
            "eps": 0.4,
            "eps_growth_year": -28.57,
            "eps_4q": 1.5,
            "eps_4q_growth_year": -16.11,
            "roe": 3.08,
            "roe_4q": 11.27,
            "gross_profit": 262845,
            "gross_margin": 59.65,
            "gross_margin_4q_avg": 59.39,
            "net_income": 33777,
            "revenue": 440616,
            "common_shares": 879533,
            "book_valuer_per_share": 12.73,
            "book_valuer_per_share_4q_avg": 12.72,
            "equity": 1119820,
            "current_ratio": 135.46,
            "debt_ratio": 34.7,
            "inventory_turnover_ratio": 0.79,
            "account_receivable_turnover_ratio": null,
            "reinvestment_rate": 51.7,
            "research_to_sale_ratio": null,
            "price_fair": 58.98,
            "eps_avg_yearly": 1.69,
            "eps_latest_yearly": 1.6,
            "eps_growth_yearly": 334.89
        },
        "20064": {
            "year_quarter": 20064,
            "year": 2006,
            "quarter": 4,
            "eps": 0.28,
            "eps_growth_year": 300,
            "eps_4q": 1.7,
            "eps_4q_growth_year": 5.14,
            "roe": 2.1,
            "roe_4q": 12.829999999999998,
            "gross_profit": 241043,
            "gross_margin": 58.38,
            "gross_margin_4q_avg": 59.35,
            "net_income": 23881,
            "revenue": 412890,
            "common_shares": 879533,
            "book_valuer_per_share": 13.01,
            "book_valuer_per_share_4q_avg": 12.81,
            "equity": 1153461,
            "current_ratio": 153.12,
            "debt_ratio": 34.89,
            "inventory_turnover_ratio": 0.7,
            "account_receivable_turnover_ratio": null,
            "reinvestment_rate": 49.04,
            "research_to_sale_ratio": null,
            "price_fair": 59.94,
            "eps_avg_yearly": 1.71,
            "eps_latest_yearly": 1.12,
            "eps_growth_yearly": 340.9
        },
        "20071": {
            "year_quarter": 20071,
            "year": 2007,
            "quarter": 1,
            "eps": 0.52,
            "eps_growth_year": -23.53,
            "eps_4q": 1.54,
            "eps_4q_growth_year": -4.63,
            "roe": 3.76,
            "roe_4q": 11.54,
            "gross_profit": 284769,
            "gross_margin": 59.66,
            "gross_margin_4q_avg": 59.13,
            "net_income": 44141,
            "revenue": 477332,
            "common_shares": 879533,
            "book_valuer_per_share": 13.59,
            "book_valuer_per_share_4q_avg": 12.88,
            "equity": 1195573,
            "current_ratio": 163.56,
            "debt_ratio": 31.92,
            "inventory_turnover_ratio": 0.83,
            "account_receivable_turnover_ratio": null,
            "reinvestment_rate": 24.13,
            "research_to_sale_ratio": null,
            "price_fair": 59.68,
            "eps_avg_yearly": 1.71,
            "eps_latest_yearly": 2.08,
            "eps_growth_yearly": 306.45
        },
        "20072": {
            "year_quarter": 20072,
            "year": 2007,
            "quarter": 2,
            "eps": 0.29,
            "eps_growth_year": -14.71,
            "eps_4q": 1.49,
            "eps_4q_growth_year": -8.83,
            "roe": 2.12,
            "roe_4q": 11.06,
            "gross_profit": 247078,
            "gross_margin": 58.76,
            "gross_margin_4q_avg": 59.11,
            "net_income": 24584,
            "revenue": 420497,
            "common_shares": 879533,
            "book_valuer_per_share": 12.72,
            "book_valuer_per_share_4q_avg": 13.01,
            "equity": 1118815,
            "current_ratio": 139.12,
            "debt_ratio": 34.19,
            "inventory_turnover_ratio": 0.82,
            "account_receivable_turnover_ratio": null,
            "reinvestment_rate": 23.96,
            "research_to_sale_ratio": null,
            "price_fair": 60.9,
            "eps_avg_yearly": 1.74,
            "eps_latest_yearly": 1.16,
            "eps_growth_yearly": 313.57
        },
        "20073": {
            "year_quarter": 20073,
            "year": 2007,
            "quarter": 3,
            "eps": 0.47,
            "eps_growth_year": 17.5,
            "eps_4q": 1.53,
            "eps_4q_growth_year": 1.6,
            "roe": 3.61,
            "roe_4q": 11.59,
            "gross_profit": 270346,
            "gross_margin": 58.21,
            "gross_margin_4q_avg": 58.75,
            "net_income": 41243,
            "revenue": 464414,
            "common_shares": 905919,
            "book_valuer_per_share": 12.89,
            "book_valuer_per_share_4q_avg": 13.05,
            "equity": 1168138,
            "current_ratio": 170.73,
            "debt_ratio": 30.56,
            "inventory_turnover_ratio": 0.91,
            "account_receivable_turnover_ratio": null,
            "reinvestment_rate": 21.79,
            "research_to_sale_ratio": null,
            "price_fair": 60.46,
            "eps_avg_yearly": 1.73,
            "eps_latest_yearly": 1.88,
            "eps_growth_yearly": 267.43
        },
        "20074": {
            "year_quarter": 20074,
            "year": 2007,
            "quarter": 4,
            "eps": 0.25,
            "eps_growth_year": -10.71,
            "eps_4q": 1.48,
            "eps_4q_growth_year": -12.96,
            "roe": 1.89,
            "roe_4q": 11.379999999999999,
            "gross_profit": 251479,
            "gross_margin": 59.23,
            "gross_margin_4q_avg": 58.97,
            "net_income": 22425,
            "revenue": 424546,
            "common_shares": 905919,
            "book_valuer_per_share": 13.19,
            "book_valuer_per_share_4q_avg": 13.1,
            "equity": 1203191,
            "current_ratio": 200.55,
            "debt_ratio": 29.12,
            "inventory_turnover_ratio": 0.75,
            "account_receivable_turnover_ratio": null,
            "reinvestment_rate": 10.23,
            "research_to_sale_ratio": null,
            "price_fair": 59.76,
            "eps_avg_yearly": 1.71,
            "eps_latest_yearly": 1,
            "eps_growth_yearly": 264.86
        },
        "20081": {
            "year_quarter": 20081,
            "year": 2008,
            "quarter": 1,
            "eps": 0.61,
            "eps_growth_year": 17.31,
            "eps_4q": 1.61,
            "eps_4q_growth_year": 4.09,
            "roe": 4.39,
            "roe_4q": 12.009999999999998,
            "gross_profit": 286743,
            "gross_margin": 60.74,
            "gross_margin_4q_avg": 59.24,
            "net_income": 54013,
            "revenue": 472061,
            "common_shares": 905919,
            "book_valuer_per_share": 13.8,
            "book_valuer_per_share_4q_avg": 13.15,
            "equity": 1258116,
            "current_ratio": 250.23,
            "debt_ratio": 25.91,
            "inventory_turnover_ratio": 0.81,
            "account_receivable_turnover_ratio": null,
            "reinvestment_rate": 4.72,
            "research_to_sale_ratio": null,
            "price_fair": 59.15,
            "eps_avg_yearly": 1.69,
            "eps_latest_yearly": 2.44,
            "eps_growth_yearly": 274.34
        },
        "20082": {
            "year_quarter": 20082,
            "year": 2008,
            "quarter": 2,
            "eps": 0.36,
            "eps_growth_year": 24.14,
            "eps_4q": 1.67,
            "eps_4q_growth_year": 11.87,
            "roe": 2.66,
            "roe_4q": 12.549999999999999,
            "gross_profit": 237433,
            "gross_margin": 57.44,
            "gross_margin_4q_avg": 58.91,
            "net_income": 32299,
            "revenue": 413350,
            "common_shares": 905919,
            "book_valuer_per_share": 12.79,
            "book_valuer_per_share_4q_avg": 13.17,
            "equity": 1166186,
            "current_ratio": 181.61,
            "debt_ratio": 33.01,
            "inventory_turnover_ratio": 0.8,
            "account_receivable_turnover_ratio": null,
            "reinvestment_rate": 3.82,
            "research_to_sale_ratio": null,
            "price_fair": 58.19,
            "eps_avg_yearly": 1.66,
            "eps_latest_yearly": 1.44,
            "eps_growth_yearly": 271.82
        },
        "20083": {
            "year_quarter": 20083,
            "year": 2008,
            "quarter": 3,
            "eps": 0.46,
            "eps_growth_year": -2.13,
            "eps_4q": 1.65,
            "eps_4q_growth_year": 8.37,
            "roe": 3.51,
            "roe_4q": 12.45,
            "gross_profit": 268842,
            "gross_margin": 57.88,
            "gross_margin_4q_avg": 58.82,
            "net_income": 41665,
            "revenue": 464508,
            "common_shares": 905919,
            "book_valuer_per_share": 13.26,
            "book_valuer_per_share_4q_avg": 13.26,
            "equity": 1209803,
            "current_ratio": 231.29,
            "debt_ratio": 28,
            "inventory_turnover_ratio": 0.86,
            "account_receivable_turnover_ratio": null,
            "reinvestment_rate": 4.19,
            "research_to_sale_ratio": null,
            "price_fair": 57.05,
            "eps_avg_yearly": 1.63,
            "eps_latest_yearly": 1.84,
            "eps_growth_yearly": 272.38
        },
        "20084": {
            "year_quarter": 20084,
            "year": 2008,
            "quarter": 4,
            "eps": 0.23,
            "eps_growth_year": -8,
            "eps_4q": 1.66,
            "eps_4q_growth_year": 12.54,
            "roe": 1.68,
            "roe_4q": 12.239999999999998,
            "gross_profit": 237888,
            "gross_margin": 57.34,
            "gross_margin_4q_avg": 58.35,
            "net_income": 20490,
            "revenue": 414890,
            "common_shares": 905919,
            "book_valuer_per_share": 13.42,
            "book_valuer_per_share_4q_avg": 13.32,
            "equity": 1224052,
            "current_ratio": 249.07,
            "debt_ratio": 27.52,
            "inventory_turnover_ratio": 0.72,
            "account_receivable_turnover_ratio": 3.76,
            "reinvestment_rate": 4.64,
            "research_to_sale_ratio": null,
            "price_fair": 57.14,
            "eps_avg_yearly": 1.63,
            "eps_latest_yearly": 0.92,
            "eps_growth_yearly": 275.56
        },
        "20091": {
            "year_quarter": 20091,
            "year": 2009,
            "quarter": 1,
            "eps": 0.62,
            "eps_growth_year": 1.64,
            "eps_4q": 1.66,
            "eps_4q_growth_year": 3.31,
            "roe": 4.47,
            "roe_4q": 12.32,
            "gross_profit": 270669,
            "gross_margin": 59.92,
            "gross_margin_4q_avg": 58.15,
            "net_income": 55898,
            "revenue": 451739,
            "common_shares": 905919,
            "book_valuer_per_share": 14.03,
            "book_valuer_per_share_4q_avg": 13.38,
            "equity": 1278629,
            "current_ratio": 319.74,
            "debt_ratio": 24.42,
            "inventory_turnover_ratio": 0.77,
            "account_receivable_turnover_ratio": 2.12,
            "reinvestment_rate": 2.75,
            "research_to_sale_ratio": null,
            "price_fair": 56.44,
            "eps_avg_yearly": 1.61,
            "eps_latest_yearly": 2.48,
            "eps_growth_yearly": 263.4
        },
        "20092": {
            "year_quarter": 20092,
            "year": 2009,
            "quarter": 2,
            "eps": 0.26,
            "eps_growth_year": -27.78,
            "eps_4q": 1.58,
            "eps_4q_growth_year": -5.54,
            "roe": 1.86,
            "roe_4q": 11.52,
            "gross_profit": 245792,
            "gross_margin": 58.76,
            "gross_margin_4q_avg": 58.48,
            "net_income": 23214,
            "revenue": 418307,
            "common_shares": 905919,
            "book_valuer_per_share": 13.28,
            "book_valuer_per_share_4q_avg": 13.5,
            "equity": 1214070,
            "current_ratio": 218.64,
            "debt_ratio": 31.57,
            "inventory_turnover_ratio": 0.8,
            "account_receivable_turnover_ratio": 2.03,
            "reinvestment_rate": -0.65,
            "research_to_sale_ratio": null,
            "price_fair": 56,
            "eps_avg_yearly": 1.6,
            "eps_latest_yearly": 1.04,
            "eps_growth_yearly": 262.81
        },
        "20093": {
            "year_quarter": 20093,
            "year": 2009,
            "quarter": 3,
            "eps": 0.76,
            "eps_growth_year": 65.22,
            "eps_4q": 1.84,
            "eps_4q_growth_year": 11.13,
            "roe": 5.56,
            "roe_4q": 13.57,
            "gross_profit": 280847,
            "gross_margin": 58.64,
            "gross_margin_4q_avg": 58.67,
            "net_income": 69491,
            "revenue": 478926,
            "common_shares": 905919,
            "book_valuer_per_share": 14.03,
            "book_valuer_per_share_4q_avg": 13.69,
            "equity": 1283477,
            "current_ratio": 261.7,
            "debt_ratio": 21.52,
            "inventory_turnover_ratio": 0.91,
            "account_receivable_turnover_ratio": 2.23,
            "reinvestment_rate": -3.13,
            "research_to_sale_ratio": null,
            "price_fair": 57.75,
            "eps_avg_yearly": 1.65,
            "eps_latest_yearly": 3.04,
            "eps_growth_yearly": 290.73
        },
        "20094": {
            "year_quarter": 20094,
            "year": 2009,
            "quarter": 4,
            "eps": 0.31,
            "eps_growth_year": 34.78,
            "eps_4q": 1.93,
            "eps_4q_growth_year": 16.21,
            "roe": 2.14,
            "roe_4q": 14.029999999999998,
            "gross_profit": 251385,
            "gross_margin": 59.02,
            "gross_margin_4q_avg": 59.09,
            "net_income": 27914,
            "revenue": 425952,
            "common_shares": 905919,
            "book_valuer_per_share": 14.56,
            "book_valuer_per_share_4q_avg": 13.98,
            "equity": 1331205,
            "current_ratio": 242.62,
            "debt_ratio": 17.33,
            "inventory_turnover_ratio": 0.76,
            "account_receivable_turnover_ratio": 3.9,
            "reinvestment_rate": 3.65,
            "research_to_sale_ratio": null,
            "price_fair": 59.85,
            "eps_avg_yearly": 1.71,
            "eps_latest_yearly": 1.24,
            "eps_growth_yearly": 297.8
        },
        "20101": {
            "year_quarter": 20101,
            "year": 2010,
            "quarter": 1,
            "eps": 0.96,
            "eps_growth_year": 54.84,
            "eps_4q": 2.28,
            "eps_4q_growth_year": 37.12,
            "roe": 6.32,
            "roe_4q": 15.879999999999999,
            "gross_profit": 296070,
            "gross_margin": 59.97,
            "gross_margin_4q_avg": 59.1,
            "net_income": 86918,
            "revenue": 493732,
            "common_shares": 905919,
            "book_valuer_per_share": 15.52,
            "book_valuer_per_share_4q_avg": 14.35,
            "equity": 1417256,
            "current_ratio": 307.87,
            "debt_ratio": 15.17,
            "inventory_turnover_ratio": 0.9,
            "account_receivable_turnover_ratio": 2.28,
            "reinvestment_rate": -3.78,
            "research_to_sale_ratio": 0.04,
            "price_fair": 62.3,
            "eps_avg_yearly": 1.78,
            "eps_latest_yearly": 3.84,
            "eps_growth_yearly": 132.37
        },
        "20102": {
            "year_quarter": 20102,
            "year": 2010,
            "quarter": 2,
            "eps": 0.41,
            "eps_growth_year": 59.01,
            "eps_4q": 2.43,
            "eps_4q_growth_year": 54.47,
            "roe": 2.78,
            "roe_4q": 16.8,
            "gross_profit": 253576,
            "gross_margin": 57.9,
            "gross_margin_4q_avg": 58.88,
            "net_income": 37535,
            "revenue": 437978,
            "common_shares": 905919,
            "book_valuer_per_share": 14.03,
            "book_valuer_per_share_4q_avg": 14.54,
            "equity": 1282243,
            "current_ratio": 185.68,
            "debt_ratio": 26.07,
            "inventory_turnover_ratio": 0.88,
            "account_receivable_turnover_ratio": 2.15,
            "reinvestment_rate": -6.69,
            "research_to_sale_ratio": 0.05,
            "price_fair": 62.91,
            "eps_avg_yearly": 1.8,
            "eps_latest_yearly": 1.64,
            "eps_growth_yearly": 130.54
        },
        "20103": {
            "year_quarter": 20103,
            "year": 2010,
            "quarter": 3,
            "eps": 0.7,
            "eps_growth_year": -7.61,
            "eps_4q": 2.38,
            "eps_4q_growth_year": 29.45,
            "roe": 4.88,
            "roe_4q": 16.12,
            "gross_profit": 293776,
            "gross_margin": 59.89,
            "gross_margin_4q_avg": 59.2,
            "net_income": 64117,
            "revenue": 490495,
            "common_shares": 905919,
            "book_valuer_per_share": 14.74,
            "book_valuer_per_share_4q_avg": 14.71,
            "equity": 1346669,
            "current_ratio": 261.25,
            "debt_ratio": 17.78,
            "inventory_turnover_ratio": 0.89,
            "account_receivable_turnover_ratio": 2.31,
            "reinvestment_rate": -9.12,
            "research_to_sale_ratio": 0.06,
            "price_fair": 65.54,
            "eps_avg_yearly": 1.87,
            "eps_latest_yearly": 2.8,
            "eps_growth_yearly": 143.81
        },
        "20104": {
            "year_quarter": 20104,
            "year": 2010,
            "quarter": 4,
            "eps": 0.24,
            "eps_growth_year": -21.5,
            "eps_4q": 2.32,
            "eps_4q_growth_year": 20.03,
            "roe": 1.66,
            "roe_4q": 15.64,
            "gross_profit": 272699,
            "gross_margin": 59.18,
            "gross_margin_4q_avg": 59.24,
            "net_income": 22491,
            "revenue": 460774,
            "common_shares": 905919,
            "book_valuer_per_share": 14.97,
            "book_valuer_per_share_4q_avg": 14.82,
            "equity": 1368307,
            "current_ratio": 198.88,
            "debt_ratio": 20.73,
            "inventory_turnover_ratio": 0.78,
            "account_receivable_turnover_ratio": 2.02,
            "reinvestment_rate": 8,
            "research_to_sale_ratio": 0.05,
            "price_fair": 65.19,
            "eps_avg_yearly": 1.86,
            "eps_latest_yearly": 0.96,
            "eps_growth_yearly": 134.88
        },
        "20111": {
            "year_quarter": 20111,
            "year": 2011,
            "quarter": 1,
            "eps": 0.89,
            "eps_growth_year": -7.29,
            "eps_4q": 2.25,
            "eps_4q_growth_year": -1.22,
            "roe": 5.76,
            "roe_4q": 15.08,
            "gross_profit": 321884,
            "gross_margin": 60.24,
            "gross_margin_4q_avg": 59.3,
            "net_income": 81092,
            "revenue": 534333,
            "common_shares": 905919,
            "book_valuer_per_share": 15.86,
            "book_valuer_per_share_4q_avg": 14.9,
            "equity": 1449803,
            "current_ratio": 258.82,
            "debt_ratio": 16.16,
            "inventory_turnover_ratio": 0.89,
            "account_receivable_turnover_ratio": 2.37,
            "reinvestment_rate": 1,
            "research_to_sale_ratio": 0.04,
            "price_fair": 68.43,
            "eps_avg_yearly": 1.96,
            "eps_latest_yearly": 3.56,
            "eps_growth_yearly": 181.16
        },
        "20112": {
            "year_quarter": 20112,
            "year": 2011,
            "quarter": 2,
            "eps": 0.61,
            "eps_growth_year": 46.83,
            "eps_4q": 2.44,
            "eps_4q_growth_year": 0.3,
            "roe": 3.98,
            "roe_4q": 16.28,
            "gross_profit": 288359,
            "gross_margin": 58.72,
            "gross_margin_4q_avg": 59.51,
            "net_income": 55154,
            "revenue": 491055,
            "common_shares": 905919,
            "book_valuer_per_share": 14.47,
            "book_valuer_per_share_4q_avg": 15.01,
            "equity": 1322899,
            "current_ratio": 165.04,
            "debt_ratio": 27.34,
            "inventory_turnover_ratio": 0.91,
            "account_receivable_turnover_ratio": 2.06,
            "reinvestment_rate": 26.13,
            "research_to_sale_ratio": 0.06,
            "price_fair": 71.23,
            "eps_avg_yearly": 2.04,
            "eps_latest_yearly": 2.44,
            "eps_growth_yearly": 184.36
        },
        "20113": {
            "year_quarter": 20113,
            "year": 2011,
            "quarter": 3,
            "eps": 0.93,
            "eps_growth_year": 32.97,
            "eps_4q": 2.67,
            "eps_4q_growth_year": 12.37,
            "roe": 6.23,
            "roe_4q": 17.63,
            "gross_profit": 316617,
            "gross_margin": 60.02,
            "gross_margin_4q_avg": 59.54,
            "net_income": 84988,
            "revenue": 527517,
            "common_shares": 905919,
            "book_valuer_per_share": 15.4,
            "book_valuer_per_share_4q_avg": 15.18,
            "equity": 1407355,
            "current_ratio": 227.43,
            "debt_ratio": 18.73,
            "inventory_turnover_ratio": 0.91,
            "account_receivable_turnover_ratio": 2.11,
            "reinvestment_rate": 25.5,
            "research_to_sale_ratio": 0.05,
            "price_fair": 75.25,
            "eps_avg_yearly": 2.15,
            "eps_latest_yearly": 3.72,
            "eps_growth_yearly": 181.95
        },
        "20114": {
            "year_quarter": 20114,
            "year": 2011,
            "quarter": 4,
            "eps": 0.16,
            "eps_growth_year": -35.33,
            "eps_4q": 2.59,
            "eps_4q_growth_year": 11.63,
            "roe": 0.99,
            "roe_4q": 16.96,
            "gross_profit": 291983,
            "gross_margin": 58.03,
            "gross_margin_4q_avg": 59.25,
            "net_income": 14477,
            "revenue": 503198,
            "common_shares": 905919,
            "book_valuer_per_share": 16.72,
            "book_valuer_per_share_4q_avg": 15.61,
            "equity": 1526617,
            "current_ratio": 208.62,
            "debt_ratio": 22.19,
            "inventory_turnover_ratio": 0.85,
            "account_receivable_turnover_ratio": 1.95,
            "reinvestment_rate": 48.56,
            "research_to_sale_ratio": 0.04,
            "price_fair": 74.46,
            "eps_avg_yearly": 2.13,
            "eps_latest_yearly": 0.64,
            "eps_growth_yearly": 172.96
        },
        "20121": {
            "year_quarter": 20121,
            "year": 2012,
            "quarter": 1,
            "eps": 0.73,
            "eps_growth_year": -17.98,
            "eps_4q": 2.43,
            "eps_4q_growth_year": 8.12,
            "roe": 4.1,
            "roe_4q": 15.3,
            "gross_profit": 317667,
            "gross_margin": 61.1,
            "gross_margin_4q_avg": 59.47,
            "net_income": 66615,
            "revenue": 519899,
            "common_shares": 905919,
            "book_valuer_per_share": 18.86,
            "book_valuer_per_share_4q_avg": 16.36,
            "equity": 1723560,
            "current_ratio": 267.34,
            "debt_ratio": 16.75,
            "inventory_turnover_ratio": 0.82,
            "account_receivable_turnover_ratio": 2.15,
            "reinvestment_rate": 82.03,
            "research_to_sale_ratio": 0.04,
            "price_fair": 75.51,
            "eps_avg_yearly": 2.16,
            "eps_latest_yearly": 2.92,
            "eps_growth_yearly": 226.02
        },
        "20122": {
            "year_quarter": 20122,
            "year": 2012,
            "quarter": 2,
            "eps": 0.73,
            "eps_growth_year": 19.65,
            "eps_4q": 2.55,
            "eps_4q_growth_year": 4.44,
            "roe": 4.07,
            "roe_4q": 15.39,
            "gross_profit": 295802,
            "gross_margin": 58.34,
            "gross_margin_4q_avg": 59.37,
            "net_income": 66336,
            "revenue": 507006,
            "common_shares": 905919,
            "book_valuer_per_share": 16.81,
            "book_valuer_per_share_4q_avg": 16.95,
            "equity": 1535771,
            "current_ratio": 149,
            "debt_ratio": 26.91,
            "inventory_turnover_ratio": 0.91,
            "account_receivable_turnover_ratio": 2.1,
            "reinvestment_rate": 81.92,
            "research_to_sale_ratio": 0.06,
            "price_fair": 78.75,
            "eps_avg_yearly": 2.25,
            "eps_latest_yearly": 2.92,
            "eps_growth_yearly": 236.27
        },
        "20123": {
            "year_quarter": 20123,
            "year": 2012,
            "quarter": 3,
            "eps": 0.77,
            "eps_growth_year": -17.75,
            "eps_4q": 2.38,
            "eps_4q_growth_year": -10.82,
            "roe": 4.48,
            "roe_4q": 13.64,
            "gross_profit": 312216,
            "gross_margin": 60.28,
            "gross_margin_4q_avg": 59.44,
            "net_income": 70025,
            "revenue": 517966,
            "common_shares": 905919,
            "book_valuer_per_share": 17.39,
            "book_valuer_per_share_4q_avg": 17.45,
            "equity": 1588561,
            "current_ratio": 193.36,
            "debt_ratio": 20.52,
            "inventory_turnover_ratio": 0.87,
            "account_receivable_turnover_ratio": 2.05,
            "reinvestment_rate": 76.22,
            "research_to_sale_ratio": 0.06,
            "price_fair": 81.46,
            "eps_avg_yearly": 2.33,
            "eps_latest_yearly": 3.08,
            "eps_growth_yearly": 230.69
        },
        "20124": {
            "year_quarter": 20124,
            "year": 2012,
            "quarter": 4,
            "eps": 0.33,
            "eps_growth_year": 110.39,
            "eps_4q": 2.56,
            "eps_4q_growth_year": -1.13,
            "roe": 1.91,
            "roe_4q": 14.56,
            "gross_profit": 294069,
            "gross_margin": 58.54,
            "gross_margin_4q_avg": 59.57,
            "net_income": 30247,
            "revenue": 502349,
            "common_shares": 905919,
            "book_valuer_per_share": 17.35,
            "book_valuer_per_share_4q_avg": 17.6,
            "equity": 1584772,
            "current_ratio": 194.27,
            "debt_ratio": 21.66,
            "inventory_turnover_ratio": 0.83,
            "account_receivable_turnover_ratio": 2,
            "reinvestment_rate": 67.66,
            "research_to_sale_ratio": 0.07,
            "price_fair": 82.34,
            "eps_avg_yearly": 2.35,
            "eps_latest_yearly": 1.32,
            "eps_growth_yearly": 228.91
        },
        "20131": {
            "year_quarter": 20131,
            "year": 2013,
            "quarter": 1,
            "eps": 0.76,
            "eps_growth_year": 4.11,
            "eps_4q": 2.58,
            "eps_4q_growth_year": 6.25,
            "roe": 4.41,
            "roe_4q": 14.870000000000001,
            "gross_profit": 325164,
            "gross_margin": 61.03,
            "gross_margin_4q_avg": 59.55,
            "net_income": 68672,
            "revenue": 532755,
            "common_shares": 905919,
            "book_valuer_per_share": 16.72,
            "book_valuer_per_share_4q_avg": 17.07,
            "equity": 1527441,
            "current_ratio": 241.26,
            "debt_ratio": 21.09,
            "inventory_turnover_ratio": 0.84,
            "account_receivable_turnover_ratio": 2.09,
            "reinvestment_rate": 36.52,
            "research_to_sale_ratio": 0.07,
            "price_fair": 83.56,
            "eps_avg_yearly": 2.39,
            "eps_latest_yearly": 3.04,
            "eps_growth_yearly": 219.09
        },
        "20132": {
            "year_quarter": 20132,
            "year": 2013,
            "quarter": 2,
            "eps": 0.56,
            "eps_growth_year": -22.9,
            "eps_4q": 2.41,
            "eps_4q_growth_year": -5.28,
            "roe": 3.54,
            "roe_4q": 14.34,
            "gross_profit": 283907,
            "gross_margin": 60.84,
            "gross_margin_4q_avg": 60.17,
            "net_income": 50950,
            "revenue": 466644,
            "common_shares": 905919,
            "book_valuer_per_share": 14.75,
            "book_valuer_per_share_4q_avg": 16.55,
            "equity": 1347245,
            "current_ratio": 152.9,
            "debt_ratio": 31.34,
            "inventory_turnover_ratio": 0.78,
            "account_receivable_turnover_ratio": 2,
            "reinvestment_rate": 33.43,
            "research_to_sale_ratio": 0.09,
            "price_fair": 86.19,
            "eps_avg_yearly": 2.46,
            "eps_latest_yearly": 2.24,
            "eps_growth_yearly": 227.03
        },
        "20133": {
            "year_quarter": 20133,
            "year": 2013,
            "quarter": 3,
            "eps": 0.71,
            "eps_growth_year": -7.54,
            "eps_4q": 2.35,
            "eps_4q_growth_year": -1.46,
            "roe": 4.63,
            "roe_4q": 14.49,
            "gross_profit": 321867,
            "gross_margin": 60.52,
            "gross_margin_4q_avg": 60.23,
            "net_income": 64045,
            "revenue": 531802,
            "common_shares": 905919,
            "book_valuer_per_share": 15.52,
            "book_valuer_per_share_4q_avg": 16.09,
            "equity": 1417213,
            "current_ratio": 190.67,
            "debt_ratio": 24.48,
            "inventory_turnover_ratio": 0.87,
            "account_receivable_turnover_ratio": 2.4,
            "reinvestment_rate": 34.82,
            "research_to_sale_ratio": 0.07,
            "price_fair": 85.75,
            "eps_avg_yearly": 2.45,
            "eps_latest_yearly": 2.84,
            "eps_growth_yearly": 185.65
        },
        "20134": {
            "year_quarter": 20134,
            "year": 2013,
            "quarter": 4,
            "eps": 0.53,
            "eps_growth_year": 60.86,
            "eps_4q": 2.55,
            "eps_4q_growth_year": -0.19,
            "roe": 3.24,
            "roe_4q": 15.82,
            "gross_profit": 323117,
            "gross_margin": 59.28,
            "gross_margin_4q_avg": 60.42,
            "net_income": 46910,
            "revenue": 545057,
            "common_shares": 905919,
            "book_valuer_per_share": 16.13,
            "book_valuer_per_share_4q_avg": 15.78,
            "equity": 1474923,
            "current_ratio": 180.12,
            "debt_ratio": 27.59,
            "inventory_turnover_ratio": 0.88,
            "account_receivable_turnover_ratio": 2.26,
            "reinvestment_rate": 33.2,
            "research_to_sale_ratio": 0.09,
            "price_fair": 87.68,
            "eps_avg_yearly": 2.51,
            "eps_latest_yearly": 2.12,
            "eps_growth_yearly": 194.11
        },
        "20141": {
            "year_quarter": 20141,
            "year": 2014,
            "quarter": 1,
            "eps": 0.92,
            "eps_growth_year": 21.05,
            "eps_4q": 2.71,
            "eps_4q_growth_year": 5.08,
            "roe": 5.65,
            "roe_4q": 17.06,
            "gross_profit": 341763,
            "gross_margin": 61.39,
            "gross_margin_4q_avg": 60.51,
            "net_income": 84577,
            "revenue": 556674,
            "common_shares": 905919,
            "book_valuer_per_share": 16.73,
            "book_valuer_per_share_4q_avg": 15.78,
            "equity": 1520819,
            "current_ratio": 242.29,
            "debt_ratio": 22.04,
            "inventory_turnover_ratio": 0.86,
            "account_receivable_turnover_ratio": 2.31,
            "reinvestment_rate": 35.84,
            "research_to_sale_ratio": 0.08,
            "price_fair": 87.33,
            "eps_avg_yearly": 2.5,
            "eps_latest_yearly": 3.68,
            "eps_growth_yearly": 160.09
        },
        "20142": {
            "year_quarter": 20142,
            "year": 2014,
            "quarter": 2,
            "eps": 0.54,
            "eps_growth_year": -3.57,
            "eps_4q": 2.7,
            "eps_4q_growth_year": 11.69,
            "roe": 3.47,
            "roe_4q": 16.990000000000002,
            "gross_profit": 303058,
            "gross_margin": 58.97,
            "gross_margin_4q_avg": 60.04,
            "net_income": 49700,
            "revenue": 513884,
            "common_shares": 905919,
            "book_valuer_per_share": 14.72,
            "book_valuer_per_share_4q_avg": 15.78,
            "equity": 1343394,
            "current_ratio": 150.27,
            "debt_ratio": 33.56,
            "inventory_turnover_ratio": 0.85,
            "account_receivable_turnover_ratio": 2.25,
            "reinvestment_rate": 32.84,
            "research_to_sale_ratio": 0.09,
            "price_fair": 88.46,
            "eps_avg_yearly": 2.53,
            "eps_latest_yearly": 2.16,
            "eps_growth_yearly": 164.09
        },
        "20143": {
            "year_quarter": 20143,
            "year": 2014,
            "quarter": 3,
            "eps": 0.55,
            "eps_growth_year": -22.54,
            "eps_4q": 2.55,
            "eps_4q_growth_year": 8.37,
            "roe": 3.67,
            "roe_4q": 16.03,
            "gross_profit": 319693,
            "gross_margin": 59.77,
            "gross_margin_4q_avg": 59.85,
            "net_income": 50244,
            "revenue": 534906,
            "common_shares": 905919,
            "book_valuer_per_share": 15.21,
            "book_valuer_per_share_4q_avg": 15.7,
            "equity": 1392734,
            "current_ratio": 180.09,
            "debt_ratio": 27.98,
            "inventory_turnover_ratio": 0.79,
            "account_receivable_turnover_ratio": 2.37,
            "reinvestment_rate": 32.36,
            "research_to_sale_ratio": 0.09,
            "price_fair": 87.15,
            "eps_avg_yearly": 2.49,
            "eps_latest_yearly": 2.2,
            "eps_growth_yearly": 146.87
        },
        "20144": {
            "year_quarter": 20144,
            "year": 2014,
            "quarter": 4,
            "eps": 0.53,
            "eps_growth_year": -1.35,
            "eps_4q": 2.54,
            "eps_4q_growth_year": -0.55,
            "roe": 3.33,
            "roe_4q": 16.12,
            "gross_profit": 316842,
            "gross_margin": 58.28,
            "gross_margin_4q_avg": 59.6,
            "net_income": 47325,
            "revenue": 543616,
            "common_shares": 905919,
            "book_valuer_per_share": 15.86,
            "book_valuer_per_share_4q_avg": 15.63,
            "equity": 1452216,
            "current_ratio": 189.8,
            "debt_ratio": 26.81,
            "inventory_turnover_ratio": 0.78,
            "account_receivable_turnover_ratio": 2.26,
            "reinvestment_rate": 16.77,
            "research_to_sale_ratio": 0.08,
            "price_fair": 89.69,
            "eps_avg_yearly": 2.56,
            "eps_latest_yearly": 2.12,
            "eps_growth_yearly": 162.38
        },
        "20151": {
            "year_quarter": 20151,
            "year": 2015,
            "quarter": 1,
            "eps": 0.66,
            "eps_growth_year": -28.26,
            "eps_4q": 2.28,
            "eps_4q_growth_year": -15.79,
            "roe": 4.06,
            "roe_4q": 14.53,
            "gross_profit": 335511,
            "gross_margin": 59.29,
            "gross_margin_4q_avg": 59.08,
            "net_income": 60119,
            "revenue": 565923,
            "common_shares": 905919,
            "book_valuer_per_share": 16.48,
            "book_valuer_per_share_4q_avg": 15.57,
            "equity": 1507809,
            "current_ratio": 233.82,
            "debt_ratio": 22.62,
            "inventory_turnover_ratio": 0.81,
            "account_receivable_turnover_ratio": 2.21,
            "reinvestment_rate": 20.49,
            "research_to_sale_ratio": 0.1,
            "price_fair": 87.68,
            "eps_avg_yearly": 2.51,
            "eps_latest_yearly": 2.64,
            "eps_growth_yearly": 100.81
        },
        "20152": {
            "year_quarter": 20152,
            "year": 2015,
            "quarter": 2,
            "eps": 0.37,
            "eps_growth_year": -31.48,
            "eps_4q": 2.11,
            "eps_4q_growth_year": -21.72,
            "roe": 2.3,
            "roe_4q": 13.36,
            "gross_profit": 287221,
            "gross_margin": 57.68,
            "gross_margin_4q_avg": 58.76,
            "net_income": 33018,
            "revenue": 497936,
            "common_shares": 905919,
            "book_valuer_per_share": 14.89,
            "book_valuer_per_share_4q_avg": 15.61,
            "equity": 1362136,
            "current_ratio": 147.97,
            "debt_ratio": 31.73,
            "inventory_turnover_ratio": 0.78,
            "account_receivable_turnover_ratio": 2.12,
            "reinvestment_rate": 3.06,
            "research_to_sale_ratio": 0.18,
            "price_fair": 85.58,
            "eps_avg_yearly": 2.45,
            "eps_latest_yearly": 1.48,
            "eps_growth_yearly": 97.69
        },
        "20153": {
            "year_quarter": 20153,
            "year": 2015,
            "quarter": 3,
            "eps": 0.48,
            "eps_growth_year": -12.73,
            "eps_4q": 2.04,
            "eps_4q_growth_year": -20,
            "roe": 3.2,
            "roe_4q": 12.889999999999999,
            "gross_profit": 300209,
            "gross_margin": 56.95,
            "gross_margin_4q_avg": 58.05,
            "net_income": 43827,
            "revenue": 527159,
            "common_shares": 905919,
            "book_valuer_per_share": 15.21,
            "book_valuer_per_share_4q_avg": 15.61,
            "equity": 1381170,
            "current_ratio": 163.03,
            "debt_ratio": 28.34,
            "inventory_turnover_ratio": 0.8,
            "account_receivable_turnover_ratio": 2.35,
            "reinvestment_rate": 5.97,
            "research_to_sale_ratio": 0.15,
            "price_fair": 81.64,
            "eps_avg_yearly": 2.33,
            "eps_latest_yearly": 1.92,
            "eps_growth_yearly": 92.01
        },
        "20154": {
            "year_quarter": 20154,
            "year": 2015,
            "quarter": 4,
            "eps": 0.8,
            "eps_growth_year": 52.22,
            "eps_4q": 2.31,
            "eps_4q_growth_year": -8.97,
            "roe": 5.1,
            "roe_4q": 14.66,
            "gross_profit": 299665,
            "gross_margin": 55.33,
            "gross_margin_4q_avg": 57.31,
            "net_income": 72313,
            "revenue": 541566,
            "common_shares": 905919,
            "book_valuer_per_share": 16.01,
            "book_valuer_per_share_4q_avg": 15.65,
            "equity": 1453716,
            "current_ratio": 183.28,
            "debt_ratio": 26.87,
            "inventory_turnover_ratio": 0.82,
            "account_receivable_turnover_ratio": 2.37,
            "reinvestment_rate": -14.57,
            "research_to_sale_ratio": 0.18,
            "price_fair": 87.24,
            "eps_avg_yearly": 2.49,
            "eps_latest_yearly": 3.2,
            "eps_growth_yearly": 129.37
        },
        "20161": {
            "year_quarter": 20161,
            "year": 2016,
            "quarter": 1,
            "eps": 0.55,
            "eps_growth_year": -16.67,
            "eps_4q": 2.2,
            "eps_4q_growth_year": -3.65,
            "roe": 3.46,
            "roe_4q": 14.059999999999999,
            "gross_profit": 319439,
            "gross_margin": 57.22,
            "gross_margin_4q_avg": 56.8,
            "net_income": 50633,
            "revenue": 558307,
            "common_shares": 905919,
            "book_valuer_per_share": 16.26,
            "book_valuer_per_share_4q_avg": 15.59,
            "equity": 1477049,
            "current_ratio": 220.12,
            "debt_ratio": 23.53,
            "inventory_turnover_ratio": 0.85,
            "account_receivable_turnover_ratio": 2.44,
            "reinvestment_rate": -44.44,
            "research_to_sale_ratio": 0.2,
            "price_fair": 85.66,
            "eps_avg_yearly": 2.45,
            "eps_latest_yearly": 2.2,
            "eps_growth_yearly": 32.5
        },
        "20162": {
            "year_quarter": 20162,
            "year": 2016,
            "quarter": 2,
            "eps": 0.47,
            "eps_growth_year": 27.03,
            "eps_4q": 2.3,
            "eps_4q_growth_year": 8.92,
            "roe": 3.03,
            "roe_4q": 14.79,
            "gross_profit": 291706,
            "gross_margin": 56.51,
            "gross_margin_4q_avg": 56.5,
            "net_income": 42716,
            "revenue": 516231,
            "common_shares": 905919,
            "book_valuer_per_share": 14.73,
            "book_valuer_per_share_4q_avg": 15.55,
            "equity": 1338120,
            "current_ratio": 157.22,
            "debt_ratio": 30.67,
            "inventory_turnover_ratio": 0.84,
            "account_receivable_turnover_ratio": 2.3,
            "reinvestment_rate": -49.08,
            "research_to_sale_ratio": 0.2,
            "price_fair": 83.39,
            "eps_avg_yearly": 2.38,
            "eps_latest_yearly": 1.88,
            "eps_growth_yearly": 28.86
        },
        "20163": {
            "year_quarter": 20163,
            "year": 2016,
            "quarter": 3,
            "eps": 0.34,
            "eps_growth_year": -29.17,
            "eps_4q": 2.16,
            "eps_4q_growth_year": 6.28,
            "roe": 2.31,
            "roe_4q": 13.9,
            "gross_profit": 290855,
            "gross_margin": 56.18,
            "gross_margin_4q_avg": 56.31,
            "net_income": 31039,
            "revenue": 517748,
            "common_shares": 905919,
            "book_valuer_per_share": 14.83,
            "book_valuer_per_share_4q_avg": 15.46,
            "equity": 1347229,
            "current_ratio": 177.42,
            "debt_ratio": 27.89,
            "inventory_turnover_ratio": 0.85,
            "account_receivable_turnover_ratio": 2.44,
            "reinvestment_rate": -51.23,
            "research_to_sale_ratio": 0.2,
            "price_fair": 69.56,
            "eps_avg_yearly": 2.28,
            "eps_latest_yearly": 1.36,
            "eps_growth_yearly": 20.58
        },
        "20164": {
            "year_quarter": 20164,
            "year": 2016,
            "quarter": 4,
            "eps": 0.5,
            "eps_growth_year": -37.34,
            "eps_4q": 1.87,
            "eps_4q_growth_year": -19.27,
            "roe": 3.28,
            "roe_4q": 12.079999999999998,
            "gross_profit": 303582,
            "gross_margin": 55.96,
            "gross_margin_4q_avg": 56.47,
            "net_income": 45472,
            "revenue": 542492,
            "common_shares": 905919,
            "book_valuer_per_share": 15.68,
            "book_valuer_per_share_4q_avg": 15.38,
            "equity": 1424395,
            "current_ratio": 176.02,
            "debt_ratio": 28.5,
            "inventory_turnover_ratio": 0.84,
            "account_receivable_turnover_ratio": 2.4,
            "reinvestment_rate": -37.11,
            "research_to_sale_ratio": 0.19,
            "price_fair": 81.11,
            "eps_avg_yearly": 2.32,
            "eps_latest_yearly": 2,
            "eps_growth_yearly": 46.63
        },
        "20171": {
            "year_quarter": 20171,
            "year": 2017,
            "quarter": 1,
            "eps": 0.5,
            "eps_growth_year": -9.09,
            "eps_4q": 1.81,
            "eps_4q_growth_year": -17.74,
            "roe": 3.18,
            "roe_4q": 11.799999999999999,
            "gross_profit": 316091,
            "gross_margin": 57.83,
            "gross_margin_4q_avg": 56.62,
            "net_income": 45328,
            "revenue": 546587,
            "common_shares": 905919,
            "book_valuer_per_share": 15.71,
            "book_valuer_per_share_4q_avg": 15.24,
            "equity": 1427011,
            "current_ratio": 211.33,
            "debt_ratio": 24.51,
            "inventory_turnover_ratio": 0.82,
            "account_receivable_turnover_ratio": 2.37,
            "reinvestment_rate": -8.59,
            "research_to_sale_ratio": 0.2,
            "price_fair": 54.17,
            "eps_avg_yearly": 2.25,
            "eps_latest_yearly": 2,
            "eps_growth_yearly": 14.05
        },
        "20172": {
            "year_quarter": 20172,
            "year": 2017,
            "quarter": 2,
            "eps": 0.44,
            "eps_growth_year": -6.38,
            "eps_4q": 1.79,
            "eps_4q_growth_year": -22.34,
            "roe": 2.89,
            "roe_4q": 11.66,
            "gross_profit": 289900,
            "gross_margin": 56.66,
            "gross_margin_4q_avg": 56.66,
            "net_income": 40062,
            "revenue": 511691,
            "common_shares": 905919,
            "book_valuer_per_share": 14.8,
            "book_valuer_per_share_4q_avg": 15.26,
            "equity": 1343649,
            "current_ratio": 167.56,
            "debt_ratio": 28.97,
            "inventory_turnover_ratio": 0.86,
            "account_receivable_turnover_ratio": 2.44,
            "reinvestment_rate": -3.86,
            "research_to_sale_ratio": 0.2,
            "price_fair": 61.41,
            "eps_avg_yearly": 2.22,
            "eps_latest_yearly": 1.76,
            "eps_growth_yearly": 17.63
        },
        "20173": {
            "year_quarter": 20173,
            "year": 2017,
            "quarter": 3,
            "eps": 0.54,
            "eps_growth_year": 58.82,
            "eps_4q": 1.99,
            "eps_4q_growth_year": -8.26,
            "roe": 3.59,
            "roe_4q": 12.94,
            "gross_profit": 306138,
            "gross_margin": 57.07,
            "gross_margin_4q_avg": 56.88,
            "net_income": 49150,
            "revenue": 536384,
            "common_shares": 905919,
            "book_valuer_per_share": 15.37,
            "book_valuer_per_share_4q_avg": 15.39,
            "equity": 1395794,
            "current_ratio": 182.77,
            "debt_ratio": 27.95,
            "inventory_turnover_ratio": 0.89,
            "account_receivable_turnover_ratio": 2.59,
            "reinvestment_rate": -5.06,
            "research_to_sale_ratio": 0.22,
            "price_fair": 58.02,
            "eps_avg_yearly": 2.18,
            "eps_latest_yearly": 2.16,
            "eps_growth_yearly": 16.62
        },
        "20174": {
            "year_quarter": 20174,
            "year": 2017,
            "quarter": 4,
            "eps": 0.45,
            "eps_growth_year": -9.48,
            "eps_4q": 1.94,
            "eps_4q_growth_year": 3.88,
            "roe": 2.82,
            "roe_4q": 12.48,
            "gross_profit": 300251,
            "gross_margin": 56.05,
            "gross_margin_4q_avg": 56.9,
            "net_income": 40832,
            "revenue": 535689,
            "common_shares": 905919,
            "book_valuer_per_share": 16.54,
            "book_valuer_per_share_4q_avg": 15.61,
            "equity": 1501952,
            "current_ratio": 188.04,
            "debt_ratio": 27.54,
            "inventory_turnover_ratio": 0.84,
            "account_receivable_turnover_ratio": 2.39,
            "reinvestment_rate": -3.99,
            "research_to_sale_ratio": 0.2,
            "price_fair": 62.18,
            "eps_avg_yearly": 2.16,
            "eps_latest_yearly": 1.8,
            "eps_growth_yearly": 18.79
        },
        "20181": {
            "year_quarter": 20181,
            "year": 2018,
            "quarter": 1,
            "eps": 0.43,
            "eps_growth_year": -14,
            "eps_4q": 1.87,
            "eps_4q_growth_year": 3.04,
            "roe": 2.54,
            "roe_4q": 11.84,
            "gross_profit": 321597,
            "gross_margin": 58.11,
            "gross_margin_4q_avg": 56.97,
            "net_income": 38592,
            "revenue": 553440,
            "common_shares": 905919,
            "book_valuer_per_share": 16.9,
            "book_valuer_per_share_4q_avg": 15.9,
            "equity": 1533901,
            "current_ratio": 210.13,
            "debt_ratio": 25.34,
            "inventory_turnover_ratio": 0.83,
            "account_receivable_turnover_ratio": 2.38,
            "reinvestment_rate": -35.21,
            "research_to_sale_ratio": 0.22,
            "price_fair": 6.11,
            "eps_avg_yearly": 2.04,
            "eps_latest_yearly": 1.72,
            "eps_growth_yearly": -0.72
        },
        "20182": {
            "year_quarter": 20182,
            "year": 2018,
            "quarter": 2,
            "eps": 0.61,
            "eps_growth_year": 38.64,
            "eps_4q": 2.03,
            "eps_4q_growth_year": 13.92,
            "roe": 3.7,
            "roe_4q": 12.65,
            "gross_profit": 307699,
            "gross_margin": 57.7,
            "gross_margin_4q_avg": 57.23,
            "net_income": 55698,
            "revenue": 533317,
            "common_shares": 905919,
            "book_valuer_per_share": 16.28,
            "book_valuer_per_share_4q_avg": 16.27,
            "equity": 1477884,
            "current_ratio": 157.85,
            "debt_ratio": 29.94,
            "inventory_turnover_ratio": 0.84,
            "account_receivable_turnover_ratio": 2.37,
            "reinvestment_rate": -30.92,
            "research_to_sale_ratio": 0.21,
            "price_fair": 61.79,
            "eps_avg_yearly": 2.06,
            "eps_latest_yearly": 2.44,
            "eps_growth_yearly": 20.07
        },
        "20183": {
            "year_quarter": 20183,
            "year": 2018,
            "quarter": 3,
            "eps": 0.52,
            "eps_growth_year": -3.7,
            "eps_4q": 2.02,
            "eps_4q_growth_year": 1.64,
            "roe": 3.13,
            "roe_4q": 12.190000000000001,
            "gross_profit": 318159,
            "gross_margin": 56.54,
            "gross_margin_4q_avg": 57.1,
            "net_income": 47462,
            "revenue": 562702,
            "common_shares": 905919,
            "book_valuer_per_share": 17.11,
            "book_valuer_per_share_4q_avg": 16.71,
            "equity": 1552772,
            "current_ratio": 179.93,
            "debt_ratio": 25.96,
            "inventory_turnover_ratio": 0.86,
            "account_receivable_turnover_ratio": 2.29,
            "reinvestment_rate": -29.56,
            "research_to_sale_ratio": 0.2,
            "price_fair": 53.07,
            "eps_avg_yearly": 2.05,
            "eps_latest_yearly": 2.08,
            "eps_growth_yearly": 15.92
        },
        "20184": {
            "year_quarter": 20184,
            "year": 2018,
            "quarter": 4,
            "eps": 0.36,
            "eps_growth_year": -19.86,
            "eps_4q": 1.93,
            "eps_4q_growth_year": -0.52,
            "roe": 2.09,
            "roe_4q": 11.46,
            "gross_profit": 308684,
            "gross_margin": 56.78,
            "gross_margin_4q_avg": 57.28,
            "net_income": 32947,
            "revenue": 543659,
            "common_shares": 905919,
            "book_valuer_per_share": 17.71,
            "book_valuer_per_share_4q_avg": 17,
            "equity": 1607108,
            "current_ratio": 184.43,
            "debt_ratio": 25.93,
            "inventory_turnover_ratio": 0.79,
            "account_receivable_turnover_ratio": 2.06,
            "reinvestment_rate": -30.4,
            "research_to_sale_ratio": 0.22,
            "price_fair": 38.37,
            "eps_avg_yearly": 2.01,
            "eps_latest_yearly": 1.44,
            "eps_growth_yearly": 9.14
        },
        "20191": {
            "year_quarter": 20191,
            "year": 2019,
            "quarter": 1,
            "eps": 0.49,
            "eps_growth_year": 13.95,
            "eps_4q": 1.99,
            "eps_4q_growth_year": 6.5,
            "roe": 2.73,
            "roe_4q": 11.65,
            "gross_profit": 331040,
            "gross_margin": 58.84,
            "gross_margin_4q_avg": 57.47,
            "net_income": 44237,
            "revenue": 562634,
            "common_shares": 905919,
            "book_valuer_per_share": 17.96,
            "book_valuer_per_share_4q_avg": 17.27,
            "equity": 1630608,
            "current_ratio": 174.49,
            "debt_ratio": 34.38,
            "inventory_turnover_ratio": 0.81,
            "account_receivable_turnover_ratio": 2.19,
            "reinvestment_rate": -30.66,
            "research_to_sale_ratio": 0.2,
            "price_fair": 43.24,
            "eps_avg_yearly": 1.96,
            "eps_latest_yearly": 1.96,
            "eps_growth_yearly": 12.03
        },
        "20192": {
            "year_quarter": 20192,
            "year": 2019,
            "quarter": 2,
            "eps": 0.46,
            "eps_growth_year": -24.59,
            "eps_4q": 1.83,
            "eps_4q_growth_year": -9.87,
            "roe": 2.66,
            "roe_4q": 10.61,
            "gross_profit": 307331,
            "gross_margin": 57.22,
            "gross_margin_4q_avg": 57.35,
            "net_income": 41608,
            "revenue": 537070,
            "common_shares": 905919,
            "book_valuer_per_share": 16.45,
            "book_valuer_per_share_4q_avg": 17.31,
            "equity": 1493380,
            "current_ratio": 132.58,
            "debt_ratio": 39.63,
            "inventory_turnover_ratio": 0.84,
            "account_receivable_turnover_ratio": 2.23,
            "reinvestment_rate": -34.36,
            "research_to_sale_ratio": 0.25,
            "price_fair": 62.5,
            "eps_avg_yearly": 1.99,
            "eps_latest_yearly": 1.84,
            "eps_growth_yearly": 21.49
        },
        "20193": {
            "year_quarter": 20193,
            "year": 2019,
            "quarter": 3,
            "eps": 0.43,
            "eps_growth_year": -17.31,
            "eps_4q": 1.74,
            "eps_4q_growth_year": -13.78,
            "roe": 2.55,
            "roe_4q": 10.03,
            "gross_profit": 329415,
            "gross_margin": 57.71,
            "gross_margin_4q_avg": 57.64,
            "net_income": 38993,
            "revenue": 570838,
            "common_shares": 905919,
            "book_valuer_per_share": 17.24,
            "book_valuer_per_share_4q_avg": 17.34,
            "equity": 1565158,
            "current_ratio": 143.14,
            "debt_ratio": 35.66,
            "inventory_turnover_ratio": 0.86,
            "account_receivable_turnover_ratio": 2.43,
            "reinvestment_rate": -36.62,
            "research_to_sale_ratio": 0.22,
            "price_fair": 44.23,
            "eps_avg_yearly": 1.97,
            "eps_latest_yearly": 1.72,
            "eps_growth_yearly": 12.42
        },
        "20194": {
            "year_quarter": 20194,
            "year": 2019,
            "quarter": 4,
            "eps": 0.35,
            "eps_growth_year": -2.76,
            "eps_4q": 1.73,
            "eps_4q_growth_year": -10.27,
            "roe": 2.02,
            "roe_4q": 9.96,
            "gross_profit": 333215,
            "gross_margin": 57.75,
            "gross_margin_4q_avg": 57.88,
            "net_income": 32058,
            "revenue": 577043,
            "common_shares": 905919,
            "book_valuer_per_share": 17.81,
            "book_valuer_per_share_4q_avg": 17.37,
            "equity": 1616797,
            "current_ratio": 147.38,
            "debt_ratio": 35.07,
            "inventory_turnover_ratio": 0.83,
            "account_receivable_turnover_ratio": 2.33,
            "reinvestment_rate": -36.13,
            "research_to_sale_ratio": 0.2,
            "price_fair": 5.58,
            "eps_avg_yearly": 1.86,
            "eps_latest_yearly": 1.4,
            "eps_growth_yearly": -8.9
        },
        "20201": {
            "year_quarter": 20201,
            "year": 2020,
            "quarter": 1,
            "eps": 0.08,
            "eps_growth_year": -83.67,
            "eps_4q": 1.32,
            "eps_4q_growth_year": -33.47,
            "roe": 0.45,
            "roe_4q": 7.68,
            "gross_profit": 275547,
            "gross_margin": 56.92,
            "gross_margin_4q_avg": 57.4,
            "net_income": 7278,
            "revenue": 484087,
            "common_shares": 905919,
            "book_valuer_per_share": 17.45,
            "book_valuer_per_share_4q_avg": 17.24,
            "equity": 1584058,
            "current_ratio": 156.38,
            "debt_ratio": 33.07,
            "inventory_turnover_ratio": 0.74,
            "account_receivable_turnover_ratio": 2.3,
            "reinvestment_rate": -36.96,
            "research_to_sale_ratio": 0.24,
            "price_fair": 5.23,
            "eps_avg_yearly": 1.74,
            "eps_latest_yearly": 0.32,
            "eps_growth_yearly": -20.37
        },
        "20202": {
            "year_quarter": 20202,
            "year": 2020,
            "quarter": 2,
            "eps": 0.06,
            "eps_growth_year": -86.96,
            "eps_4q": 0.92,
            "eps_4q_growth_year": -49.75,
            "roe": 0.35,
            "roe_4q": 5.37,
            "gross_profit": 231844,
            "gross_margin": 56.3,
            "gross_margin_4q_avg": 57.17,
            "net_income": 5330,
            "revenue": 411829,
            "common_shares": 905919,
            "book_valuer_per_share": 15.82,
            "book_valuer_per_share_4q_avg": 17.08,
            "equity": 1435888,
            "current_ratio": 120.36,
            "debt_ratio": 39.09,
            "inventory_turnover_ratio": 0.68,
            "account_receivable_turnover_ratio": 2.38,
            "reinvestment_rate": -39.48,
            "research_to_sale_ratio": 0.32,
            "price_fair": 4.92,
            "eps_avg_yearly": 1.64,
            "eps_latest_yearly": 0.24,
            "eps_growth_yearly": -22.98
        },
        "20203": {
            "year_quarter": 20203,
            "year": 2020,
            "quarter": 3,
            "eps": 0.27,
            "eps_growth_year": -37.21,
            "eps_4q": 0.76,
            "eps_4q_growth_year": -56.36,
            "roe": 1.69,
            "roe_4q": 4.51,
            "gross_profit": 295681,
            "gross_margin": 58.52,
            "gross_margin_4q_avg": 57.37,
            "net_income": 24353,
            "revenue": 505297,
            "common_shares": 905919,
            "book_valuer_per_share": 15.95,
            "book_valuer_per_share_4q_avg": 16.76,
            "equity": 1448212,
            "current_ratio": 126.61,
            "debt_ratio": 39.98,
            "inventory_turnover_ratio": 0.82,
            "account_receivable_turnover_ratio": 2.75,
            "reinvestment_rate": -35.32,
            "research_to_sale_ratio": 0.23,
            "price_fair": 56.79,
            "eps_avg_yearly": 1.62,
            "eps_latest_yearly": 1.08,
            "eps_growth_yearly": 71.43
        },
        "20204": {
            "year_quarter": 20204,
            "year": 2020,
            "quarter": 4,
            "eps": 0.22,
            "eps_growth_year": -36.52,
            "eps_4q": 0.63,
            "eps_4q_growth_year": -63.57,
            "roe": 1.38,
            "roe_4q": 3.87,
            "gross_profit": 292255,
            "gross_margin": 57.87,
            "gross_margin_4q_avg": 57.4,
            "net_income": 20422,
            "revenue": 504981,
            "common_shares": 905919,
            "book_valuer_per_share": 16.57,
            "book_valuer_per_share_4q_avg": 16.45,
            "equity": 1504274,
            "current_ratio": 132.11,
            "debt_ratio": 38.19,
            "inventory_turnover_ratio": 0.83,
            "account_receivable_turnover_ratio": 2.58,
            "reinvestment_rate": -43.6,
            "research_to_sale_ratio": 0.26,
            "price_fair": 54.34,
            "eps_avg_yearly": 1.55,
            "eps_latest_yearly": 0.88,
            "eps_growth_yearly": 55.04
        },
        "20211": {
            "year_quarter": 20211,
            "year": 2021,
            "quarter": 1,
            "eps": 0.18,
            "eps_growth_year": 125,
            "eps_4q": 0.73,
            "eps_4q_growth_year": -44.69,
            "roe": 1.1,
            "roe_4q": 4.52,
            "gross_profit": 281578,
            "gross_margin": 58.83,
            "gross_margin_4q_avg": 57.88,
            "net_income": 16516,
            "revenue": 478616,
            "common_shares": 905919,
            "book_valuer_per_share": 16.45,
            "book_valuer_per_share_4q_avg": 16.2,
            "equity": 1493615,
            "current_ratio": 143.37,
            "debt_ratio": 34.96,
            "inventory_turnover_ratio": 0.81,
            "account_receivable_turnover_ratio": 2.49,
            "reinvestment_rate": -41.8,
            "research_to_sale_ratio": 0.31,
            "price_fair": 51.54,
            "eps_avg_yearly": 1.47,
            "eps_latest_yearly": 0.72,
            "eps_growth_yearly": 50.49
        },
        "20212": {
            "year_quarter": 20212,
            "year": 2021,
            "quarter": 2,
            "eps": -0.17,
            "eps_growth_year": -383.33,
            "eps_4q": 0.5,
            "eps_4q_growth_year": -45.23,
            "roe": -1.05,
            "roe_4q": 3.12,
            "gross_profit": 202103,
            "gross_margin": 53.68,
            "gross_margin_4q_avg": 57.23,
            "net_income": -15294,
            "revenue": 376516,
            "common_shares": 905919,
            "book_valuer_per_share": 15.7,
            "book_valuer_per_share_4q_avg": 16.17,
            "equity": 1424736,
            "current_ratio": 135.73,
            "debt_ratio": 36.86,
            "inventory_turnover_ratio": 0.73,
            "account_receivable_turnover_ratio": 2.29,
            "reinvestment_rate": -52.13,
            "research_to_sale_ratio": 0.38,
            "price_fair": 50.87,
            "eps_avg_yearly": 1.45,
            "eps_latest_yearly": 0.72,
            "eps_growth_yearly": 57.06
        },
        "20213": {
            "year_quarter": 20213,
            "year": 2021,
            "quarter": 3,
            "eps": 0.22,
            "eps_growth_year": -18.52,
            "eps_4q": 0.46,
            "eps_4q_growth_year": -39.88,
            "roe": 1.41,
            "roe_4q": 2.84,
            "gross_profit": 225566,
            "gross_margin": 52.77,
            "gross_margin_4q_avg": 55.79,
            "net_income": 19889,
            "revenue": 427473,
            "common_shares": 905919,
            "book_valuer_per_share": 15.45,
            "book_valuer_per_share_4q_avg": 16.04,
            "equity": 1402547,
            "current_ratio": 132.36,
            "debt_ratio": 36.36,
            "inventory_turnover_ratio": 0.8,
            "account_receivable_turnover_ratio": 2.57,
            "reinvestment_rate": -53.59,
            "research_to_sale_ratio": 0.33,
            "price_fair": 49.1,
            "eps_avg_yearly": 1.4,
            "eps_latest_yearly": 0.72,
            "eps_growth_yearly": 54.64
        },
        "20214": {
            "year_quarter": 20214,
            "year": 2021,
            "quarter": 4,
            "eps": 0.24,
            "eps_growth_year": 8.88,
            "eps_4q": 0.48,
            "eps_4q_growth_year": -24.41,
            "roe": 1.56,
            "roe_4q": 3.0199999999999996,
            "gross_profit": 281514,
            "gross_margin": 57.41,
            "gross_margin_4q_avg": 55.67,
            "net_income": 22318,
            "revenue": 490396,
            "common_shares": 905919,
            "book_valuer_per_share": 16.09,
            "book_valuer_per_share_4q_avg": 15.92,
            "equity": 1460261,
            "current_ratio": 134.06,
            "debt_ratio": 36.77,
            "inventory_turnover_ratio": 0.83,
            "account_receivable_turnover_ratio": 2.26,
            "reinvestment_rate": -72.43,
            "research_to_sale_ratio": 0.27,
            "price_fair": 47,
            "eps_avg_yearly": 1.34,
            "eps_latest_yearly": 0.96,
            "eps_growth_yearly": 62
        },
        "20221": {
            "year_quarter": 20221,
            "year": 2022,
            "quarter": 1,
            "eps": 0.19,
            "eps_growth_year": 5.56,
            "eps_4q": 0.49,
            "eps_4q_growth_year": -33.5,
            "roe": 1.18,
            "roe_4q": 3.1000000000000005,
            "gross_profit": 259943,
            "gross_margin": 57.56,
            "gross_margin_4q_avg": 55.36,
            "net_income": 17402,
            "revenue": 451608,
            "common_shares": 905919,
            "book_valuer_per_share": 16.49,
            "book_valuer_per_share_4q_avg": 15.93,
            "equity": 1496948,
            "current_ratio": 143.89,
            "debt_ratio": 34.3,
            "inventory_turnover_ratio": 0.78,
            "account_receivable_turnover_ratio": 2.05,
            "reinvestment_rate": -16.78,
            "research_to_sale_ratio": 0.32,
            "price_fair": 44.6,
            "eps_avg_yearly": 1.27,
            "eps_latest_yearly": 0.76,
            "eps_growth_yearly": 57.32
        },
        "20222": {
            "year_quarter": 20222,
            "year": 2022,
            "quarter": 2,
            "eps": 0.03,
            "eps_growth_year": null,
            "eps_4q": 0.69,
            "eps_4q_growth_year": 36.29,
            "roe": 0.22,
            "roe_4q": 4.37,
            "gross_profit": 214835,
            "gross_margin": 52.8,
            "gross_margin_4q_avg": 55.14,
            "net_income": 3143,
            "revenue": 406911,
            "common_shares": 905919,
            "book_valuer_per_share": 15.49,
            "book_valuer_per_share_4q_avg": 15.88,
            "equity": 1406528,
            "current_ratio": 125.35,
            "debt_ratio": 39.54,
            "inventory_turnover_ratio": 0.77,
            "account_receivable_turnover_ratio": 2.2,
            "reinvestment_rate": -19.91,
            "research_to_sale_ratio": 0.36,
            "price_fair": 34.7,
            "eps_avg_yearly": 1.11,
            "eps_latest_yearly": 0.12,
            "eps_growth_yearly": 21.3
        },
        "20223": {
            "year_quarter": 20223,
            "year": 2022,
            "quarter": 3,
            "eps": 0.08,
            "eps_growth_year": -63.64,
            "eps_4q": 0.55,
            "eps_4q_growth_year": 20.67,
            "roe": 0.53,
            "roe_4q": 3.49,
            "gross_profit": 254435,
            "gross_margin": 55.99,
            "gross_margin_4q_avg": 55.94,
            "net_income": 7549,
            "revenue": 454433,
            "common_shares": 905919,
            "book_valuer_per_share": 15.67,
            "book_valuer_per_share_4q_avg": 15.94,
            "equity": 1422638,
            "current_ratio": 126.94,
            "debt_ratio": 37.72,
            "inventory_turnover_ratio": 0.74,
            "account_receivable_turnover_ratio": 2.49,
            "reinvestment_rate": -21.65,
            "research_to_sale_ratio": 0.3,
            "price_fair": 34.4,
            "eps_avg_yearly": 0.98,
            "eps_latest_yearly": 0.32,
            "eps_growth_yearly": 73.13
        },
        "20224": {
            "year_quarter": 20224,
            "year": 2022,
            "quarter": 4,
            "eps": 0.26,
            "eps_growth_year": 6.17,
            "eps_4q": 0.57,
            "eps_4q_growth_year": 18.78,
            "roe": 1.61,
            "roe_4q": 3.54,
            "gross_profit": 298756,
            "gross_margin": 57.16,
            "gross_margin_4q_avg": 55.88,
            "net_income": 23498,
            "revenue": 522710,
            "common_shares": 905919,
            "book_valuer_per_share": 16.41,
            "book_valuer_per_share_4q_avg": 16.02,
            "equity": 1489549,
            "current_ratio": 129.47,
            "debt_ratio": 36.72,
            "inventory_turnover_ratio": 0.81,
            "account_receivable_turnover_ratio": 2.55,
            "reinvestment_rate": -11.39,
            "research_to_sale_ratio": 0.26,
            "price_fair": 33.4,
            "eps_avg_yearly": 0.95,
            "eps_latest_yearly": 1.04,
            "eps_growth_yearly": 146.21
        },
        "20231": {
            "year_quarter": 20231,
            "year": 2023,
            "quarter": 1,
            "eps": 0.35,
            "eps_growth_year": 84.21,
            "eps_4q": 0.72,
            "eps_4q_growth_year": 48.29,
            "roe": 2.18,
            "roe_4q": 4.54,
            "gross_profit": 301293,
            "gross_margin": 58.19,
            "gross_margin_4q_avg": 56.04,
            "net_income": 31447,
            "revenue": 517813,
            "common_shares": 905919,
            "book_valuer_per_share": 15.42,
            "book_valuer_per_share_4q_avg": 15.75,
            "equity": 1399891,
            "current_ratio": 123.46,
            "debt_ratio": 37.27,
            "inventory_turnover_ratio": 0.82,
            "account_receivable_turnover_ratio": 2.58,
            "reinvestment_rate": -14.06,
            "research_to_sale_ratio": 0.28,
            "price_fair": 32,
            "eps_avg_yearly": 0.91,
            "eps_latest_yearly": 1.4,
            "eps_growth_yearly": 145.78
        }
    },
    "months": {
        "2001-06": {
            "month": "2001-06",
            "price": "11.20",
            "revenue": 84401
        },
        "2001-07": {
            "month": "2001-07",
            "price": "10.81",
            "revenue": 83054
        },
        "2001-08": {
            "month": "2001-08",
            "price": "11.58",
            "revenue": 92980
        },
        "2001-09": {
            "month": "2001-09",
            "price": "12.30",
            "revenue": 120987
        },
        "2001-10": {
            "month": "2001-10",
            "price": "11.94",
            "revenue": 83110
        },
        "2001-11": {
            "month": "2001-11",
            "price": "11.89",
            "revenue": 100411
        },
        "2001-12": {
            "month": "2001-12",
            "price": "12.20",
            "revenue": 101853
        },
        "2002-01": {
            "month": "2002-01",
            "price": "12.02",
            "revenue": 123615
        },
        "2002-02": {
            "month": "2002-02",
            "price": "12.20",
            "revenue": 116723
        },
        "2002-03": {
            "month": "2002-03",
            "price": "12.43",
            "revenue": 93401
        },
        "2002-04": {
            "month": "2002-04",
            "price": "12.97",
            "revenue": 100099
        },
        "2002-05": {
            "month": "2002-05",
            "price": "13.85",
            "revenue": 94368
        },
        "2002-06": {
            "month": "2002-06",
            "price": "13.98",
            "revenue": 100633
        },
        "2002-07": {
            "month": "2002-07",
            "price": "14.22",
            "revenue": 95819
        },
        "2002-08": {
            "month": "2002-08",
            "price": "14.65",
            "revenue": 119005
        },
        "2002-09": {
            "month": "2002-09",
            "price": "14.32",
            "revenue": 125946
        },
        "2002-10": {
            "month": "2002-10",
            "price": "14.41",
            "revenue": 94945
        },
        "2002-11": {
            "month": "2002-11",
            "price": "15.55",
            "revenue": 112474
        },
        "2002-12": {
            "month": "2002-12",
            "price": "15.60",
            "revenue": 114703
        },
        "2003-01": {
            "month": "2003-01",
            "price": "15.78",
            "revenue": 158914
        },
        "2003-02": {
            "month": "2003-02",
            "price": "15.77",
            "revenue": 88277
        },
        "2003-03": {
            "month": "2003-03",
            "price": "15.63",
            "revenue": 99879
        },
        "2003-04": {
            "month": "2003-04",
            "price": "15.53",
            "revenue": 114141
        },
        "2003-05": {
            "month": "2003-05",
            "price": "15.73",
            "revenue": 96118
        },
        "2003-06": {
            "month": "2003-06",
            "price": "17.01",
            "revenue": 87196
        },
        "2003-07": {
            "month": "2003-07",
            "price": "16.39",
            "revenue": 104744
        },
        "2003-08": {
            "month": "2003-08",
            "price": "16.94",
            "revenue": 137936
        },
        "2003-09": {
            "month": "2003-09",
            "price": "16.56",
            "revenue": 133756
        },
        "2003-10": {
            "month": "2003-10",
            "price": "16.69",
            "revenue": 113535
        },
        "2003-11": {
            "month": "2003-11",
            "price": "17.04",
            "revenue": 126606
        },
        "2003-12": {
            "month": "2003-12",
            "price": "17.22",
            "revenue": 132830
        },
        "2004-01": {
            "month": "2004-01",
            "price": "18.06",
            "revenue": 167788
        },
        "2004-02": {
            "month": "2004-02",
            "price": "19.74",
            "revenue": 113069
        },
        "2004-03": {
            "month": "2004-03",
            "price": "21.09",
            "revenue": 115732
        },
        "2004-04": {
            "month": "2004-04",
            "price": "21.07",
            "revenue": 140452
        },
        "2004-05": {
            "month": "2004-05",
            "price": "21.18",
            "revenue": 114017
        },
        "2004-06": {
            "month": "2004-06",
            "price": "20.70",
            "revenue": 122882
        },
        "2004-07": {
            "month": "2004-07",
            "price": "18.72",
            "revenue": 132477
        },
        "2004-08": {
            "month": "2004-08",
            "price": "19.80",
            "revenue": 131151
        },
        "2004-09": {
            "month": "2004-09",
            "price": "20.70",
            "revenue": 173862
        },
        "2004-10": {
            "month": "2004-10",
            "price": "21.60",
            "revenue": 102674
        },
        "2004-11": {
            "month": "2004-11",
            "price": "21.23",
            "revenue": 117556
        },
        "2004-12": {
            "month": "2004-12",
            "price": "21.79",
            "revenue": 133071
        },
        "2005-01": {
            "month": "2005-01",
            "price": "21.92",
            "revenue": 173483
        },
        "2005-02": {
            "month": "2005-02",
            "price": "22.03",
            "revenue": 123990
        },
        "2005-03": {
            "month": "2005-03",
            "price": "22.37",
            "revenue": 117036
        },
        "2005-04": {
            "month": "2005-04",
            "price": "22.96",
            "revenue": 129184
        },
        "2005-05": {
            "month": "2005-05",
            "price": "23.92",
            "revenue": 121633
        },
        "2005-06": {
            "month": "2005-06",
            "price": "24.21",
            "revenue": 114684
        },
        "2005-07": {
            "month": "2005-07",
            "price": "24.14",
            "revenue": 123164
        },
        "2005-08": {
            "month": "2005-08",
            "price": "23.66",
            "revenue": 132841
        },
        "2005-09": {
            "month": "2005-09",
            "price": "22.79",
            "revenue": 161728
        },
        "2005-10": {
            "month": "2005-10",
            "price": "22.31",
            "revenue": 112560
        },
        "2005-11": {
            "month": "2005-11",
            "price": "22.87",
            "revenue": 123558
        },
        "2005-12": {
            "month": "2005-12",
            "price": "23.65",
            "revenue": 144592
        },
        "2006-01": {
            "month": "2006-01",
            "price": "23.76",
            "revenue": 202266
        },
        "2006-02": {
            "month": "2006-02",
            "price": "24.00",
            "revenue": 115199
        },
        "2006-03": {
            "month": "2006-03",
            "price": "24.60",
            "revenue": 124507
        },
        "2006-04": {
            "month": "2006-04",
            "price": "24.92",
            "revenue": 137897
        },
        "2006-05": {
            "month": "2006-05",
            "price": "30.89",
            "revenue": 138783
        },
        "2006-06": {
            "month": "2006-06",
            "price": "29.90",
            "revenue": 136594
        },
        "2006-07": {
            "month": "2006-07",
            "price": "29.70",
            "revenue": 132113
        },
        "2006-08": {
            "month": "2006-08",
            "price": "28.81",
            "revenue": 144735
        },
        "2006-09": {
            "month": "2006-09",
            "price": "28.68",
            "revenue": 163768
        },
        "2006-10": {
            "month": "2006-10",
            "price": "29.04",
            "revenue": 135197
        },
        "2006-11": {
            "month": "2006-11",
            "price": "28.54",
            "revenue": 133213
        },
        "2006-12": {
            "month": "2006-12",
            "price": "28.54",
            "revenue": 144480
        },
        "2007-01": {
            "month": "2007-01",
            "price": "28.39",
            "revenue": 169112
        },
        "2007-02": {
            "month": "2007-02",
            "price": "30.07",
            "revenue": 177077
        },
        "2007-03": {
            "month": "2007-03",
            "price": "30.58",
            "revenue": 131143
        },
        "2007-04": {
            "month": "2007-04",
            "price": "30.48",
            "revenue": 135411
        },
        "2007-05": {
            "month": "2007-05",
            "price": "29.73",
            "revenue": 145454
        },
        "2007-06": {
            "month": "2007-06",
            "price": "30.54",
            "revenue": 139632
        },
        "2007-07": {
            "month": "2007-07",
            "price": "32.15",
            "revenue": 151777
        },
        "2007-08": {
            "month": "2007-08",
            "price": "29.29",
            "revenue": 140849
        },
        "2007-09": {
            "month": "2007-09",
            "price": "29.23",
            "revenue": 171788
        },
        "2007-10": {
            "month": "2007-10",
            "price": "29.19",
            "revenue": 134895
        },
        "2007-11": {
            "month": "2007-11",
            "price": "28.39",
            "revenue": 141776
        },
        "2007-12": {
            "month": "2007-12",
            "price": "28.29",
            "revenue": 147876
        },
        "2008-01": {
            "month": "2008-01",
            "price": "28.55",
            "revenue": 192825
        },
        "2008-02": {
            "month": "2008-02",
            "price": "28.73",
            "revenue": 142326
        },
        "2008-03": {
            "month": "2008-03",
            "price": "30.05",
            "revenue": 131350
        },
        "2008-04": {
            "month": "2008-04",
            "price": "30.57",
            "revenue": 132545
        },
        "2008-05": {
            "month": "2008-05",
            "price": "30.81",
            "revenue": 148174
        },
        "2008-06": {
            "month": "2008-06",
            "price": "31.16",
            "revenue": 129161
        },
        "2008-07": {
            "month": "2008-07",
            "price": "28.63",
            "revenue": 156508
        },
        "2008-08": {
            "month": "2008-08",
            "price": "28.03",
            "revenue": 156760
        },
        "2008-09": {
            "month": "2008-09",
            "price": "27.82",
            "revenue": 147725
        },
        "2008-10": {
            "month": "2008-10",
            "price": "26.28",
            "revenue": 129483
        },
        "2008-11": {
            "month": "2008-11",
            "price": "25.59",
            "revenue": 141927
        },
        "2008-12": {
            "month": "2008-12",
            "price": "25.50",
            "revenue": 139483
        },
        "2009-01": {
            "month": "2009-01",
            "price": "25.53",
            "revenue": 211470
        },
        "2009-02": {
            "month": "2009-02",
            "price": "25.62",
            "revenue": 110933
        },
        "2009-03": {
            "month": "2009-03",
            "price": "25.96",
            "revenue": 126539
        },
        "2009-04": {
            "month": "2009-04",
            "price": "27.38",
            "revenue": 137596
        },
        "2009-05": {
            "month": "2009-05",
            "price": "29.48",
            "revenue": 149916
        },
        "2009-06": {
            "month": "2009-06",
            "price": "34.02",
            "revenue": 127232
        },
        "2009-07": {
            "month": "2009-07",
            "price": "34.03",
            "revenue": 144746
        },
        "2009-08": {
            "month": "2009-08",
            "price": "32.79",
            "revenue": 139432
        },
        "2009-09": {
            "month": "2009-09",
            "price": "32.52",
            "revenue": 190749
        },
        "2009-10": {
            "month": "2009-10",
            "price": "32.31",
            "revenue": 131287
        },
        "2009-11": {
            "month": "2009-11",
            "price": "33.55",
            "revenue": 136786
        },
        "2009-12": {
            "month": "2009-12",
            "price": "35.95",
            "revenue": 154166
        },
        "2010-01": {
            "month": "2010-01",
            "price": "36.82",
            "revenue": 190763
        },
        "2010-02": {
            "month": "2010-02",
            "price": "37.57",
            "revenue": 162393
        },
        "2010-03": {
            "month": "2010-03",
            "price": "41.22",
            "revenue": 136954
        },
        "2010-04": {
            "month": "2010-04",
            "price": "44.05",
            "revenue": 140740
        },
        "2010-05": {
            "month": "2010-05",
            "price": "45.85",
            "revenue": 151417
        },
        "2010-06": {
            "month": "2010-06",
            "price": "48.69",
            "revenue": 141949
        },
        "2010-07": {
            "month": "2010-07",
            "price": "51.64",
            "revenue": 157672
        },
        "2010-08": {
            "month": "2010-08",
            "price": "54.08",
            "revenue": 151723
        },
        "2010-09": {
            "month": "2010-09",
            "price": "51.51",
            "revenue": 177635
        },
        "2010-10": {
            "month": "2010-10",
            "price": "49.64",
            "revenue": 139562
        },
        "2010-11": {
            "month": "2010-11",
            "price": "50.37",
            "revenue": 161328
        },
        "2010-12": {
            "month": "2010-12",
            "price": "50.44",
            "revenue": 157899
        },
        "2011-01": {
            "month": "2011-01",
            "price": "50.22",
            "revenue": 233783
        },
        "2011-02": {
            "month": "2011-02",
            "price": "51.81",
            "revenue": 149401
        },
        "2011-03": {
            "month": "2011-03",
            "price": "51.48",
            "revenue": 146267
        },
        "2011-04": {
            "month": "2011-04",
            "price": "57.19",
            "revenue": 152515
        },
        "2011-05": {
            "month": "2011-05",
            "price": "56.11",
            "revenue": 164567
        },
        "2011-06": {
            "month": "2011-06",
            "price": "56.97",
            "revenue": 170335
        },
        "2011-07": {
            "month": "2011-07",
            "price": "57.53",
            "revenue": 162945
        },
        "2011-08": {
            "month": "2011-08",
            "price": "53.04",
            "revenue": 182535
        },
        "2011-09": {
            "month": "2011-09",
            "price": "51.61",
            "revenue": 178880
        },
        "2011-10": {
            "month": "2011-10",
            "price": "47.96",
            "revenue": 142844
        },
        "2011-11": {
            "month": "2011-11",
            "price": "46.18",
            "revenue": 166763
        },
        "2011-12": {
            "month": "2011-12",
            "price": "44.98",
            "revenue": 189696
        },
        "2012-01": {
            "month": "2012-01",
            "price": "45.11",
            "revenue": 231366
        },
        "2012-02": {
            "month": "2012-02",
            "price": "47.18",
            "revenue": 139266
        },
        "2012-03": {
            "month": "2012-03",
            "price": "49.22",
            "revenue": 146229
        },
        "2012-04": {
            "month": "2012-04",
            "price": "48.90",
            "revenue": 152206
        },
        "2012-05": {
            "month": "2012-05",
            "price": "49.19",
            "revenue": 198405
        },
        "2012-06": {
            "month": "2012-06",
            "price": "48.47",
            "revenue": 152903
        },
        "2012-07": {
            "month": "2012-07",
            "price": "47.10",
            "revenue": 159894
        },
        "2012-08": {
            "month": "2012-08",
            "price": "46.64",
            "revenue": 172777
        },
        "2012-09": {
            "month": "2012-09",
            "price": "46.45",
            "revenue": 181692
        },
        "2012-10": {
            "month": "2012-10",
            "price": "45.31",
            "revenue": 148523
        },
        "2012-11": {
            "month": "2012-11",
            "price": "43.50",
            "revenue": 171530
        },
        "2012-12": {
            "month": "2012-12",
            "price": "44.61",
            "revenue": 178647
        },
        "2013-01": {
            "month": "2013-01",
            "price": "45.50",
            "revenue": 198521
        },
        "2013-02": {
            "month": "2013-02",
            "price": "45.91",
            "revenue": 179468
        },
        "2013-03": {
            "month": "2013-03",
            "price": "49.17",
            "revenue": 155401
        },
        "2013-04": {
            "month": "2013-04",
            "price": "48.98",
            "revenue": 151661
        },
        "2013-05": {
            "month": "2013-05",
            "price": "48.76",
            "revenue": 164969
        },
        "2013-06": {
            "month": "2013-06",
            "price": "49.04",
            "revenue": 149943
        },
        "2013-07": {
            "month": "2013-07",
            "price": "47.76",
            "revenue": 170402
        },
        "2013-08": {
            "month": "2013-08",
            "price": "45.81",
            "revenue": 170820
        },
        "2013-09": {
            "month": "2013-09",
            "price": "45.98",
            "revenue": 187607
        },
        "2013-10": {
            "month": "2013-10",
            "price": "44.85",
            "revenue": 160922
        },
        "2013-11": {
            "month": "2013-11",
            "price": "45.22",
            "revenue": 181869
        },
        "2013-12": {
            "month": "2013-12",
            "price": "46.37",
            "revenue": 192067
        },
        "2014-01": {
            "month": "2014-01",
            "price": "47.19",
            "revenue": 254082
        },
        "2014-02": {
            "month": "2014-02",
            "price": "47.76",
            "revenue": 157578
        },
        "2014-03": {
            "month": "2014-03",
            "price": "48.13",
            "revenue": 147363
        },
        "2014-04": {
            "month": "2014-04",
            "price": "48.35",
            "revenue": 159463
        },
        "2014-05": {
            "month": "2014-05",
            "price": "48.52",
            "revenue": 186003
        },
        "2014-06": {
            "month": "2014-06",
            "price": "50.98",
            "revenue": 168795
        },
        "2014-07": {
            "month": "2014-07",
            "price": "50.92",
            "revenue": 168328
        },
        "2014-08": {
            "month": "2014-08",
            "price": "49.17",
            "revenue": 196715
        },
        "2014-09": {
            "month": "2014-09",
            "price": "49.07",
            "revenue": 168987
        },
        "2014-10": {
            "month": "2014-10",
            "price": "47.24",
            "revenue": 172712
        },
        "2014-11": {
            "month": "2014-11",
            "price": "46.42",
            "revenue": 186650
        },
        "2014-12": {
            "month": "2014-12",
            "price": "47.08",
            "revenue": 183300
        },
        "2015-01": {
            "month": "2015-01",
            "price": "46.88",
            "revenue": 204242
        },
        "2015-02": {
            "month": "2015-02",
            "price": "46.93",
            "revenue": 210711
        },
        "2015-03": {
            "month": "2015-03",
            "price": "47.02",
            "revenue": 152671
        },
        "2015-04": {
            "month": "2015-04",
            "price": "46.86",
            "revenue": 162983
        },
        "2015-05": {
            "month": "2015-05",
            "price": "45.79",
            "revenue": 178830
        },
        "2015-06": {
            "month": "2015-06",
            "price": "44.00",
            "revenue": 156402
        },
        "2015-07": {
            "month": "2015-07",
            "price": "42.71",
            "revenue": 167480
        },
        "2015-08": {
            "month": "2015-08",
            "price": "39.42",
            "revenue": 180088
        },
        "2015-09": {
            "month": "2015-09",
            "price": "37.68",
            "revenue": 189576
        },
        "2015-10": {
            "month": "2015-10",
            "price": "38.30",
            "revenue": 167475
        },
        "2015-11": {
            "month": "2015-11",
            "price": "38.07",
            "revenue": 194491
        },
        "2015-12": {
            "month": "2015-12",
            "price": "36.22",
            "revenue": 174397
        },
        "2016-01": {
            "month": "2016-01",
            "price": "35.56",
            "revenue": 219033
        },
        "2016-02": {
            "month": "2016-02",
            "price": "37.05",
            "revenue": 178691
        },
        "2016-03": {
            "month": "2016-03",
            "price": "38.86",
            "revenue": 165239
        },
        "2016-04": {
            "month": "2016-04",
            "price": "38.37",
            "revenue": 167028
        },
        "2016-05": {
            "month": "2016-05",
            "price": "37.18",
            "revenue": 172892
        },
        "2016-06": {
            "month": "2016-06",
            "price": "37.32",
            "revenue": 179556
        },
        "2016-07": {
            "month": "2016-07",
            "price": "37.67",
            "revenue": 163556
        },
        "2016-08": {
            "month": "2016-08",
            "price": "37.23",
            "revenue": 181825
        },
        "2016-09": {
            "month": "2016-09",
            "price": "37.29",
            "revenue": 172743
        },
        "2016-10": {
            "month": "2016-10",
            "price": "37.12",
            "revenue": 159467
        },
        "2016-11": {
            "month": "2016-11",
            "price": "36.55",
            "revenue": 191494
        },
        "2016-12": {
            "month": "2016-12",
            "price": "36.71",
            "revenue": 194746
        },
        "2017-01": {
            "month": "2017-01",
            "price": "37.00",
            "revenue": 240083
        },
        "2017-02": {
            "month": "2017-02",
            "price": "37.68",
            "revenue": 148173
        },
        "2017-03": {
            "month": "2017-03",
            "price": "37.75",
            "revenue": 161923
        },
        "2017-04": {
            "month": "2017-04",
            "price": "37.27",
            "revenue": 166068
        },
        "2017-05": {
            "month": "2017-05",
            "price": "36.95",
            "revenue": 194381
        },
        "2017-06": {
            "month": "2017-06",
            "price": "36.97",
            "revenue": 161165
        },
        "2017-07": {
            "month": "2017-07",
            "price": "35.66",
            "revenue": 169865
        },
        "2017-08": {
            "month": "2017-08",
            "price": "34.97",
            "revenue": 181031
        },
        "2017-09": {
            "month": "2017-09",
            "price": "34.78",
            "revenue": 186498
        },
        "2017-10": {
            "month": "2017-10",
            "price": "34.46",
            "revenue": 163721
        },
        "2017-11": {
            "month": "2017-11",
            "price": "34.51",
            "revenue": 189012
        },
        "2017-12": {
            "month": "2017-12",
            "price": "34.70",
            "revenue": 190521
        },
        "2018-01": {
            "month": "2018-01",
            "price": "35.77",
            "revenue": 197963
        },
        "2018-02": {
            "month": "2018-02",
            "price": "35.03",
            "revenue": 191007
        },
        "2018-03": {
            "month": "2018-03",
            "price": "37.09",
            "revenue": 166183
        },
        "2018-04": {
            "month": "2018-04",
            "price": "37.78",
            "revenue": 166293
        },
        "2018-05": {
            "month": "2018-05",
            "price": "37.88",
            "revenue": 195663
        },
        "2018-06": {
            "month": "2018-06",
            "price": "38.14",
            "revenue": 178847
        },
        "2018-07": {
            "month": "2018-07",
            "price": "37.96",
            "revenue": 169043
        },
        "2018-08": {
            "month": "2018-08",
            "price": "37.99",
            "revenue": 196867
        },
        "2018-09": {
            "month": "2018-09",
            "price": "38.65",
            "revenue": 200800
        },
        "2018-10": {
            "month": "2018-10",
            "price": "37.43",
            "revenue": 159372
        },
        "2018-11": {
            "month": "2018-11",
            "price": "37.29",
            "revenue": 191187
        },
        "2018-12": {
            "month": "2018-12",
            "price": "38.02",
            "revenue": 195176
        },
        "2019-01": {
            "month": "2019-01",
            "price": "37.94",
            "revenue": 226345
        },
        "2019-02": {
            "month": "2019-02",
            "price": "38.58",
            "revenue": 161835
        },
        "2019-03": {
            "month": "2019-03",
            "price": "38.79",
            "revenue": 180929
        },
        "2019-04": {
            "month": "2019-04",
            "price": "38.52",
            "revenue": 165999
        },
        "2019-05": {
            "month": "2019-05",
            "price": "38.36",
            "revenue": 191640
        },
        "2019-06": {
            "month": "2019-06",
            "price": "38.84",
            "revenue": 182526
        },
        "2019-07": {
            "month": "2019-07",
            "price": "38.73",
            "revenue": 181089
        },
        "2019-08": {
            "month": "2019-08",
            "price": "38.35",
            "revenue": 198165
        },
        "2019-09": {
            "month": "2019-09",
            "price": "38.41",
            "revenue": 193774
        },
        "2019-10": {
            "month": "2019-10",
            "price": "38.45",
            "revenue": 176532
        },
        "2019-11": {
            "month": "2019-11",
            "price": "38.46",
            "revenue": 210241
        },
        "2019-12": {
            "month": "2019-12",
            "price": "38.88",
            "revenue": 196555
        },
        "2020-01": {
            "month": "2020-01",
            "price": "39.39",
            "revenue": 223889
        },
        "2020-02": {
            "month": "2020-02",
            "price": "38.22",
            "revenue": 147563
        },
        "2020-03": {
            "month": "2020-03",
            "price": "35.11",
            "revenue": 117999
        },
        "2020-04": {
            "month": "2020-04",
            "price": "34.46",
            "revenue": 122898
        },
        "2020-05": {
            "month": "2020-05",
            "price": "35.90",
            "revenue": 149497
        },
        "2020-06": {
            "month": "2020-06",
            "price": "36.33",
            "revenue": 141988
        },
        "2020-07": {
            "month": "2020-07",
            "price": "37.39",
            "revenue": 164578
        },
        "2020-08": {
            "month": "2020-08",
            "price": "36.91",
            "revenue": 170359
        },
        "2020-09": {
            "month": "2020-09",
            "price": "36.50",
            "revenue": 180532
        },
        "2020-10": {
            "month": "2020-10",
            "price": "36.31",
            "revenue": 147219
        },
        "2020-11": {
            "month": "2020-11",
            "price": "36.03",
            "revenue": 186443
        },
        "2020-12": {
            "month": "2020-12",
            "price": "35.81",
            "revenue": 171334
        },
        "2021-01": {
            "month": "2021-01",
            "price": "35.12",
            "revenue": 170575
        },
        "2021-02": {
            "month": "2021-02",
            "price": "34.48",
            "revenue": 163783
        },
        "2021-03": {
            "month": "2021-03",
            "price": "35.05",
            "revenue": 148313
        },
        "2021-04": {
            "month": "2021-04",
            "price": "35.75",
            "revenue": 141150
        },
        "2021-05": {
            "month": "2021-05",
            "price": "35.36",
            "revenue": 134815
        },
        "2021-06": {
            "month": "2021-06",
            "price": "34.83",
            "revenue": 107176
        },
        "2021-07": {
            "month": "2021-07",
            "price": "34.80",
            "revenue": 128786
        },
        "2021-08": {
            "month": "2021-08",
            "price": "34.53",
            "revenue": 137571
        },
        "2021-09": {
            "month": "2021-09",
            "price": "33.56",
            "revenue": 163902
        },
        "2021-10": {
            "month": "2021-10",
            "price": "32.98",
            "revenue": 140650
        },
        "2021-11": {
            "month": "2021-11",
            "price": "33.62",
            "revenue": 161242
        },
        "2021-12": {
            "month": "2021-12",
            "price": "34.23",
            "revenue": 192899
        },
        "2022-01": {
            "month": "2022-01",
            "price": "34.78",
            "revenue": 188123
        },
        "2022-02": {
            "month": "2022-02",
            "price": "34.33",
            "revenue": 131798
        },
        "2022-03": {
            "month": "2022-03",
            "price": "33.72",
            "revenue": 138421
        },
        "2022-04": {
            "month": "2022-04",
            "price": "33.47",
            "revenue": 128340
        },
        "2022-05": {
            "month": "2022-05",
            "price": "33.10",
            "revenue": 148437
        },
        "2022-06": {
            "month": "2022-06",
            "price": "33.43",
            "revenue": 134187
        },
        "2022-07": {
            "month": "2022-07",
            "price": "34.40",
            "revenue": 133500
        },
        "2022-08": {
            "month": "2022-08",
            "price": "34.38",
            "revenue": 158102
        },
        "2022-09": {
            "month": "2022-09",
            "price": "33.19",
            "revenue": 150985
        },
        "2022-10": {
            "month": "2022-10",
            "price": "32.54",
            "revenue": 149886
        },
        "2022-11": {
            "month": "2022-11",
            "price": "32.43",
            "revenue": 177433
        },
        "2022-12": {
            "month": "2022-12",
            "price": "32.38",
            "revenue": 193545
        },
        "2023-01": {
            "month": "2023-01",
            "price": "32.21",
            "revenue": 209169
        },
        "2023-02": {
            "month": "2023-02",
            "price": "33.01",
            "revenue": 153523
        },
        "2023-03": {
            "month": "2023-03",
            "price": "34.11",
            "revenue": 162294
        },
        "2023-04": {
            "month": "2023-04",
            "price": "34.60",
            "revenue": 165246
        }
    }
}
