{
    "summary": {
        "stock_name": "黑松",
        "stock_id": "1234",
        "category": "食品",
        "main_business": "碳酸飲料,酒類,果蔬汁,咖啡飲料,運動飲料等.",
        "website_url": "http://www.heysong.com.tw",
        "ceo": "張斌堂",
        "pe_ratio": 16,
        "report_year_from": 2001,
        "report_year_to": 2023,
        "age": 22,
        "eps_negative_percentage": 0,
        "eps_growth_avg": {
            "last_all": 16.45,
            "last_2y": 1.97,
            "last_4y": 11.09,
            "last_8y": 16.23,
            "last_12y": 13.33,
            "last_16y": 18.61,
            "last_20y": 16.45,
            "at_2006_last_3y": 5.69,
            "at_2007_last_3y": 16.08,
            "at_2008_last_3y": 46.3,
            "at_2009_last_3y": 35.78,
            "at_2010_last_3y": 31.05,
            "at_2011_last_3y": 28.67,
            "at_2012_last_3y": 44.74,
            "at_2013_last_3y": 6.8,
            "at_2014_last_3y": 7.32,
            "at_2015_last_3y": 17.17,
            "at_2016_last_3y": 11.97,
            "at_2017_last_3y": 22.66,
            "at_2018_last_3y": 28.36,
            "at_2019_last_3y": 19.42,
            "at_2020_last_3y": 1.04,
            "at_2021_last_3y": 11.22,
            "at_2022_last_3y": 6.82,
            "at_2023_last_3y": 6.82,
            "at_2006_last_all": 10.26,
            "at_2007_last_all": 13.1,
            "at_2008_last_all": 16.33,
            "at_2009_last_all": 21.53,
            "at_2010_last_all": 19.5,
            "at_2011_last_all": 19.33,
            "at_2012_last_all": 26.66,
            "at_2013_last_all": 16.62,
            "at_2014_last_all": 15.75,
            "at_2015_last_all": 18.71,
            "at_2016_last_all": 22.74,
            "at_2017_last_all": 18.13,
            "at_2018_last_all": 18.72,
            "at_2019_last_all": 18.87,
            "at_2020_last_all": 18.18,
            "at_2021_last_all": 16.75,
            "at_2022_last_all": 16.45,
            "at_2023_last_all": 16.45
        },
        "latest_eps": 2.43,
        "latest_price": 38.3,
        "latest_roe": 5.47,
        "latest_gross_margin": 29.63,
        "latest_equity": 18010490,
        "latest_revenue": 2300026,
        "latest_gross_profit": 681500,
        "latest_net_income": 203861,
        "latest_debt_ratio": 22.16,
        "latest_current_ratio": 312.81,
        "latest_account_receivable_turnover_ratio": 3.05,
        "latest_inventory_turnover_ratio": 0.3,
        "latest_reinvestment_rate": -12.36,
        "latest_research_to_sale_ratio": 0.59
    },
    "eps_dividends": {
        "1998": {
            "cash": 0.3,
            "stock": 1.04,
            "eps": 0
        },
        "1999": {
            "cash": 0.6,
            "stock": 0.86,
            "eps": 0
        },
        "2000": {
            "cash": 0.5,
            "stock": 0.5,
            "eps": 0
        },
        "2001": {
            "cash": 0.4,
            "stock": 0.2,
            "eps": 0.49
        },
        "2002": {
            "cash": 0.4,
            "stock": 0,
            "eps": 0.63
        },
        "2003": {
            "cash": 0.4,
            "stock": 0,
            "eps": 0.54
        },
        "2004": {
            "cash": 0.4,
            "stock": 0,
            "eps": 0.08
        },
        "2005": {
            "cash": 0.2,
            "stock": 0,
            "eps": 0.18
        },
        "2006": {
            "cash": 0.25,
            "stock": 0,
            "eps": 0.22
        },
        "2007": {
            "cash": 0.2,
            "stock": 0,
            "eps": 0.28
        },
        "2008": {
            "cash": 0.27,
            "stock": 0,
            "eps": 0.38
        },
        "2009": {
            "cash": 0.3,
            "stock": 0,
            "eps": 0.6
        },
        "2010": {
            "cash": 0.45,
            "stock": 0,
            "eps": 0.62
        },
        "2011": {
            "cash": 1.1,
            "stock": 0,
            "eps": 0.73
        },
        "2012": {
            "cash": 0,
            "stock": 0,
            "eps": 15.14
        },
        "2013": {
            "cash": 2.5,
            "stock": 0,
            "eps": 0.93
        },
        "2014": {
            "cash": 2,
            "stock": 0,
            "eps": 0.98
        },
        "2015": {
            "cash": 1.2,
            "stock": 0,
            "eps": 1.54
        },
        "2016": {
            "cash": 1.5,
            "stock": 0,
            "eps": 2.76
        },
        "2017": {
            "cash": 2,
            "stock": 0,
            "eps": 1.35
        },
        "2018": {
            "cash": 1.5,
            "stock": 0,
            "eps": 1.73
        },
        "2019": {
            "cash": 1.6,
            "stock": 0,
            "eps": 2.1
        },
        "2020": {
            "cash": 1.7,
            "stock": 0,
            "eps": 2.22
        },
        "2021": {
            "cash": 1.8,
            "stock": 0,
            "eps": 1.99
        },
        "2022": {
            "cash": 1.7,
            "stock": 0,
            "eps": 2.2
        },
        "2023": {
            "cash": 1.8,
            "stock": 0,
            "eps": 0.98
        }
    },
    "dividends": {
        "1998-05-20": {
            "cash": 0.3,
            "stock": 1.04
        },
        "1999-06-02": {
            "cash": 0.6,
            "stock": 0.86
        },
        "2000-05-31": {
            "cash": 0.5,
            "stock": 0.5
        },
        "2001-05-30": {
            "cash": 0.4,
            "stock": 0.2
        },
        "2002-06-24": {
            "cash": 0.4,
            "stock": 0
        },
        "2003-03-26": {
            "cash": 0.4,
            "stock": 0
        },
        "2004-03-24": {
            "cash": 0.4,
            "stock": 0
        },
        "2005-03-23": {
            "cash": 0.2,
            "stock": 0
        },
        "2006-03-22": {
            "cash": 0.25,
            "stock": 0
        },
        "2007-03-21": {
            "cash": 0.2,
            "stock": 0
        },
        "2008-03-19": {
            "cash": 0.27,
            "stock": 0
        },
        "2009-03-18": {
            "cash": 0.3,
            "stock": 0
        },
        "2010-03-17": {
            "cash": 0.45,
            "stock": 0
        },
        "2011-01-01": {
            "cash": 0.6,
            "stock": 0
        },
        "2011-03-23": {
            "cash": 0.5,
            "stock": 0
        },
        "2013-03-20": {
            "cash": 2.5,
            "stock": 0
        },
        "2014-08-15": {
            "cash": 2,
            "stock": 0
        },
        "2015-08-20": {
            "cash": 1.2,
            "stock": 0
        },
        "2016-08-19": {
            "cash": 1.5,
            "stock": 0
        },
        "2017-08-17": {
            "cash": 2,
            "stock": 0
        },
        "2018-08-17": {
            "cash": 1.5,
            "stock": 0
        },
        "2019-08-21": {
            "cash": 1.6,
            "stock": 0
        },
        "2020-08-10": {
            "cash": 1.7,
            "stock": 0
        },
        "2021-09-17": {
            "cash": 1.8,
            "stock": 0
        },
        "2022-08-15": {
            "cash": 1.7,
            "stock": 0
        },
        "2023-07-10": {
            "cash": 1.8,
            "stock": 0
        }
    },
    "prices": {
        "200101": "14.29",
        "200102": "15.84",
        "200103": "15.22",
        "200104": "14.30",
        "200105": "13.35",
        "200106": "12.94",
        "200107": "12.13",
        "200108": "11.91",
        "200109": "11.93",
        "200110": "11.08",
        "200111": "10.74",
        "200112": "11.20",
        "200201": "11.50",
        "200202": "10.98",
        "200203": "11.12",
        "200204": "12.26",
        "200205": "11.82",
        "200206": "11.66",
        "200207": "11.28",
        "200208": "10.52",
        "200209": "10.17",
        "200210": "9.95",
        "200211": "10.42",
        "200212": "10.63",
        "200301": "11.28",
        "200302": "10.68",
        "200303": "10.48",
        "200304": "10.24",
        "200305": "9.51",
        "200306": "10.10",
        "200307": "10.12",
        "200308": "9.99",
        "200309": "9.91",
        "200310": "10.38",
        "200311": "10.71",
        "200312": "10.41",
        "200401": "11.13",
        "200402": "13.84",
        "200403": "13.28",
        "200404": "12.15",
        "200405": "10.51",
        "200406": "10.42",
        "200407": "10.32",
        "200408": "9.99",
        "200409": "10.21",
        "200410": "10.17",
        "200411": "10.07",
        "200412": "10.09",
        "200501": "10.60",
        "200502": "10.28",
        "200503": "10.34",
        "200504": "9.86",
        "200505": "9.73",
        "200506": "9.96",
        "200507": "9.79",
        "200508": "9.56",
        "200509": "9.15",
        "200510": "8.66",
        "200511": "8.51",
        "200512": "9.06",
        "200601": "9.10",
        "200602": "9.01",
        "200603": "8.77",
        "200604": "9.49",
        "200605": "13.90",
        "200606": "13.05",
        "200607": "13.85",
        "200608": "13.17",
        "200609": "12.22",
        "200610": "13.54",
        "200611": "14.81",
        "200612": "16.76",
        "200701": "15.40",
        "200702": "15.28",
        "200703": "14.69",
        "200704": "15.46",
        "200705": "14.89",
        "200706": "15.40",
        "200707": "17.43",
        "200708": "15.00",
        "200709": "14.80",
        "200710": "15.59",
        "200711": "14.02",
        "200712": "12.05",
        "200801": "12.83",
        "200802": "15.93",
        "200803": "17.59",
        "200804": "18.16",
        "200805": "17.85",
        "200806": "15.51",
        "200807": "13.31",
        "200808": "13.02",
        "200809": "10.98",
        "200810": "9.79",
        "200811": "9.36",
        "200812": "9.81",
        "200901": "9.82",
        "200902": "9.34",
        "200903": "10.31",
        "200904": "12.77",
        "200905": "15.52",
        "200906": "16.08",
        "200907": "16.76",
        "200908": "16.76",
        "200909": "17.00",
        "200910": "17.42",
        "200911": "18.29",
        "200912": "18.63",
        "201001": "18.88",
        "201002": "18.82",
        "201003": "24.37",
        "201004": "26.22",
        "201005": "23.36",
        "201006": "22.53",
        "201007": "23.08",
        "201008": "24.80",
        "201009": "23.63",
        "201010": "25.04",
        "201011": "25.80",
        "201012": "27.14",
        "201101": "27.20",
        "201102": "25.30",
        "201103": "23.31",
        "201104": "25.09",
        "201105": "26.16",
        "201106": "26.88",
        "201107": "29.71",
        "201108": "34.45",
        "201109": "30.60",
        "201110": "28.91",
        "201111": "28.33",
        "201112": "26.21",
        "201201": "25.50",
        "201202": "28.60",
        "201203": "35.54",
        "201204": "36.23",
        "201205": "36.62",
        "201206": "36.79",
        "201207": "37.20",
        "201208": "38.30",
        "201209": "46.37",
        "201210": "40.05",
        "201211": "35.27",
        "201212": "37.50",
        "201301": "39.20",
        "201302": "38.38",
        "201303": "38.56",
        "201304": "39.80",
        "201305": "39.63",
        "201306": "38.63",
        "201307": "38.54",
        "201308": "32.85",
        "201309": "30.52",
        "201310": "33.26",
        "201311": "35.76",
        "201312": "35.66",
        "201401": "33.30",
        "201402": "32.15",
        "201403": "32.70",
        "201404": "32.16",
        "201405": "31.87",
        "201406": "32.54",
        "201407": "33.60",
        "201408": "32.66",
        "201409": "33.64",
        "201410": "34.91",
        "201411": "38.36",
        "201412": "38.46",
        "201501": "38.26",
        "201502": "37.97",
        "201503": "37.80",
        "201504": "37.31",
        "201505": "37.78",
        "201506": "36.69",
        "201507": "34.70",
        "201508": "33.67",
        "201509": "33.01",
        "201510": "31.85",
        "201511": "32.02",
        "201512": "31.43",
        "201601": "31.90",
        "201602": "34.28",
        "201603": "35.53",
        "201604": "35.24",
        "201605": "32.49",
        "201606": "32.08",
        "201607": "33.08",
        "201608": "32.79",
        "201609": "32.59",
        "201610": "32.25",
        "201611": "32.20",
        "201612": "32.45",
        "201701": "32.20",
        "201702": "32.73",
        "201703": "33.71",
        "201704": "32.96",
        "201705": "33.28",
        "201706": "33.51",
        "201707": "33.30",
        "201708": "31.44",
        "201709": "31.20",
        "201710": "31.15",
        "201711": "31.13",
        "201712": "31.17",
        "201801": "31.46",
        "201802": "31.08",
        "201803": "31.18",
        "201804": "31.21",
        "201805": "31.38",
        "201806": "31.75",
        "201807": "31.40",
        "201808": "30.78",
        "201809": "30.97",
        "201810": "29.46",
        "201811": "28.41",
        "201812": "29.37",
        "201901": "29.91",
        "201902": "30.75",
        "201903": "31.52",
        "201904": "31.82",
        "201905": "32.23",
        "201906": "32.78",
        "201907": "32.75",
        "201908": "31.58",
        "201909": "31.48",
        "201910": "31.68",
        "201911": "32.19",
        "201912": "32.41",
        "202001": "33.02",
        "202002": "32.85",
        "202003": "30.51",
        "202004": "30.88",
        "202005": "32.03",
        "202006": "32.81",
        "202007": "32.91",
        "202008": "31.99",
        "202009": "32.36",
        "202010": "32.88",
        "202011": "32.93",
        "202012": "32.99",
        "202101": "32.66",
        "202102": "32.64",
        "202103": "33.32",
        "202104": "35.92",
        "202105": "35.20",
        "202106": "35.22",
        "202107": "35.87",
        "202108": "35.26",
        "202109": "34.25",
        "202110": "34.33",
        "202111": "35.22",
        "202112": "35.18",
        "202201": "35.62",
        "202202": "35.79",
        "202203": "35.28",
        "202204": "35.61",
        "202205": "34.80",
        "202206": "34.74",
        "202207": "34.20",
        "202208": "33.72",
        "202209": "33.44",
        "202210": "32.86",
        "202211": "32.93",
        "202212": "32.84",
        "202301": "32.74",
        "202302": "34.02",
        "202303": "35.57",
        "202304": "36.13",
        "202305": "37.16",
        "202306": "39.58",
        "202307": "40.19",
        "202308": "38.84",
        "202309": "38.48",
        "202310": "38.42"
    },
    "quarters": {
        "20011": {
            "year_quarter": 20011,
            "year": 2001,
            "quarter": 1,
            "eps": 0.08,
            "eps_growth_year": -42.86,
            "eps_4q": 0.66,
            "eps_4q_growth_year": 3.92,
            "roe": 0.56,
            "roe_4q": 0.56,
            "gross_profit": 319785,
            "gross_margin": 39.37,
            "gross_margin_4q_avg": 39.37,
            "net_income": 43412,
            "net_income_4q": null,
            "revenue": 812157,
            "revenue_4q": null,
            "common_shares": 5250000,
            "book_valuer_per_share": 14.74,
            "book_valuer_per_share_4q_avg": 14.74,
            "equity": 7738085,
            "current_ratio": 277.59,
            "debt_ratio": 33.09,
            "inventory_turnover_ratio": 1.86,
            "account_receivable_turnover_ratio": null,
            "reinvestment_rate": null,
            "research_to_sale_ratio": null,
            "price_fair": 0,
            "eps_avg_yearly": 0,
            "eps_latest_yearly": 0,
            "eps_growth_yearly": 0
        },
        "20012": {
            "year_quarter": 20012,
            "year": 2001,
            "quarter": 2,
            "eps": 0.05,
            "eps_growth_year": -58.33,
            "eps_4q": 0.63,
            "eps_4q_growth_year": 55.06,
            "roe": 0.33,
            "roe_4q": 0.8900000000000001,
            "gross_profit": 385283,
            "gross_margin": 39.91,
            "gross_margin_4q_avg": 39.64,
            "net_income": 25511,
            "net_income_4q": null,
            "revenue": 965456,
            "revenue_4q": null,
            "common_shares": 5250000,
            "book_valuer_per_share": 14.37,
            "book_valuer_per_share_4q_avg": 14.56,
            "equity": 7543752,
            "current_ratio": 167.18,
            "debt_ratio": 35.57,
            "inventory_turnover_ratio": 2.44,
            "account_receivable_turnover_ratio": null,
            "reinvestment_rate": null,
            "research_to_sale_ratio": null,
            "price_fair": 0,
            "eps_avg_yearly": 0,
            "eps_latest_yearly": 0,
            "eps_growth_yearly": 0
        },
        "20013": {
            "year_quarter": 20013,
            "year": 2001,
            "quarter": 3,
            "eps": 0.29,
            "eps_growth_year": -27.5,
            "eps_4q": 0.49,
            "eps_4q_growth_year": -7.63,
            "roe": 2.01,
            "roe_4q": 2.9,
            "gross_profit": 592316,
            "gross_margin": 46.96,
            "gross_margin_4q_avg": 42.08,
            "net_income": 153049,
            "net_income_4q": null,
            "revenue": 1261394,
            "revenue_4q": null,
            "common_shares": 5358281,
            "book_valuer_per_share": 14.36,
            "book_valuer_per_share_4q_avg": 14.49,
            "equity": 7696801,
            "current_ratio": 211.38,
            "debt_ratio": 34.14,
            "inventory_turnover_ratio": 2.85,
            "account_receivable_turnover_ratio": null,
            "reinvestment_rate": null,
            "research_to_sale_ratio": null,
            "price_fair": 0,
            "eps_avg_yearly": 0,
            "eps_latest_yearly": 0,
            "eps_growth_yearly": 0
        },
        "20014": {
            "year_quarter": 20014,
            "year": 2001,
            "quarter": 4,
            "eps": 0.07,
            "eps_growth_year": 0,
            "eps_4q": 0.5,
            "eps_4q_growth_year": -28.64,
            "roe": 0.47,
            "roe_4q": 3.3699999999999997,
            "gross_profit": 272311,
            "gross_margin": 36.55,
            "gross_margin_4q_avg": 40.7,
            "net_income": 36490,
            "net_income_4q": null,
            "revenue": 745116,
            "revenue_4q": null,
            "common_shares": 5358281,
            "book_valuer_per_share": 14.43,
            "book_valuer_per_share_4q_avg": 14.48,
            "equity": 7740232,
            "current_ratio": 158.78,
            "debt_ratio": 39.14,
            "inventory_turnover_ratio": 1.95,
            "account_receivable_turnover_ratio": null,
            "reinvestment_rate": null,
            "research_to_sale_ratio": null,
            "price_fair": 0,
            "eps_avg_yearly": 0,
            "eps_latest_yearly": 0,
            "eps_growth_yearly": 0
        },
        "20021": {
            "year_quarter": 20021,
            "year": 2002,
            "quarter": 1,
            "eps": 0.13,
            "eps_growth_year": 62.5,
            "eps_4q": 0.52,
            "eps_4q_growth_year": -20.98,
            "roe": 0.93,
            "roe_4q": 3.7399999999999998,
            "gross_profit": 303225,
            "gross_margin": 39.66,
            "gross_margin_4q_avg": 40.77,
            "net_income": 71904,
            "net_income_4q": null,
            "revenue": 764613,
            "revenue_4q": null,
            "common_shares": 5358281,
            "book_valuer_per_share": 14.57,
            "book_valuer_per_share_4q_avg": 14.43,
            "equity": 7804431,
            "current_ratio": 216.62,
            "debt_ratio": 33.9,
            "inventory_turnover_ratio": 2.06,
            "account_receivable_turnover_ratio": null,
            "reinvestment_rate": null,
            "research_to_sale_ratio": null,
            "price_fair": 18.2,
            "eps_avg_yearly": 0.52,
            "eps_latest_yearly": 0.52,
            "eps_growth_yearly": 342.86
        },
        "20022": {
            "year_quarter": 20022,
            "year": 2002,
            "quarter": 2,
            "eps": 0.12,
            "eps_growth_year": 140,
            "eps_4q": 0.62,
            "eps_4q_growth_year": -1.33,
            "roe": 0.82,
            "roe_4q": 4.2299999999999995,
            "gross_profit": 383686,
            "gross_margin": 43.24,
            "gross_margin_4q_avg": 41.6,
            "net_income": 63156,
            "net_income_4q": null,
            "revenue": 887287,
            "revenue_4q": null,
            "common_shares": 5358281,
            "book_valuer_per_share": 14.27,
            "book_valuer_per_share_4q_avg": 14.41,
            "equity": 7644325,
            "current_ratio": 172.14,
            "debt_ratio": 36.28,
            "inventory_turnover_ratio": 2.46,
            "account_receivable_turnover_ratio": null,
            "reinvestment_rate": null,
            "research_to_sale_ratio": null,
            "price_fair": 17.5,
            "eps_avg_yearly": 0.5,
            "eps_latest_yearly": 0.48,
            "eps_growth_yearly": 156.04
        },
        "20023": {
            "year_quarter": 20023,
            "year": 2002,
            "quarter": 3,
            "eps": 0.34,
            "eps_growth_year": 17.24,
            "eps_4q": 0.66,
            "eps_4q_growth_year": 33.88,
            "roe": 2.35,
            "roe_4q": 4.569999999999999,
            "gross_profit": 634114,
            "gross_margin": 49.49,
            "gross_margin_4q_avg": 42.24,
            "net_income": 181788,
            "net_income_4q": null,
            "revenue": 1281227,
            "revenue_4q": null,
            "common_shares": 5358281,
            "book_valuer_per_share": 14.61,
            "book_valuer_per_share_4q_avg": 14.47,
            "equity": 7826113,
            "current_ratio": 220.81,
            "debt_ratio": 34.83,
            "inventory_turnover_ratio": 3.12,
            "account_receivable_turnover_ratio": null,
            "reinvestment_rate": null,
            "research_to_sale_ratio": null,
            "price_fair": 27.53,
            "eps_avg_yearly": 0.79,
            "eps_latest_yearly": 1.36,
            "eps_growth_yearly": 348.47
        },
        "20024": {
            "year_quarter": 20024,
            "year": 2002,
            "quarter": 4,
            "eps": 0.04,
            "eps_growth_year": -42.86,
            "eps_4q": 0.63,
            "eps_4q_growth_year": 27.72,
            "roe": 0.27,
            "roe_4q": 4.37,
            "gross_profit": 248892,
            "gross_margin": 34.18,
            "gross_margin_4q_avg": 41.64,
            "net_income": 21363,
            "net_income_4q": null,
            "revenue": 728172,
            "revenue_4q": null,
            "common_shares": 5358281,
            "book_valuer_per_share": 14.65,
            "book_valuer_per_share_4q_avg": 14.53,
            "equity": 7852560,
            "current_ratio": 205.85,
            "debt_ratio": 39.25,
            "inventory_turnover_ratio": 1.99,
            "account_receivable_turnover_ratio": null,
            "reinvestment_rate": -26.18,
            "research_to_sale_ratio": null,
            "price_fair": 22.05,
            "eps_avg_yearly": 0.63,
            "eps_latest_yearly": 0.16,
            "eps_growth_yearly": 173.12
        },
        "20031": {
            "year_quarter": 20031,
            "year": 2003,
            "quarter": 1,
            "eps": 0.09,
            "eps_growth_year": -30.77,
            "eps_4q": 0.61,
            "eps_4q_growth_year": 18.11,
            "roe": 0.58,
            "roe_4q": 4.0200000000000005,
            "gross_profit": 285687,
            "gross_margin": 37.79,
            "gross_margin_4q_avg": 41.18,
            "net_income": 45850,
            "net_income_4q": null,
            "revenue": 756028,
            "revenue_4q": null,
            "common_shares": 5358281,
            "book_valuer_per_share": 14.73,
            "book_valuer_per_share_4q_avg": 14.57,
            "equity": 7893326,
            "current_ratio": 265.5,
            "debt_ratio": 33.86,
            "inventory_turnover_ratio": 1.88,
            "account_receivable_turnover_ratio": null,
            "reinvestment_rate": -22.01,
            "research_to_sale_ratio": null,
            "price_fair": 20.16,
            "eps_avg_yearly": 0.58,
            "eps_latest_yearly": 0.36,
            "eps_growth_yearly": 238.5
        },
        "20032": {
            "year_quarter": 20032,
            "year": 2003,
            "quarter": 2,
            "eps": 0.07,
            "eps_growth_year": -41.67,
            "eps_4q": 0.56,
            "eps_4q_growth_year": -8.47,
            "roe": 0.45,
            "roe_4q": 3.6500000000000004,
            "gross_profit": 349610,
            "gross_margin": 38.23,
            "gross_margin_4q_avg": 39.92,
            "net_income": 35245,
            "net_income_4q": null,
            "revenue": 914470,
            "revenue_4q": null,
            "common_shares": 5358281,
            "book_valuer_per_share": 14.38,
            "book_valuer_per_share_4q_avg": 14.59,
            "equity": 7704356,
            "current_ratio": 190.31,
            "debt_ratio": 35.84,
            "inventory_turnover_ratio": 2.37,
            "account_receivable_turnover_ratio": null,
            "reinvestment_rate": -27.83,
            "research_to_sale_ratio": null,
            "price_fair": 18.43,
            "eps_avg_yearly": 0.53,
            "eps_latest_yearly": 0.28,
            "eps_growth_yearly": 183.93
        },
        "20033": {
            "year_quarter": 20033,
            "year": 2003,
            "quarter": 3,
            "eps": 0.36,
            "eps_growth_year": 5.88,
            "eps_4q": 0.55,
            "eps_4q_growth_year": -16.26,
            "roe": 2.45,
            "roe_4q": 3.7500000000000004,
            "gross_profit": 652431,
            "gross_margin": 45.39,
            "gross_margin_4q_avg": 38.9,
            "net_income": 190715,
            "net_income_4q": null,
            "revenue": 1437256,
            "revenue_4q": null,
            "common_shares": 5358281,
            "book_valuer_per_share": 14.72,
            "book_valuer_per_share_4q_avg": 14.62,
            "equity": 7887597,
            "current_ratio": 212.71,
            "debt_ratio": 34.89,
            "inventory_turnover_ratio": 2.94,
            "account_receivable_turnover_ratio": null,
            "reinvestment_rate": -30.05,
            "research_to_sale_ratio": null,
            "price_fair": 23,
            "eps_avg_yearly": 0.66,
            "eps_latest_yearly": 1.44,
            "eps_growth_yearly": 394.39
        },
        "20034": {
            "year_quarter": 20034,
            "year": 2003,
            "quarter": 4,
            "eps": 0.02,
            "eps_growth_year": -50,
            "eps_4q": 0.59,
            "eps_4q_growth_year": -7.6,
            "roe": 0.12,
            "roe_4q": 3.6000000000000005,
            "gross_profit": 201074,
            "gross_margin": 25.28,
            "gross_margin_4q_avg": 36.67,
            "net_income": 9619,
            "net_income_4q": null,
            "revenue": 795507,
            "revenue_4q": null,
            "common_shares": 5358281,
            "book_valuer_per_share": 14.74,
            "book_valuer_per_share_4q_avg": 14.64,
            "equity": 7902286,
            "current_ratio": 172.85,
            "debt_ratio": 39.47,
            "inventory_turnover_ratio": 2.19,
            "account_receivable_turnover_ratio": null,
            "reinvestment_rate": -12.44,
            "research_to_sale_ratio": null,
            "price_fair": 20.48,
            "eps_avg_yearly": 0.59,
            "eps_latest_yearly": 0.08,
            "eps_growth_yearly": 297.87
        },
        "20041": {
            "year_quarter": 20041,
            "year": 2004,
            "quarter": 1,
            "eps": 0.05,
            "eps_growth_year": -44.44,
            "eps_4q": 0.49,
            "eps_4q_growth_year": -20.81,
            "roe": 0.34,
            "roe_4q": 3.3600000000000003,
            "gross_profit": 295578,
            "gross_margin": 36.25,
            "gross_margin_4q_avg": 36.29,
            "net_income": 27062,
            "net_income_4q": null,
            "revenue": 815400,
            "revenue_4q": null,
            "common_shares": 5358281,
            "book_valuer_per_share": 14.77,
            "book_valuer_per_share_4q_avg": 14.65,
            "equity": 7914126,
            "current_ratio": 254.66,
            "debt_ratio": 33.36,
            "inventory_turnover_ratio": 2.32,
            "account_receivable_turnover_ratio": null,
            "reinvestment_rate": -47.59,
            "research_to_sale_ratio": null,
            "price_fair": 18.98,
            "eps_avg_yearly": 0.54,
            "eps_latest_yearly": 0.2,
            "eps_growth_yearly": 331.44
        },
        "20042": {
            "year_quarter": 20042,
            "year": 2004,
            "quarter": 2,
            "eps": 0.04,
            "eps_growth_year": -42.86,
            "eps_4q": 0.52,
            "eps_4q_growth_year": -7.26,
            "roe": 0.24,
            "roe_4q": 3.1500000000000004,
            "gross_profit": 362729,
            "gross_margin": 41.06,
            "gross_margin_4q_avg": 37,
            "net_income": 18810,
            "net_income_4q": null,
            "revenue": 883399,
            "revenue_4q": null,
            "common_shares": 5358281,
            "book_valuer_per_share": 14.41,
            "book_valuer_per_share_4q_avg": 14.66,
            "equity": 7719623,
            "current_ratio": 186.35,
            "debt_ratio": 35.88,
            "inventory_turnover_ratio": 2.66,
            "account_receivable_turnover_ratio": null,
            "reinvestment_rate": -53.28,
            "research_to_sale_ratio": null,
            "price_fair": 17.64,
            "eps_avg_yearly": 0.5,
            "eps_latest_yearly": 0.16,
            "eps_growth_yearly": 290.3
        },
        "20043": {
            "year_quarter": 20043,
            "year": 2004,
            "quarter": 3,
            "eps": 0.16,
            "eps_growth_year": -55.56,
            "eps_4q": 0.26,
            "eps_4q_growth_year": -52.93,
            "roe": 1.14,
            "roe_4q": 1.8399999999999999,
            "gross_profit": 528427,
            "gross_margin": 44.93,
            "gross_margin_4q_avg": 36.88,
            "net_income": 88342,
            "net_income_4q": null,
            "revenue": 1176114,
            "revenue_4q": null,
            "common_shares": 5358281,
            "book_valuer_per_share": 14.58,
            "book_valuer_per_share_4q_avg": 14.63,
            "equity": 7812241,
            "current_ratio": 234.07,
            "debt_ratio": 20.82,
            "inventory_turnover_ratio": 3.04,
            "account_receivable_turnover_ratio": null,
            "reinvestment_rate": -73.24,
            "research_to_sale_ratio": null,
            "price_fair": 18.07,
            "eps_avg_yearly": 0.52,
            "eps_latest_yearly": 0.64,
            "eps_growth_yearly": 373
        },
        "20044": {
            "year_quarter": 20044,
            "year": 2004,
            "quarter": 4,
            "eps": -0.17,
            "eps_growth_year": -950,
            "eps_4q": 0.08,
            "eps_4q_growth_year": -85.61,
            "roe": -1.11,
            "roe_4q": 0.6099999999999999,
            "gross_profit": 151082,
            "gross_margin": 23.68,
            "gross_margin_4q_avg": 36.48,
            "net_income": -91137,
            "net_income_4q": null,
            "revenue": 638045,
            "revenue_4q": null,
            "common_shares": 5358281,
            "book_valuer_per_share": 16.2,
            "book_valuer_per_share_4q_avg": 14.99,
            "equity": 8678553,
            "current_ratio": 131.74,
            "debt_ratio": 33.7,
            "inventory_turnover_ratio": 1.97,
            "account_receivable_turnover_ratio": null,
            "reinvestment_rate": -2.26,
            "research_to_sale_ratio": null,
            "price_fair": 18.07,
            "eps_avg_yearly": 0.52,
            "eps_latest_yearly": 0.64,
            "eps_growth_yearly": 373
        },
        "20051": {
            "year_quarter": 20051,
            "year": 2005,
            "quarter": 1,
            "eps": 0.01,
            "eps_growth_year": -80,
            "eps_4q": 0.04,
            "eps_4q_growth_year": -91.67,
            "roe": 0.06,
            "roe_4q": 0.32999999999999985,
            "gross_profit": 184617,
            "gross_margin": 30.01,
            "gross_margin_4q_avg": 34.92,
            "net_income": 5265,
            "net_income_4q": null,
            "revenue": 615225,
            "revenue_4q": null,
            "common_shares": 5358281,
            "book_valuer_per_share": 17.28,
            "book_valuer_per_share_4q_avg": 15.62,
            "equity": 9260541,
            "current_ratio": 339.27,
            "debt_ratio": 13.02,
            "inventory_turnover_ratio": 1.8,
            "account_receivable_turnover_ratio": null,
            "reinvestment_rate": -86.69,
            "research_to_sale_ratio": null,
            "price_fair": 18.07,
            "eps_avg_yearly": 0.52,
            "eps_latest_yearly": 0.64,
            "eps_growth_yearly": 373
        },
        "20052": {
            "year_quarter": 20052,
            "year": 2005,
            "quarter": 2,
            "eps": -0.04,
            "eps_growth_year": -200,
            "eps_4q": -0.03,
            "eps_4q_growth_year": -106.14,
            "roe": -0.21,
            "roe_4q": -0.1200000000000001,
            "gross_profit": 363622,
            "gross_margin": 39.91,
            "gross_margin_4q_avg": 34.63,
            "net_income": -19690,
            "net_income_4q": null,
            "revenue": 911137,
            "revenue_4q": null,
            "common_shares": 5358281,
            "book_valuer_per_share": 17.04,
            "book_valuer_per_share_4q_avg": 16.28,
            "equity": 9131244,
            "current_ratio": 195.12,
            "debt_ratio": 15.95,
            "inventory_turnover_ratio": 2.47,
            "account_receivable_turnover_ratio": null,
            "reinvestment_rate": -90.78,
            "research_to_sale_ratio": null,
            "price_fair": 18.07,
            "eps_avg_yearly": 0.52,
            "eps_latest_yearly": 0.64,
            "eps_growth_yearly": 373
        },
        "20053": {
            "year_quarter": 20053,
            "year": 2005,
            "quarter": 3,
            "eps": 0.29,
            "eps_growth_year": 81.25,
            "eps_4q": 0.1,
            "eps_4q_growth_year": -63.27,
            "roe": 1.71,
            "roe_4q": 0.44999999999999996,
            "gross_profit": 495872,
            "gross_margin": 41.87,
            "gross_margin_4q_avg": 33.87,
            "net_income": 157536,
            "net_income_4q": null,
            "revenue": 1184346,
            "revenue_4q": null,
            "common_shares": 5358281,
            "book_valuer_per_share": 17.39,
            "book_valuer_per_share_4q_avg": 16.98,
            "equity": 9320000,
            "current_ratio": 247.94,
            "debt_ratio": 14.83,
            "inventory_turnover_ratio": 3.03,
            "account_receivable_turnover_ratio": null,
            "reinvestment_rate": -87.33,
            "research_to_sale_ratio": null,
            "price_fair": 18.07,
            "eps_avg_yearly": 0.52,
            "eps_latest_yearly": 0.64,
            "eps_growth_yearly": 373
        },
        "20054": {
            "year_quarter": 20054,
            "year": 2005,
            "quarter": 4,
            "eps": -0.08,
            "eps_growth_year": null,
            "eps_4q": 0.18,
            "eps_4q_growth_year": 113.76,
            "roe": -0.49,
            "roe_4q": 1.07,
            "gross_profit": 188012,
            "gross_margin": 28.81,
            "gross_margin_4q_avg": 35.15,
            "net_income": -45539,
            "net_income_4q": null,
            "revenue": 652495,
            "revenue_4q": null,
            "common_shares": 5358281,
            "book_valuer_per_share": 17.3,
            "book_valuer_per_share_4q_avg": 17.25,
            "equity": 9271810,
            "current_ratio": 163.44,
            "debt_ratio": 28.02,
            "inventory_turnover_ratio": 1.82,
            "account_receivable_turnover_ratio": null,
            "reinvestment_rate": 1.46,
            "research_to_sale_ratio": null,
            "price_fair": 18.07,
            "eps_avg_yearly": 0.52,
            "eps_latest_yearly": 0.64,
            "eps_growth_yearly": 373
        },
        "20061": {
            "year_quarter": 20061,
            "year": 2006,
            "quarter": 1,
            "eps": 0,
            "eps_growth_year": -100,
            "eps_4q": 0.18,
            "eps_4q_growth_year": 334.66,
            "roe": 0.02,
            "roe_4q": 1.03,
            "gross_profit": 209634,
            "gross_margin": 29.07,
            "gross_margin_4q_avg": 34.92,
            "net_income": 1828,
            "net_income_4q": null,
            "revenue": 721177,
            "revenue_4q": null,
            "common_shares": 5358281,
            "book_valuer_per_share": 17.3,
            "book_valuer_per_share_4q_avg": 17.26,
            "equity": 9271285,
            "current_ratio": 277.66,
            "debt_ratio": 12.34,
            "inventory_turnover_ratio": 2.06,
            "account_receivable_turnover_ratio": null,
            "reinvestment_rate": -102.36,
            "research_to_sale_ratio": null,
            "price_fair": 18.06,
            "eps_avg_yearly": 0.52,
            "eps_latest_yearly": 0.64,
            "eps_growth_yearly": 376.01
        },
        "20062": {
            "year_quarter": 20062,
            "year": 2006,
            "quarter": 2,
            "eps": 0.05,
            "eps_growth_year": null,
            "eps_4q": 0.27,
            "eps_4q_growth_year": null,
            "roe": 0.28,
            "roe_4q": 1.52,
            "gross_profit": 325533,
            "gross_margin": 36.59,
            "gross_margin_4q_avg": 34.09,
            "net_income": 25466,
            "net_income_4q": null,
            "revenue": 889760,
            "revenue_4q": null,
            "common_shares": 5358281,
            "book_valuer_per_share": 17.09,
            "book_valuer_per_share_4q_avg": 17.27,
            "equity": 9156490,
            "current_ratio": 217.52,
            "debt_ratio": 14.79,
            "inventory_turnover_ratio": 2.56,
            "account_receivable_turnover_ratio": null,
            "reinvestment_rate": -106.83,
            "research_to_sale_ratio": null,
            "price_fair": 18.2,
            "eps_avg_yearly": 0.52,
            "eps_latest_yearly": 0.64,
            "eps_growth_yearly": 421.21
        },
        "20063": {
            "year_quarter": 20063,
            "year": 2006,
            "quarter": 3,
            "eps": 0.2,
            "eps_growth_year": -31.03,
            "eps_4q": 0.17,
            "eps_4q_growth_year": 72.57,
            "roe": 1.13,
            "roe_4q": 0.94,
            "gross_profit": 424592,
            "gross_margin": 40.76,
            "gross_margin_4q_avg": 33.81,
            "net_income": 104570,
            "net_income_4q": null,
            "revenue": 1041757,
            "revenue_4q": null,
            "common_shares": 5358281,
            "book_valuer_per_share": 17.31,
            "book_valuer_per_share_4q_avg": 17.25,
            "equity": 9277644,
            "current_ratio": 278.48,
            "debt_ratio": 12.5,
            "inventory_turnover_ratio": 2.73,
            "account_receivable_turnover_ratio": null,
            "reinvestment_rate": -120.54,
            "research_to_sale_ratio": null,
            "price_fair": 16.02,
            "eps_avg_yearly": 0.46,
            "eps_latest_yearly": 0.8,
            "eps_growth_yearly": 473.06
        },
        "20064": {
            "year_quarter": 20064,
            "year": 2006,
            "quarter": 4,
            "eps": -0.03,
            "eps_growth_year": null,
            "eps_4q": 0.21,
            "eps_4q_growth_year": 16.63,
            "roe": -0.2,
            "roe_4q": 1.23,
            "gross_profit": 136239,
            "gross_margin": 24.73,
            "gross_margin_4q_avg": 32.79,
            "net_income": -18357,
            "net_income_4q": null,
            "revenue": 550813,
            "revenue_4q": null,
            "common_shares": 5358281,
            "book_valuer_per_share": 17.27,
            "book_valuer_per_share_4q_avg": 17.24,
            "equity": 9253908,
            "current_ratio": 202.19,
            "debt_ratio": 26.33,
            "inventory_turnover_ratio": 1.66,
            "account_receivable_turnover_ratio": null,
            "reinvestment_rate": -196.99,
            "research_to_sale_ratio": null,
            "price_fair": 17.33,
            "eps_avg_yearly": 0.5,
            "eps_latest_yearly": 0.8,
            "eps_growth_yearly": 576.31
        },
        "20071": {
            "year_quarter": 20071,
            "year": 2007,
            "quarter": 1,
            "eps": 0.1,
            "eps_growth_year": null,
            "eps_4q": 0.31,
            "eps_4q_growth_year": 74.59,
            "roe": 0.58,
            "roe_4q": 1.7899999999999998,
            "gross_profit": 209885,
            "gross_margin": 30.73,
            "gross_margin_4q_avg": 33.2,
            "net_income": 54022,
            "net_income_4q": null,
            "revenue": 683043,
            "revenue_4q": null,
            "common_shares": 5358281,
            "book_valuer_per_share": 17.39,
            "book_valuer_per_share_4q_avg": 17.27,
            "equity": 9317012,
            "current_ratio": 394.47,
            "debt_ratio": 11.42,
            "inventory_turnover_ratio": 1.95,
            "account_receivable_turnover_ratio": null,
            "reinvestment_rate": -125.84,
            "research_to_sale_ratio": null,
            "price_fair": 18,
            "eps_avg_yearly": 0.51,
            "eps_latest_yearly": 0.8,
            "eps_growth_yearly": 587.21
        },
        "20072": {
            "year_quarter": 20072,
            "year": 2007,
            "quarter": 2,
            "eps": 0.08,
            "eps_growth_year": 60,
            "eps_4q": 0.35,
            "eps_4q_growth_year": 26.94,
            "roe": 0.45,
            "roe_4q": 1.96,
            "gross_profit": 307235,
            "gross_margin": 36.85,
            "gross_margin_4q_avg": 33.27,
            "net_income": 41991,
            "net_income_4q": null,
            "revenue": 833718,
            "revenue_4q": null,
            "common_shares": 5358281,
            "book_valuer_per_share": 17.27,
            "book_valuer_per_share_4q_avg": 17.31,
            "equity": 9251462,
            "current_ratio": 260.36,
            "debt_ratio": 14.21,
            "inventory_turnover_ratio": 2.34,
            "account_receivable_turnover_ratio": null,
            "reinvestment_rate": -116.31,
            "research_to_sale_ratio": null,
            "price_fair": 18.2,
            "eps_avg_yearly": 0.52,
            "eps_latest_yearly": 0.32,
            "eps_growth_yearly": 588.48
        },
        "20073": {
            "year_quarter": 20073,
            "year": 2007,
            "quarter": 3,
            "eps": 0.28,
            "eps_growth_year": 40,
            "eps_4q": 0.43,
            "eps_4q_growth_year": 157.49,
            "roe": 1.61,
            "roe_4q": 2.44,
            "gross_profit": 426382,
            "gross_margin": 41.11,
            "gross_margin_4q_avg": 33.36,
            "net_income": 149831,
            "net_income_4q": null,
            "revenue": 1037106,
            "revenue_4q": null,
            "common_shares": 5358281,
            "book_valuer_per_share": 17.52,
            "book_valuer_per_share_4q_avg": 17.36,
            "equity": 9388278,
            "current_ratio": 300.86,
            "debt_ratio": 13.24,
            "inventory_turnover_ratio": 2.7,
            "account_receivable_turnover_ratio": null,
            "reinvestment_rate": -121.49,
            "research_to_sale_ratio": null,
            "price_fair": 16.6,
            "eps_avg_yearly": 0.47,
            "eps_latest_yearly": 1.12,
            "eps_growth_yearly": 494.6
        },
        "20074": {
            "year_quarter": 20074,
            "year": 2007,
            "quarter": 4,
            "eps": -0.18,
            "eps_growth_year": null,
            "eps_4q": 0.28,
            "eps_4q_growth_year": 33.36,
            "roe": -1.03,
            "roe_4q": 1.6099999999999999,
            "gross_profit": 98063,
            "gross_margin": 18.06,
            "gross_margin_4q_avg": 31.69,
            "net_income": -95956,
            "net_income_4q": null,
            "revenue": 543058,
            "revenue_4q": null,
            "common_shares": 5358281,
            "book_valuer_per_share": 17.38,
            "book_valuer_per_share_4q_avg": 17.39,
            "equity": 9314483,
            "current_ratio": 240.83,
            "debt_ratio": 25.81,
            "inventory_turnover_ratio": 1.66,
            "account_receivable_turnover_ratio": null,
            "reinvestment_rate": -343.77,
            "research_to_sale_ratio": null,
            "price_fair": 18.9,
            "eps_avg_yearly": 0.54,
            "eps_latest_yearly": 1.12,
            "eps_growth_yearly": 640
        },
        "20081": {
            "year_quarter": 20081,
            "year": 2008,
            "quarter": 1,
            "eps": 0.06,
            "eps_growth_year": -40,
            "eps_4q": 0.23,
            "eps_4q_growth_year": -25.45,
            "roe": 0.37,
            "roe_4q": 1.4000000000000001,
            "gross_profit": 262814,
            "gross_margin": 28.42,
            "gross_margin_4q_avg": 31.11,
            "net_income": 34104,
            "net_income_4q": null,
            "revenue": 924827,
            "revenue_4q": null,
            "common_shares": 5358281,
            "book_valuer_per_share": 17.43,
            "book_valuer_per_share_4q_avg": 17.4,
            "equity": 9339341,
            "current_ratio": 226.23,
            "debt_ratio": 26.54,
            "inventory_turnover_ratio": 1.87,
            "account_receivable_turnover_ratio": null,
            "reinvestment_rate": 53.53,
            "research_to_sale_ratio": null,
            "price_fair": 21.28,
            "eps_avg_yearly": 0.61,
            "eps_latest_yearly": 1.12,
            "eps_growth_yearly": 648
        },
        "20082": {
            "year_quarter": 20082,
            "year": 2008,
            "quarter": 2,
            "eps": 0.1,
            "eps_growth_year": 25,
            "eps_4q": 0.27,
            "eps_4q_growth_year": -22.52,
            "roe": 0.56,
            "roe_4q": 1.5100000000000002,
            "gross_profit": 391418,
            "gross_margin": 32.66,
            "gross_margin_4q_avg": 30.06,
            "net_income": 52057,
            "net_income_4q": null,
            "revenue": 1198630,
            "revenue_4q": null,
            "common_shares": 5358281,
            "book_valuer_per_share": 17.26,
            "book_valuer_per_share_4q_avg": 17.4,
            "equity": 9249063,
            "current_ratio": 187.54,
            "debt_ratio": 28.49,
            "inventory_turnover_ratio": 1.99,
            "account_receivable_turnover_ratio": null,
            "reinvestment_rate": 61.69,
            "research_to_sale_ratio": null,
            "price_fair": 22.96,
            "eps_avg_yearly": 0.66,
            "eps_latest_yearly": 0.4,
            "eps_growth_yearly": 717.33
        },
        "20083": {
            "year_quarter": 20083,
            "year": 2008,
            "quarter": 3,
            "eps": 0.21,
            "eps_growth_year": -25,
            "eps_4q": 0.19,
            "eps_4q_growth_year": -54.89,
            "roe": 1.21,
            "roe_4q": 1.11,
            "gross_profit": 482567,
            "gross_margin": 34.46,
            "gross_margin_4q_avg": 28.4,
            "net_income": 112892,
            "net_income_4q": null,
            "revenue": 1400211,
            "revenue_4q": null,
            "common_shares": 5358281,
            "book_valuer_per_share": 17.53,
            "book_valuer_per_share_4q_avg": 17.4,
            "equity": 9391403,
            "current_ratio": 217.4,
            "debt_ratio": 26.67,
            "inventory_turnover_ratio": 2.21,
            "account_receivable_turnover_ratio": null,
            "reinvestment_rate": 94.79,
            "research_to_sale_ratio": null,
            "price_fair": 24.36,
            "eps_avg_yearly": 0.7,
            "eps_latest_yearly": 0.84,
            "eps_growth_yearly": 565.33
        },
        "20084": {
            "year_quarter": 20084,
            "year": 2008,
            "quarter": 4,
            "eps": 0.01,
            "eps_growth_year": null,
            "eps_4q": 0.39,
            "eps_4q_growth_year": 39.29,
            "roe": 0.08,
            "roe_4q": 2.22,
            "gross_profit": 203428,
            "gross_margin": 24.01,
            "gross_margin_4q_avg": 29.89,
            "net_income": 7455,
            "net_income_4q": null,
            "revenue": 847131,
            "revenue_4q": null,
            "common_shares": 5358281,
            "book_valuer_per_share": 17.55,
            "book_valuer_per_share_4q_avg": 17.44,
            "equity": 9405337,
            "current_ratio": 242.75,
            "debt_ratio": 25.6,
            "inventory_turnover_ratio": 1.66,
            "account_receivable_turnover_ratio": 4.31,
            "reinvestment_rate": -257.73,
            "research_to_sale_ratio": null,
            "price_fair": 20.53,
            "eps_avg_yearly": 0.59,
            "eps_latest_yearly": 0.04,
            "eps_growth_yearly": 407.62
        },
        "20091": {
            "year_quarter": 20091,
            "year": 2009,
            "quarter": 1,
            "eps": 0.11,
            "eps_growth_year": 83.33,
            "eps_4q": 0.44,
            "eps_4q_growth_year": 91.18,
            "roe": 0.61,
            "roe_4q": 2.46,
            "gross_profit": 287893,
            "gross_margin": 29.31,
            "gross_margin_4q_avg": 30.11,
            "net_income": 57968,
            "net_income_4q": null,
            "revenue": 982355,
            "revenue_4q": null,
            "common_shares": 5358281,
            "book_valuer_per_share": 17.69,
            "book_valuer_per_share_4q_avg": 17.51,
            "equity": 9477810,
            "current_ratio": 244.79,
            "debt_ratio": 25.84,
            "inventory_turnover_ratio": 1.75,
            "account_receivable_turnover_ratio": 2.38,
            "reinvestment_rate": 77.98,
            "research_to_sale_ratio": null,
            "price_fair": 19.8,
            "eps_avg_yearly": 0.57,
            "eps_latest_yearly": 0.44,
            "eps_growth_yearly": 920.82
        },
        "20092": {
            "year_quarter": 20092,
            "year": 2009,
            "quarter": 2,
            "eps": 0.11,
            "eps_growth_year": 10,
            "eps_4q": 0.46,
            "eps_4q_growth_year": 69.37,
            "roe": 0.6,
            "roe_4q": 2.5,
            "gross_profit": 441144,
            "gross_margin": 33.98,
            "gross_margin_4q_avg": 30.44,
            "net_income": 56751,
            "net_income_4q": null,
            "revenue": 1298384,
            "revenue_4q": null,
            "common_shares": 5358281,
            "book_valuer_per_share": 17.48,
            "book_valuer_per_share_4q_avg": 17.56,
            "equity": 9364700,
            "current_ratio": 194.58,
            "debt_ratio": 28.55,
            "inventory_turnover_ratio": 1.98,
            "account_receivable_turnover_ratio": 2.4,
            "reinvestment_rate": 67.91,
            "research_to_sale_ratio": null,
            "price_fair": 19.25,
            "eps_avg_yearly": 0.55,
            "eps_latest_yearly": 0.44,
            "eps_growth_yearly": 805.71
        },
        "20093": {
            "year_quarter": 20093,
            "year": 2009,
            "quarter": 3,
            "eps": 0.37,
            "eps_growth_year": 76.19,
            "eps_4q": 0.6,
            "eps_4q_growth_year": 211.15,
            "roe": 2.11,
            "roe_4q": 3.4,
            "gross_profit": 670733,
            "gross_margin": 37.65,
            "gross_margin_4q_avg": 31.24,
            "net_income": 199387,
            "net_income_4q": null,
            "revenue": 1781528,
            "revenue_4q": null,
            "common_shares": 5358281,
            "book_valuer_per_share": 17.83,
            "book_valuer_per_share_4q_avg": 17.64,
            "equity": 9555539,
            "current_ratio": 223.54,
            "debt_ratio": 27.67,
            "inventory_turnover_ratio": 2.61,
            "account_receivable_turnover_ratio": 2.31,
            "reinvestment_rate": 60.32,
            "research_to_sale_ratio": null,
            "price_fair": 22.87,
            "eps_avg_yearly": 0.65,
            "eps_latest_yearly": 1.48,
            "eps_growth_yearly": 821.24
        },
        "20094": {
            "year_quarter": 20094,
            "year": 2009,
            "quarter": 4,
            "eps": 0.01,
            "eps_growth_year": 0,
            "eps_4q": 0.6,
            "eps_4q_growth_year": 53.7,
            "roe": 0.07,
            "roe_4q": 3.3899999999999997,
            "gross_profit": 232952,
            "gross_margin": 23.35,
            "gross_margin_4q_avg": 31.07,
            "net_income": 7088,
            "net_income_4q": null,
            "revenue": 997489,
            "revenue_4q": null,
            "common_shares": 5358281,
            "book_valuer_per_share": 17.85,
            "book_valuer_per_share_4q_avg": 17.71,
            "equity": 9566717,
            "current_ratio": 249.26,
            "debt_ratio": 26.59,
            "inventory_turnover_ratio": 1.78,
            "account_receivable_turnover_ratio": 2.51,
            "reinvestment_rate": -145.78,
            "research_to_sale_ratio": null,
            "price_fair": 20.72,
            "eps_avg_yearly": 0.59,
            "eps_latest_yearly": 0.04,
            "eps_growth_yearly": 700.2
        },
        "20101": {
            "year_quarter": 20101,
            "year": 2010,
            "quarter": 1,
            "eps": 0.12,
            "eps_growth_year": 9.09,
            "eps_4q": 0.61,
            "eps_4q_growth_year": 39.26,
            "roe": 0.66,
            "roe_4q": 3.44,
            "gross_profit": 364410,
            "gross_margin": 30.12,
            "gross_margin_4q_avg": 31.28,
            "net_income": 62974,
            "net_income_4q": null,
            "revenue": 1209984,
            "revenue_4q": null,
            "common_shares": 5358281,
            "book_valuer_per_share": 17.97,
            "book_valuer_per_share_4q_avg": 17.78,
            "equity": 9627578,
            "current_ratio": 256.22,
            "debt_ratio": 26.66,
            "inventory_turnover_ratio": 1.87,
            "account_receivable_turnover_ratio": 1.35,
            "reinvestment_rate": 85.78,
            "research_to_sale_ratio": 0.72,
            "price_fair": 20.36,
            "eps_avg_yearly": 0.58,
            "eps_latest_yearly": 0.48,
            "eps_growth_yearly": 1036.54
        },
        "20102": {
            "year_quarter": 20102,
            "year": 2010,
            "quarter": 2,
            "eps": 0.11,
            "eps_growth_year": 1.39,
            "eps_4q": 0.61,
            "eps_4q_growth_year": 34.84,
            "roe": 0.63,
            "roe_4q": 3.4699999999999998,
            "gross_profit": 381229,
            "gross_margin": 29.49,
            "gross_margin_4q_avg": 30.15,
            "net_income": 59758,
            "net_income_4q": null,
            "revenue": 1292950,
            "revenue_4q": null,
            "common_shares": 5358281,
            "book_valuer_per_share": 17.64,
            "book_valuer_per_share_4q_avg": 17.82,
            "equity": 9454520,
            "current_ratio": 205.47,
            "debt_ratio": 29.06,
            "inventory_turnover_ratio": 2.02,
            "account_receivable_turnover_ratio": 1.21,
            "reinvestment_rate": 88.31,
            "research_to_sale_ratio": 0.55,
            "price_fair": 19.95,
            "eps_avg_yearly": 0.57,
            "eps_latest_yearly": 0.44,
            "eps_growth_yearly": 947.39
        },
        "20103": {
            "year_quarter": 20103,
            "year": 2010,
            "quarter": 3,
            "eps": 0.38,
            "eps_growth_year": 2.93,
            "eps_4q": 0.62,
            "eps_4q_growth_year": 4.43,
            "roe": 2.14,
            "roe_4q": 3.5,
            "gross_profit": 638466,
            "gross_margin": 35.78,
            "gross_margin_4q_avg": 29.69,
            "net_income": 204072,
            "net_income_4q": null,
            "revenue": 1784640,
            "revenue_4q": null,
            "common_shares": 5358281,
            "book_valuer_per_share": 18.02,
            "book_valuer_per_share_4q_avg": 17.87,
            "equity": 9653705,
            "current_ratio": 245.75,
            "debt_ratio": 27.36,
            "inventory_turnover_ratio": 2.64,
            "account_receivable_turnover_ratio": 1.39,
            "reinvestment_rate": 80.94,
            "research_to_sale_ratio": 0.34,
            "price_fair": 22.05,
            "eps_avg_yearly": 0.63,
            "eps_latest_yearly": 1.52,
            "eps_growth_yearly": 929.21
        },
        "20104": {
            "year_quarter": 20104,
            "year": 2010,
            "quarter": 4,
            "eps": 0.01,
            "eps_growth_year": -24.92,
            "eps_4q": 0.62,
            "eps_4q_growth_year": 3,
            "roe": 0.04,
            "roe_4q": 3.47,
            "gross_profit": 222738,
            "gross_margin": 17.83,
            "gross_margin_4q_avg": 28.31,
            "net_income": 4023,
            "net_income_4q": null,
            "revenue": 1249516,
            "revenue_4q": null,
            "common_shares": 5358281,
            "book_valuer_per_share": 18.17,
            "book_valuer_per_share_4q_avg": 17.95,
            "equity": 9734785,
            "current_ratio": 252.14,
            "debt_ratio": 26.23,
            "inventory_turnover_ratio": 2.08,
            "account_receivable_turnover_ratio": 1.2,
            "reinvestment_rate": 31.65,
            "research_to_sale_ratio": 0.57,
            "price_fair": 20.46,
            "eps_avg_yearly": 0.58,
            "eps_latest_yearly": 0.04,
            "eps_growth_yearly": 827.77
        },
        "20111": {
            "year_quarter": 20111,
            "year": 2011,
            "quarter": 1,
            "eps": 0.12,
            "eps_growth_year": 0,
            "eps_4q": 0.62,
            "eps_4q_growth_year": 1.79,
            "roe": 0.66,
            "roe_4q": 3.47,
            "gross_profit": 353694,
            "gross_margin": 21.23,
            "gross_margin_4q_avg": 26.08,
            "net_income": 64171,
            "net_income_4q": null,
            "revenue": 1666010,
            "revenue_4q": null,
            "common_shares": 5358281,
            "book_valuer_per_share": 18.29,
            "book_valuer_per_share_4q_avg": 18.03,
            "equity": 9802639,
            "current_ratio": 248.91,
            "debt_ratio": 26.62,
            "inventory_turnover_ratio": 2.28,
            "account_receivable_turnover_ratio": 2.34,
            "reinvestment_rate": 108.59,
            "research_to_sale_ratio": 0.46,
            "price_fair": 20.2,
            "eps_avg_yearly": 0.58,
            "eps_latest_yearly": 0.48,
            "eps_growth_yearly": 1082.93
        },
        "20112": {
            "year_quarter": 20112,
            "year": 2011,
            "quarter": 2,
            "eps": 0.19,
            "eps_growth_year": 69.91,
            "eps_4q": 0.7,
            "eps_4q_growth_year": 13.55,
            "roe": 1.04,
            "roe_4q": 3.8800000000000003,
            "gross_profit": 421098,
            "gross_margin": 25.17,
            "gross_margin_4q_avg": 25,
            "net_income": 101537,
            "net_income_4q": null,
            "revenue": 1672955,
            "revenue_4q": null,
            "common_shares": 5358281,
            "book_valuer_per_share": 17.98,
            "book_valuer_per_share_4q_avg": 18.12,
            "equity": 9633724,
            "current_ratio": 199.57,
            "debt_ratio": 29.1,
            "inventory_turnover_ratio": 2.07,
            "account_receivable_turnover_ratio": 1.78,
            "reinvestment_rate": 107.21,
            "research_to_sale_ratio": 0.43,
            "price_fair": 21.3,
            "eps_avg_yearly": 0.61,
            "eps_latest_yearly": 0.76,
            "eps_growth_yearly": 1105.31
        },
        "20113": {
            "year_quarter": 20113,
            "year": 2011,
            "quarter": 3,
            "eps": 0.36,
            "eps_growth_year": -5.14,
            "eps_4q": 0.68,
            "eps_4q_growth_year": 8.81,
            "roe": 1.99,
            "roe_4q": 3.7300000000000004,
            "gross_profit": 592344,
            "gross_margin": 32.26,
            "gross_margin_4q_avg": 24.12,
            "net_income": 193575,
            "net_income_4q": null,
            "revenue": 1836376,
            "revenue_4q": null,
            "common_shares": 5358281,
            "book_valuer_per_share": 18.37,
            "book_valuer_per_share_4q_avg": 18.2,
            "equity": 9841934,
            "current_ratio": 224.47,
            "debt_ratio": 27.96,
            "inventory_turnover_ratio": 1.57,
            "account_receivable_turnover_ratio": 1.53,
            "reinvestment_rate": 106.36,
            "research_to_sale_ratio": 0.38,
            "price_fair": 22.1,
            "eps_avg_yearly": 0.63,
            "eps_latest_yearly": 1.44,
            "eps_growth_yearly": 1059.44
        },
        "20114": {
            "year_quarter": 20114,
            "year": 2011,
            "quarter": 4,
            "eps": 0.06,
            "eps_growth_year": 721.6,
            "eps_4q": 0.73,
            "eps_4q_growth_year": 18.59,
            "roe": 0.29,
            "roe_4q": 3.98,
            "gross_profit": 289884,
            "gross_margin": 19.64,
            "gross_margin_4q_avg": 24.58,
            "net_income": 33053,
            "net_income_4q": null,
            "revenue": 1475819,
            "revenue_4q": null,
            "common_shares": 5358281,
            "book_valuer_per_share": 23.96,
            "book_valuer_per_share_4q_avg": 19.65,
            "equity": 12839825,
            "current_ratio": 243.13,
            "debt_ratio": 24.5,
            "inventory_turnover_ratio": 1.24,
            "account_receivable_turnover_ratio": 1.47,
            "reinvestment_rate": 102.85,
            "research_to_sale_ratio": 0.46,
            "price_fair": 21.19,
            "eps_avg_yearly": 0.61,
            "eps_latest_yearly": 0.24,
            "eps_growth_yearly": 966.59
        },
        "20121": {
            "year_quarter": 20121,
            "year": 2012,
            "quarter": 1,
            "eps": 0.11,
            "eps_growth_year": -8.33,
            "eps_4q": 0.72,
            "eps_4q_growth_year": 16.25,
            "roe": 0.45,
            "roe_4q": 3.77,
            "gross_profit": 357751,
            "gross_margin": 21.32,
            "gross_margin_4q_avg": 24.6,
            "net_income": 57812,
            "net_income_4q": null,
            "revenue": 1678269,
            "revenue_4q": null,
            "common_shares": 5358281,
            "book_valuer_per_share": 24.07,
            "book_valuer_per_share_4q_avg": 21.1,
            "equity": 12894997,
            "current_ratio": 270.32,
            "debt_ratio": 24.82,
            "inventory_turnover_ratio": 1.28,
            "account_receivable_turnover_ratio": 2.11,
            "reinvestment_rate": 98.27,
            "research_to_sale_ratio": 0.54,
            "price_fair": 20.83,
            "eps_avg_yearly": 0.6,
            "eps_latest_yearly": 0.44,
            "eps_growth_yearly": 927.01
        },
        "20122": {
            "year_quarter": 20122,
            "year": 2012,
            "quarter": 2,
            "eps": 0.19,
            "eps_growth_year": 1.95,
            "eps_4q": 0.72,
            "eps_4q_growth_year": 3.79,
            "roe": 0.81,
            "roe_4q": 3.54,
            "gross_profit": 431810,
            "gross_margin": 28.8,
            "gross_margin_4q_avg": 25.51,
            "net_income": 103513,
            "net_income_4q": null,
            "revenue": 1499102,
            "revenue_4q": null,
            "common_shares": 5358281,
            "book_valuer_per_share": 23.66,
            "book_valuer_per_share_4q_avg": 22.52,
            "equity": 12677254,
            "current_ratio": 218.98,
            "debt_ratio": 27.26,
            "inventory_turnover_ratio": 0.9,
            "account_receivable_turnover_ratio": 1.48,
            "reinvestment_rate": 92.11,
            "research_to_sale_ratio": 0.46,
            "price_fair": 21.61,
            "eps_avg_yearly": 0.62,
            "eps_latest_yearly": 0.76,
            "eps_growth_yearly": 928.53
        },
        "20123": {
            "year_quarter": 20123,
            "year": 2012,
            "quarter": 3,
            "eps": 0.37,
            "eps_growth_year": 2.6,
            "eps_4q": 0.73,
            "eps_4q_growth_year": 8.17,
            "roe": 1.55,
            "roe_4q": 3.1000000000000005,
            "gross_profit": 688510,
            "gross_margin": 33.38,
            "gross_margin_4q_avg": 25.79,
            "net_income": 198617,
            "net_income_4q": null,
            "revenue": 2062514,
            "revenue_4q": null,
            "common_shares": 5358281,
            "book_valuer_per_share": 24.02,
            "book_valuer_per_share_4q_avg": 23.93,
            "equity": 12872264,
            "current_ratio": 236.26,
            "debt_ratio": 26.61,
            "inventory_turnover_ratio": 1,
            "account_receivable_turnover_ratio": 1.46,
            "reinvestment_rate": 81.04,
            "research_to_sale_ratio": 0.32,
            "price_fair": 23.01,
            "eps_avg_yearly": 0.66,
            "eps_latest_yearly": 1.48,
            "eps_growth_yearly": 924.71
        },
        "20124": {
            "year_quarter": 20124,
            "year": 2012,
            "quarter": 4,
            "eps": 14.47,
            "eps_growth_year": 23357.96,
            "eps_4q": 15.14,
            "eps_4q_growth_year": 1968,
            "roe": 46.77,
            "roe_4q": 49.580000000000005,
            "gross_profit": 254785,
            "gross_margin": 15.74,
            "gross_margin_4q_avg": 24.81,
            "net_income": 7753582,
            "net_income_4q": null,
            "revenue": 1618589,
            "revenue_4q": null,
            "common_shares": 5358281,
            "book_valuer_per_share": 37.86,
            "book_valuer_per_share_4q_avg": 27.4,
            "equity": 20286789,
            "current_ratio": 839.95,
            "debt_ratio": 16.67,
            "inventory_turnover_ratio": 0.98,
            "account_receivable_turnover_ratio": 1.27,
            "reinvestment_rate": 14.68,
            "research_to_sale_ratio": 0.53,
            "price_fair": 149.54,
            "eps_avg_yearly": 4.27,
            "eps_latest_yearly": 57.88,
            "eps_growth_yearly": 1901.23
        },
        "20131": {
            "year_quarter": 20131,
            "year": 2013,
            "quarter": 1,
            "eps": 0.19,
            "eps_growth_year": 72.73,
            "eps_4q": 15.23,
            "eps_4q_growth_year": 2013.7,
            "roe": 0.51,
            "roe_4q": 49.64,
            "gross_profit": 384171,
            "gross_margin": 24.39,
            "gross_margin_4q_avg": 25.58,
            "net_income": 102664,
            "net_income_4q": null,
            "revenue": 1574855,
            "revenue_4q": null,
            "common_shares": 5358281,
            "book_valuer_per_share": 37.96,
            "book_valuer_per_share_4q_avg": 30.88,
            "equity": 20342528,
            "current_ratio": 686.79,
            "debt_ratio": 17.71,
            "inventory_turnover_ratio": 0.86,
            "account_receivable_turnover_ratio": 2.22,
            "reinvestment_rate": 19.76,
            "research_to_sale_ratio": 0.79,
            "price_fair": 150.24,
            "eps_avg_yearly": 4.29,
            "eps_latest_yearly": 0.76,
            "eps_growth_yearly": 1626.55
        },
        "20132": {
            "year_quarter": 20132,
            "year": 2013,
            "quarter": 2,
            "eps": -0.97,
            "eps_growth_year": -602.11,
            "eps_4q": 14.06,
            "eps_4q_growth_year": 1842.52,
            "roe": -2.67,
            "roe_4q": 46.16,
            "gross_profit": 433256,
            "gross_margin": 26.77,
            "gross_margin_4q_avg": 25.07,
            "net_income": -518804,
            "net_income_4q": null,
            "revenue": 1618714,
            "revenue_4q": null,
            "common_shares": 5358281,
            "book_valuer_per_share": 34.5,
            "book_valuer_per_share_4q_avg": 33.59,
            "equity": 18485341,
            "current_ratio": 323.12,
            "debt_ratio": 25.28,
            "inventory_turnover_ratio": 0.74,
            "account_receivable_turnover_ratio": 2.57,
            "reinvestment_rate": 21.85,
            "research_to_sale_ratio": 0.52,
            "price_fair": 159.23,
            "eps_avg_yearly": 4.55,
            "eps_latest_yearly": 0.76,
            "eps_growth_yearly": 1734.99
        },
        "20133": {
            "year_quarter": 20133,
            "year": 2013,
            "quarter": 3,
            "eps": 0.49,
            "eps_growth_year": 32.19,
            "eps_4q": 18.85,
            "eps_4q_growth_year": 2470.49,
            "roe": 1.33,
            "roe_4q": 45.940000000000005,
            "gross_profit": 672038,
            "gross_margin": 31.58,
            "gross_margin_4q_avg": 24.62,
            "net_income": 238980,
            "net_income_4q": null,
            "revenue": 2128231,
            "revenue_4q": null,
            "common_shares": 4018711,
            "book_valuer_per_share": 43.26,
            "book_valuer_per_share_4q_avg": 38.4,
            "equity": 17383853,
            "current_ratio": 281.36,
            "debt_ratio": 26.28,
            "inventory_turnover_ratio": 0.79,
            "account_receivable_turnover_ratio": 2.78,
            "reinvestment_rate": 19.08,
            "research_to_sale_ratio": 0.42,
            "price_fair": 166.9,
            "eps_avg_yearly": 4.77,
            "eps_latest_yearly": 0.76,
            "eps_growth_yearly": 1791.39
        },
        "20134": {
            "year_quarter": 20134,
            "year": 2013,
            "quarter": 4,
            "eps": 1.22,
            "eps_growth_year": -91.59,
            "eps_4q": 0.78,
            "eps_4q_growth_year": -94.87,
            "roe": 2.78,
            "roe_4q": 1.9499999999999995,
            "gross_profit": 349656,
            "gross_margin": 28.76,
            "gross_margin_4q_avg": 27.88,
            "net_income": 489279,
            "net_income_4q": null,
            "revenue": 1215918,
            "revenue_4q": null,
            "common_shares": 4018711,
            "book_valuer_per_share": 44.23,
            "book_valuer_per_share_4q_avg": 39.99,
            "equity": 17775131,
            "current_ratio": 449.21,
            "debt_ratio": 20.08,
            "inventory_turnover_ratio": 0.45,
            "account_receivable_turnover_ratio": 2,
            "reinvestment_rate": 14.62,
            "research_to_sale_ratio": 0.96,
            "price_fair": 179,
            "eps_avg_yearly": 5.11,
            "eps_latest_yearly": 4.88,
            "eps_growth_yearly": 1861.75
        },
        "20141": {
            "year_quarter": 20141,
            "year": 2014,
            "quarter": 1,
            "eps": 0.16,
            "eps_growth_year": -15.79,
            "eps_4q": 0.68,
            "eps_4q_growth_year": -95.53,
            "roe": 0.36,
            "roe_4q": 1.7999999999999998,
            "gross_profit": 340191,
            "gross_margin": 26.79,
            "gross_margin_4q_avg": 28.48,
            "net_income": 64286,
            "net_income_4q": null,
            "revenue": 1269748,
            "revenue_4q": null,
            "common_shares": 4018711,
            "book_valuer_per_share": 44.38,
            "book_valuer_per_share_4q_avg": 41.59,
            "equity": 17835803,
            "current_ratio": 437.69,
            "debt_ratio": 20.14,
            "inventory_turnover_ratio": 0.52,
            "account_receivable_turnover_ratio": 2.98,
            "reinvestment_rate": 15.02,
            "research_to_sale_ratio": 0.74,
            "price_fair": 179.4,
            "eps_avg_yearly": 5.13,
            "eps_latest_yearly": 0.64,
            "eps_growth_yearly": 1522.64
        },
        "20142": {
            "year_quarter": 20142,
            "year": 2014,
            "quarter": 2,
            "eps": 0.13,
            "eps_growth_year": null,
            "eps_4q": 2.11,
            "eps_4q_growth_year": -85.02,
            "roe": 0.31,
            "roe_4q": 4.779999999999999,
            "gross_profit": 430911,
            "gross_margin": 30.03,
            "gross_margin_4q_avg": 29.29,
            "net_income": 54120,
            "net_income_4q": null,
            "revenue": 1434750,
            "revenue_4q": null,
            "common_shares": 4018711,
            "book_valuer_per_share": 42.52,
            "book_valuer_per_share_4q_avg": 43.6,
            "equity": 17088590,
            "current_ratio": 275.39,
            "debt_ratio": 24.04,
            "inventory_turnover_ratio": 0.6,
            "account_receivable_turnover_ratio": 2.68,
            "reinvestment_rate": 38.44,
            "research_to_sale_ratio": 0.8,
            "price_fair": 179.6,
            "eps_avg_yearly": 5.13,
            "eps_latest_yearly": 0.52,
            "eps_growth_yearly": 1519.66
        },
        "20143": {
            "year_quarter": 20143,
            "year": 2014,
            "quarter": 3,
            "eps": 0.49,
            "eps_growth_year": 0,
            "eps_4q": 2,
            "eps_4q_growth_year": -89.4,
            "roe": 1.14,
            "roe_4q": 4.59,
            "gross_profit": 702097,
            "gross_margin": 35.38,
            "gross_margin_4q_avg": 30.24,
            "net_income": 195427,
            "net_income_4q": null,
            "revenue": 1984412,
            "revenue_4q": null,
            "common_shares": 4018711,
            "book_valuer_per_share": 43,
            "book_valuer_per_share_4q_avg": 43.53,
            "equity": 17281647,
            "current_ratio": 386.53,
            "debt_ratio": 20.54,
            "inventory_turnover_ratio": 0.81,
            "account_receivable_turnover_ratio": 2.75,
            "reinvestment_rate": 36.42,
            "research_to_sale_ratio": 0.54,
            "price_fair": 180.7,
            "eps_avg_yearly": 5.16,
            "eps_latest_yearly": 1.96,
            "eps_growth_yearly": 1528.66
        },
        "20144": {
            "year_quarter": 20144,
            "year": 2014,
            "quarter": 4,
            "eps": 0.2,
            "eps_growth_year": -83.42,
            "eps_4q": 0.98,
            "eps_4q_growth_year": 26.54,
            "roe": 0.47,
            "roe_4q": 2.28,
            "gross_profit": 327338,
            "gross_margin": 24.68,
            "gross_margin_4q_avg": 29.22,
            "net_income": 81125,
            "net_income_4q": null,
            "revenue": 1326484,
            "revenue_4q": null,
            "common_shares": 4018711,
            "book_valuer_per_share": 43.22,
            "book_valuer_per_share_4q_avg": 43.28,
            "equity": 17369599,
            "current_ratio": 472.01,
            "debt_ratio": 19.14,
            "inventory_turnover_ratio": 0.72,
            "account_receivable_turnover_ratio": 2.08,
            "reinvestment_rate": 33.88,
            "research_to_sale_ratio": 1.03,
            "price_fair": 182.6,
            "eps_avg_yearly": 5.22,
            "eps_latest_yearly": 0.8,
            "eps_growth_yearly": 1539.57
        },
        "20151": {
            "year_quarter": 20151,
            "year": 2015,
            "quarter": 1,
            "eps": 0.31,
            "eps_growth_year": 93.75,
            "eps_4q": 1.13,
            "eps_4q_growth_year": 65.74,
            "roe": 0.71,
            "roe_4q": 2.63,
            "gross_profit": 382218,
            "gross_margin": 28.71,
            "gross_margin_4q_avg": 29.7,
            "net_income": 123028,
            "net_income_4q": null,
            "revenue": 1331189,
            "revenue_4q": null,
            "common_shares": 4018711,
            "book_valuer_per_share": 43.58,
            "book_valuer_per_share_4q_avg": 43.08,
            "equity": 17512485,
            "current_ratio": 474.43,
            "debt_ratio": 19.1,
            "inventory_turnover_ratio": 0.8,
            "account_receivable_turnover_ratio": 2.53,
            "reinvestment_rate": 33.74,
            "research_to_sale_ratio": 0.81,
            "price_fair": 184.5,
            "eps_avg_yearly": 5.27,
            "eps_latest_yearly": 1.24,
            "eps_growth_yearly": 1240.99
        },
        "20152": {
            "year_quarter": 20152,
            "year": 2015,
            "quarter": 2,
            "eps": 0.38,
            "eps_growth_year": 192.31,
            "eps_4q": 1.38,
            "eps_4q_growth_year": -34.72,
            "roe": 0.88,
            "roe_4q": 3.1999999999999993,
            "gross_profit": 557933,
            "gross_margin": 36.45,
            "gross_margin_4q_avg": 31.31,
            "net_income": 153095,
            "net_income_4q": null,
            "revenue": 1530741,
            "revenue_4q": null,
            "common_shares": 4018711,
            "book_valuer_per_share": 42.75,
            "book_valuer_per_share_4q_avg": 43.14,
            "equity": 17178943,
            "current_ratio": 342.91,
            "debt_ratio": 21.81,
            "inventory_turnover_ratio": 0.87,
            "account_receivable_turnover_ratio": 2.34,
            "reinvestment_rate": 33.3,
            "research_to_sale_ratio": 0.71,
            "price_fair": 186.4,
            "eps_avg_yearly": 5.33,
            "eps_latest_yearly": 1.52,
            "eps_growth_yearly": 1230.78
        },
        "20153": {
            "year_quarter": 20153,
            "year": 2015,
            "quarter": 3,
            "eps": 0.72,
            "eps_growth_year": 46.94,
            "eps_4q": 1.61,
            "eps_4q_growth_year": -19.28,
            "roe": 1.68,
            "roe_4q": 3.74,
            "gross_profit": 767737,
            "gross_margin": 39.01,
            "gross_margin_4q_avg": 32.21,
            "net_income": 291045,
            "net_income_4q": null,
            "revenue": 1968198,
            "revenue_4q": null,
            "common_shares": 4018711,
            "book_valuer_per_share": 43.4,
            "book_valuer_per_share_4q_avg": 43.24,
            "equity": 17441581,
            "current_ratio": 436.09,
            "debt_ratio": 19.99,
            "inventory_turnover_ratio": 1.04,
            "account_receivable_turnover_ratio": 2.46,
            "reinvestment_rate": 29.1,
            "research_to_sale_ratio": 0.58,
            "price_fair": 190,
            "eps_avg_yearly": 5.43,
            "eps_latest_yearly": 2.88,
            "eps_growth_yearly": 1230.78
        },
        "20154": {
            "year_quarter": 20154,
            "year": 2015,
            "quarter": 4,
            "eps": 0.13,
            "eps_growth_year": -34.49,
            "eps_4q": 1.54,
            "eps_4q_growth_year": 57.06,
            "roe": 0.3,
            "roe_4q": 3.57,
            "gross_profit": 348653,
            "gross_margin": 22.78,
            "gross_margin_4q_avg": 31.74,
            "net_income": 53142,
            "net_income_4q": null,
            "revenue": 1530466,
            "revenue_4q": null,
            "common_shares": 4018711,
            "book_valuer_per_share": 43.34,
            "book_valuer_per_share_4q_avg": 43.27,
            "equity": 17417246,
            "current_ratio": 384.12,
            "debt_ratio": 21.22,
            "inventory_turnover_ratio": 0.66,
            "account_receivable_turnover_ratio": 2.18,
            "reinvestment_rate": 19.47,
            "research_to_sale_ratio": 0.82,
            "price_fair": 190.7,
            "eps_avg_yearly": 5.45,
            "eps_latest_yearly": 0.52,
            "eps_growth_yearly": 1231.18
        },
        "20161": {
            "year_quarter": 20161,
            "year": 2016,
            "quarter": 1,
            "eps": 0.22,
            "eps_growth_year": -29.03,
            "eps_4q": 1.46,
            "eps_4q_growth_year": 29.02,
            "roe": 0.5,
            "roe_4q": 3.36,
            "gross_profit": 405818,
            "gross_margin": 23.13,
            "gross_margin_4q_avg": 30.34,
            "net_income": 88077,
            "net_income_4q": null,
            "revenue": 1754858,
            "revenue_4q": null,
            "common_shares": 4018711,
            "book_valuer_per_share": 43.53,
            "book_valuer_per_share_4q_avg": 43.26,
            "equity": 17492986,
            "current_ratio": 375.26,
            "debt_ratio": 19.67,
            "inventory_turnover_ratio": 0.55,
            "account_receivable_turnover_ratio": 3.29,
            "reinvestment_rate": 20.44,
            "research_to_sale_ratio": 0.81,
            "price_fair": 191.8,
            "eps_avg_yearly": 5.48,
            "eps_latest_yearly": 0.88,
            "eps_growth_yearly": 1227.15
        },
        "20162": {
            "year_quarter": 20162,
            "year": 2016,
            "quarter": 2,
            "eps": 1.68,
            "eps_growth_year": 342.11,
            "eps_4q": 2.76,
            "eps_4q_growth_year": 100.41,
            "roe": 3.85,
            "roe_4q": 6.329999999999999,
            "gross_profit": 638973,
            "gross_margin": 29.34,
            "gross_margin_4q_avg": 28.57,
            "net_income": 675375,
            "net_income_4q": null,
            "revenue": 2178091,
            "revenue_4q": null,
            "common_shares": 4018711,
            "book_valuer_per_share": 43.66,
            "book_valuer_per_share_4q_avg": 43.48,
            "equity": 17546834,
            "current_ratio": 341.23,
            "debt_ratio": 20.46,
            "inventory_turnover_ratio": 0.56,
            "account_receivable_turnover_ratio": 3.06,
            "reinvestment_rate": 19.67,
            "research_to_sale_ratio": 0.52,
            "price_fair": 206.7,
            "eps_avg_yearly": 5.91,
            "eps_latest_yearly": 6.72,
            "eps_growth_yearly": 1395.98
        },
        "20163": {
            "year_quarter": 20163,
            "year": 2016,
            "quarter": 3,
            "eps": 0.59,
            "eps_growth_year": -18.06,
            "eps_4q": 2.62,
            "eps_4q_growth_year": 62.38,
            "roe": 1.34,
            "roe_4q": 5.99,
            "gross_profit": 787081,
            "gross_margin": 29.17,
            "gross_margin_4q_avg": 26.11,
            "net_income": 236087,
            "net_income_4q": null,
            "revenue": 2697867,
            "revenue_4q": null,
            "common_shares": 4018711,
            "book_valuer_per_share": 44.22,
            "book_valuer_per_share_4q_avg": 43.69,
            "equity": 17769236,
            "current_ratio": 347.72,
            "debt_ratio": 20.12,
            "inventory_turnover_ratio": 0.61,
            "account_receivable_turnover_ratio": 2.7,
            "reinvestment_rate": 20.06,
            "research_to_sale_ratio": 0.5,
            "price_fair": 208.9,
            "eps_avg_yearly": 5.97,
            "eps_latest_yearly": 2.36,
            "eps_growth_yearly": 1350.37
        },
        "20164": {
            "year_quarter": 20164,
            "year": 2016,
            "quarter": 4,
            "eps": 0.27,
            "eps_growth_year": 100.5,
            "eps_4q": 2.75,
            "eps_4q_growth_year": 78.31,
            "roe": 0.6,
            "roe_4q": 6.29,
            "gross_profit": 487806,
            "gross_margin": 22.88,
            "gross_margin_4q_avg": 26.13,
            "net_income": 106550,
            "net_income_4q": null,
            "revenue": 2131594,
            "revenue_4q": null,
            "common_shares": 4018711,
            "book_valuer_per_share": 44.39,
            "book_valuer_per_share_4q_avg": 43.95,
            "equity": 17837795,
            "current_ratio": 349.37,
            "debt_ratio": 19.99,
            "inventory_turnover_ratio": 0.47,
            "account_receivable_turnover_ratio": 2.37,
            "reinvestment_rate": 75.89,
            "research_to_sale_ratio": 0.64,
            "price_fair": 66.9,
            "eps_avg_yearly": 1.91,
            "eps_latest_yearly": 1.08,
            "eps_growth_yearly": 246.07
        },
        "20171": {
            "year_quarter": 20171,
            "year": 2017,
            "quarter": 1,
            "eps": 0.22,
            "eps_growth_year": 0,
            "eps_4q": 2.75,
            "eps_4q_growth_year": 89.06,
            "roe": 0.5,
            "roe_4q": 6.290000000000001,
            "gross_profit": 447300,
            "gross_margin": 20.24,
            "gross_margin_4q_avg": 25.41,
            "net_income": 88648,
            "net_income_4q": null,
            "revenue": 2209640,
            "revenue_4q": null,
            "common_shares": 4018711,
            "book_valuer_per_share": 44.54,
            "book_valuer_per_share_4q_avg": 44.2,
            "equity": 17900719,
            "current_ratio": 310.64,
            "debt_ratio": 21.01,
            "inventory_turnover_ratio": 0.48,
            "account_receivable_turnover_ratio": 3.36,
            "reinvestment_rate": 56.88,
            "research_to_sale_ratio": 0.71,
            "price_fair": 67.2,
            "eps_avg_yearly": 1.92,
            "eps_latest_yearly": 0.88,
            "eps_growth_yearly": 268.98
        },
        "20172": {
            "year_quarter": 20172,
            "year": 2017,
            "quarter": 2,
            "eps": 0.18,
            "eps_growth_year": -89.29,
            "eps_4q": 1.25,
            "eps_4q_growth_year": -54.67,
            "roe": 0.4,
            "roe_4q": 2.84,
            "gross_profit": 559479,
            "gross_margin": 25.78,
            "gross_margin_4q_avg": 24.52,
            "net_income": 70849,
            "net_income_4q": null,
            "revenue": 2169875,
            "revenue_4q": null,
            "common_shares": 4018711,
            "book_valuer_per_share": 42.75,
            "book_valuer_per_share_4q_avg": 43.98,
            "equity": 17179086,
            "current_ratio": 199.92,
            "debt_ratio": 27.48,
            "inventory_turnover_ratio": 0.4,
            "account_receivable_turnover_ratio": 3,
            "reinvestment_rate": 76.24,
            "research_to_sale_ratio": 0.53,
            "price_fair": 64.4,
            "eps_avg_yearly": 1.84,
            "eps_latest_yearly": 0.72,
            "eps_growth_yearly": 246.2
        },
        "20173": {
            "year_quarter": 20173,
            "year": 2017,
            "quarter": 3,
            "eps": 0.73,
            "eps_growth_year": 23.73,
            "eps_4q": 1.39,
            "eps_4q_growth_year": -46.84,
            "roe": 1.69,
            "roe_4q": 3.19,
            "gross_profit": 835476,
            "gross_margin": 31.33,
            "gross_margin_4q_avg": 25.06,
            "net_income": 293547,
            "net_income_4q": null,
            "revenue": 2666580,
            "revenue_4q": null,
            "common_shares": 4018711,
            "book_valuer_per_share": 43.52,
            "book_valuer_per_share_4q_avg": 43.8,
            "equity": 17489699,
            "current_ratio": 226.33,
            "debt_ratio": 25.24,
            "inventory_turnover_ratio": 0.41,
            "account_receivable_turnover_ratio": 2.85,
            "reinvestment_rate": 84.03,
            "research_to_sale_ratio": 0.44,
            "price_fair": 66.76,
            "eps_avg_yearly": 1.91,
            "eps_latest_yearly": 2.92,
            "eps_growth_yearly": 307.2
        },
        "20174": {
            "year_quarter": 20174,
            "year": 2017,
            "quarter": 4,
            "eps": 0.22,
            "eps_growth_year": -15.24,
            "eps_4q": 1.35,
            "eps_4q_growth_year": -50.88,
            "roe": 0.52,
            "roe_4q": 3.11,
            "gross_profit": 492780,
            "gross_margin": 24.11,
            "gross_margin_4q_avg": 25.37,
            "net_income": 90312,
            "net_income_4q": null,
            "revenue": 2044020,
            "revenue_4q": null,
            "common_shares": 4018711,
            "book_valuer_per_share": 43.7,
            "book_valuer_per_share_4q_avg": 43.63,
            "equity": 17562146,
            "current_ratio": 257.78,
            "debt_ratio": 23.16,
            "inventory_turnover_ratio": 0.33,
            "account_receivable_turnover_ratio": 2.42,
            "reinvestment_rate": 98.31,
            "research_to_sale_ratio": 0.55,
            "price_fair": 58.01,
            "eps_avg_yearly": 1.66,
            "eps_latest_yearly": 0.88,
            "eps_growth_yearly": 252.49
        },
        "20181": {
            "year_quarter": 20181,
            "year": 2018,
            "quarter": 1,
            "eps": 0.3,
            "eps_growth_year": 36.36,
            "eps_4q": 1.43,
            "eps_4q_growth_year": -48.17,
            "roe": 0.67,
            "roe_4q": 3.28,
            "gross_profit": 474380,
            "gross_margin": 20.48,
            "gross_margin_4q_avg": 25.43,
            "net_income": 118826,
            "net_income_4q": null,
            "revenue": 2316158,
            "revenue_4q": null,
            "common_shares": 4018711,
            "book_valuer_per_share": 44.01,
            "book_valuer_per_share_4q_avg": 43.5,
            "equity": 17686330,
            "current_ratio": 281.49,
            "debt_ratio": 21.91,
            "inventory_turnover_ratio": 0.39,
            "account_receivable_turnover_ratio": 3.61,
            "reinvestment_rate": 96.07,
            "research_to_sale_ratio": 0.55,
            "price_fair": 59.24,
            "eps_avg_yearly": 1.69,
            "eps_latest_yearly": 1.2,
            "eps_growth_yearly": 283.3
        },
        "20182": {
            "year_quarter": 20182,
            "year": 2018,
            "quarter": 2,
            "eps": 0.42,
            "eps_growth_year": 133.33,
            "eps_4q": 1.67,
            "eps_4q_growth_year": 33.95,
            "roe": 0.97,
            "roe_4q": 3.85,
            "gross_profit": 605457,
            "gross_margin": 28.32,
            "gross_margin_4q_avg": 26.06,
            "net_income": 169905,
            "net_income_4q": null,
            "revenue": 2138018,
            "revenue_4q": null,
            "common_shares": 4018711,
            "book_valuer_per_share": 42.94,
            "book_valuer_per_share_4q_avg": 43.54,
            "equity": 17254675,
            "current_ratio": 208.53,
            "debt_ratio": 26.45,
            "inventory_turnover_ratio": 0.32,
            "account_receivable_turnover_ratio": 2.84,
            "reinvestment_rate": 15.21,
            "research_to_sale_ratio": 0.54,
            "price_fair": 61.78,
            "eps_avg_yearly": 1.77,
            "eps_latest_yearly": 1.68,
            "eps_growth_yearly": 297.99
        },
        "20183": {
            "year_quarter": 20183,
            "year": 2018,
            "quarter": 3,
            "eps": 0.71,
            "eps_growth_year": -2.74,
            "eps_4q": 1.66,
            "eps_4q_growth_year": 18.94,
            "roe": 1.65,
            "roe_4q": 3.81,
            "gross_profit": 793305,
            "gross_margin": 31.12,
            "gross_margin_4q_avg": 26.01,
            "net_income": 286534,
            "net_income_4q": null,
            "revenue": 2549520,
            "revenue_4q": null,
            "common_shares": 4018711,
            "book_valuer_per_share": 43.63,
            "book_valuer_per_share_4q_avg": 43.57,
            "equity": 17534934,
            "current_ratio": 219.49,
            "debt_ratio": 25.68,
            "inventory_turnover_ratio": 0.34,
            "account_receivable_turnover_ratio": 2.6,
            "reinvestment_rate": 23.58,
            "research_to_sale_ratio": 0.49,
            "price_fair": 63.7,
            "eps_avg_yearly": 1.82,
            "eps_latest_yearly": 2.84,
            "eps_growth_yearly": 246.02
        },
        "20184": {
            "year_quarter": 20184,
            "year": 2018,
            "quarter": 4,
            "eps": 0.3,
            "eps_growth_year": 34.03,
            "eps_4q": 1.73,
            "eps_4q_growth_year": 28.15,
            "roe": 0.69,
            "roe_4q": 3.9799999999999995,
            "gross_profit": 244519,
            "gross_margin": 12.88,
            "gross_margin_4q_avg": 23.2,
            "net_income": 121044,
            "net_income_4q": null,
            "revenue": 1897938,
            "revenue_4q": null,
            "common_shares": 4018711,
            "book_valuer_per_share": 43.87,
            "book_valuer_per_share_4q_avg": 43.61,
            "equity": 17628091,
            "current_ratio": 255.14,
            "debt_ratio": 23.25,
            "inventory_turnover_ratio": 0.31,
            "account_receivable_turnover_ratio": 2.13,
            "reinvestment_rate": 20.81,
            "research_to_sale_ratio": 0.67,
            "price_fair": 64.58,
            "eps_avg_yearly": 1.85,
            "eps_latest_yearly": 1.2,
            "eps_growth_yearly": 246.38
        },
        "20191": {
            "year_quarter": 20191,
            "year": 2019,
            "quarter": 1,
            "eps": 0.41,
            "eps_growth_year": 36.67,
            "eps_4q": 1.85,
            "eps_4q_growth_year": 29.44,
            "roe": 0.93,
            "roe_4q": 4.24,
            "gross_profit": 446503,
            "gross_margin": 20.81,
            "gross_margin_4q_avg": 23.28,
            "net_income": 164898,
            "net_income_4q": null,
            "revenue": 2145267,
            "revenue_4q": null,
            "common_shares": 4018711,
            "book_valuer_per_share": 44.29,
            "book_valuer_per_share_4q_avg": 43.68,
            "equity": 17797175,
            "current_ratio": 279.59,
            "debt_ratio": 22.48,
            "inventory_turnover_ratio": 0.31,
            "account_receivable_turnover_ratio": 3.09,
            "reinvestment_rate": 20.84,
            "research_to_sale_ratio": 0.64,
            "price_fair": 65.45,
            "eps_avg_yearly": 1.87,
            "eps_latest_yearly": 1.64,
            "eps_growth_yearly": 241.8
        },
        "20192": {
            "year_quarter": 20192,
            "year": 2019,
            "quarter": 2,
            "eps": 0.39,
            "eps_growth_year": -7.14,
            "eps_4q": 1.82,
            "eps_4q_growth_year": 8.52,
            "roe": 0.9,
            "roe_4q": 4.17,
            "gross_profit": 539922,
            "gross_margin": 26.92,
            "gross_margin_4q_avg": 22.93,
            "net_income": 157431,
            "net_income_4q": null,
            "revenue": 2005930,
            "revenue_4q": null,
            "common_shares": 4018711,
            "book_valuer_per_share": 43.07,
            "book_valuer_per_share_4q_avg": 43.72,
            "equity": 17309329,
            "current_ratio": 222.33,
            "debt_ratio": 26.15,
            "inventory_turnover_ratio": 0.26,
            "account_receivable_turnover_ratio": 2.6,
            "reinvestment_rate": 17.66,
            "research_to_sale_ratio": 0.55,
            "price_fair": 65.54,
            "eps_avg_yearly": 1.87,
            "eps_latest_yearly": 1.56,
            "eps_growth_yearly": 234.93
        },
        "20193": {
            "year_quarter": 20193,
            "year": 2019,
            "quarter": 3,
            "eps": 0.9,
            "eps_growth_year": 26.76,
            "eps_4q": 2,
            "eps_4q_growth_year": 21.06,
            "roe": 2.07,
            "roe_4q": 4.59,
            "gross_profit": 819012,
            "gross_margin": 31.49,
            "gross_margin_4q_avg": 23.03,
            "net_income": 362370,
            "net_income_4q": null,
            "revenue": 2600601,
            "revenue_4q": null,
            "common_shares": 4018711,
            "book_valuer_per_share": 43.96,
            "book_valuer_per_share_4q_avg": 43.8,
            "equity": 17664605,
            "current_ratio": 256.61,
            "debt_ratio": 23.86,
            "inventory_turnover_ratio": 0.31,
            "account_receivable_turnover_ratio": 2.77,
            "reinvestment_rate": 28.51,
            "research_to_sale_ratio": 0.45,
            "price_fair": 67.11,
            "eps_avg_yearly": 1.92,
            "eps_latest_yearly": 3.6,
            "eps_growth_yearly": 245.25
        },
        "20194": {
            "year_quarter": 20194,
            "year": 2019,
            "quarter": 4,
            "eps": 0.4,
            "eps_growth_year": 33.68,
            "eps_4q": 2.11,
            "eps_4q_growth_year": 21.57,
            "roe": 0.91,
            "roe_4q": 4.81,
            "gross_profit": 645203,
            "gross_margin": 26.95,
            "gross_margin_4q_avg": 26.54,
            "net_income": 161812,
            "net_income_4q": null,
            "revenue": 2393857,
            "revenue_4q": null,
            "common_shares": 4018711,
            "book_valuer_per_share": 44.5,
            "book_valuer_per_share_4q_avg": 43.96,
            "equity": 17882266,
            "current_ratio": 316.44,
            "debt_ratio": 21.03,
            "inventory_turnover_ratio": 0.32,
            "account_receivable_turnover_ratio": 2.66,
            "reinvestment_rate": 29.33,
            "research_to_sale_ratio": 0.57,
            "price_fair": 69.48,
            "eps_avg_yearly": 1.99,
            "eps_latest_yearly": 1.6,
            "eps_growth_yearly": 251.85
        },
        "20201": {
            "year_quarter": 20201,
            "year": 2020,
            "quarter": 1,
            "eps": 0.27,
            "eps_growth_year": -34.15,
            "eps_4q": 1.97,
            "eps_4q_growth_year": 6.45,
            "roe": 0.61,
            "roe_4q": 4.49,
            "gross_profit": 435107,
            "gross_margin": 22.32,
            "gross_margin_4q_avg": 26.92,
            "net_income": 108662,
            "net_income_4q": null,
            "revenue": 1949276,
            "revenue_4q": null,
            "common_shares": 4018711,
            "book_valuer_per_share": 44.76,
            "book_valuer_per_share_4q_avg": 44.07,
            "equity": 17989388,
            "current_ratio": 322.96,
            "debt_ratio": 20.91,
            "inventory_turnover_ratio": 0.28,
            "account_receivable_turnover_ratio": 2.98,
            "reinvestment_rate": 25.77,
            "research_to_sale_ratio": 0.79,
            "price_fair": 69.91,
            "eps_avg_yearly": 2,
            "eps_latest_yearly": 1.08,
            "eps_growth_yearly": 226.42
        },
        "20202": {
            "year_quarter": 20202,
            "year": 2020,
            "quarter": 2,
            "eps": 0.43,
            "eps_growth_year": 10.26,
            "eps_4q": 2,
            "eps_4q_growth_year": 10.19,
            "roe": 0.97,
            "roe_4q": 4.5600000000000005,
            "gross_profit": 626253,
            "gross_margin": 29.49,
            "gross_margin_4q_avg": 27.56,
            "net_income": 171437,
            "net_income_4q": null,
            "revenue": 2123710,
            "revenue_4q": null,
            "common_shares": 4018711,
            "book_valuer_per_share": 43.45,
            "book_valuer_per_share_4q_avg": 44.17,
            "equity": 17462881,
            "current_ratio": 261.44,
            "debt_ratio": 23.58,
            "inventory_turnover_ratio": 0.28,
            "account_receivable_turnover_ratio": 3.05,
            "reinvestment_rate": 26.7,
            "research_to_sale_ratio": 0.7,
            "price_fair": 58.98,
            "eps_avg_yearly": 1.69,
            "eps_latest_yearly": 1.72,
            "eps_growth_yearly": 75.33
        },
        "20203": {
            "year_quarter": 20203,
            "year": 2020,
            "quarter": 3,
            "eps": 1.09,
            "eps_growth_year": 21.11,
            "eps_4q": 2.19,
            "eps_4q_growth_year": 9.25,
            "roe": 2.48,
            "roe_4q": 4.970000000000001,
            "gross_profit": 962541,
            "gross_margin": 34.43,
            "gross_margin_4q_avg": 28.3,
            "net_income": 438395,
            "net_income_4q": null,
            "revenue": 2796031,
            "revenue_4q": null,
            "common_shares": 4018711,
            "book_valuer_per_share": 44.55,
            "book_valuer_per_share_4q_avg": 44.32,
            "equity": 17904456,
            "current_ratio": 312.93,
            "debt_ratio": 21.45,
            "inventory_turnover_ratio": 0.35,
            "account_receivable_turnover_ratio": 2.84,
            "reinvestment_rate": 24.61,
            "research_to_sale_ratio": 0.45,
            "price_fair": 63.35,
            "eps_avg_yearly": 1.81,
            "eps_latest_yearly": 4.36,
            "eps_growth_yearly": 129.92
        },
        "20204": {
            "year_quarter": 20204,
            "year": 2020,
            "quarter": 4,
            "eps": 0.43,
            "eps_growth_year": 6.09,
            "eps_4q": 2.22,
            "eps_4q_growth_year": 5.16,
            "roe": 0.95,
            "roe_4q": 5.01,
            "gross_profit": 611253,
            "gross_margin": 26.17,
            "gross_margin_4q_avg": 28.1,
            "net_income": 171669,
            "net_income_4q": null,
            "revenue": 2335928,
            "revenue_4q": null,
            "common_shares": 4018711,
            "book_valuer_per_share": 44.96,
            "book_valuer_per_share_4q_avg": 44.43,
            "equity": 18068635,
            "current_ratio": 419.03,
            "debt_ratio": 18.65,
            "inventory_turnover_ratio": 0.33,
            "account_receivable_turnover_ratio": 2.61,
            "reinvestment_rate": 22.5,
            "research_to_sale_ratio": 0.59,
            "price_fair": 64.75,
            "eps_avg_yearly": 1.85,
            "eps_latest_yearly": 1.72,
            "eps_growth_yearly": 128.34
        },
        "20211": {
            "year_quarter": 20211,
            "year": 2021,
            "quarter": 1,
            "eps": 0.33,
            "eps_growth_year": 22.22,
            "eps_4q": 2.28,
            "eps_4q_growth_year": 15.72,
            "roe": 0.73,
            "roe_4q": 5.13,
            "gross_profit": 487418,
            "gross_margin": 22.01,
            "gross_margin_4q_avg": 28.03,
            "net_income": 132998,
            "net_income_4q": null,
            "revenue": 2214899,
            "revenue_4q": null,
            "common_shares": 4018711,
            "book_valuer_per_share": 45.29,
            "book_valuer_per_share_4q_avg": 44.56,
            "equity": 18200281,
            "current_ratio": 407.96,
            "debt_ratio": 19.01,
            "inventory_turnover_ratio": 0.34,
            "account_receivable_turnover_ratio": 3.13,
            "reinvestment_rate": 20.19,
            "research_to_sale_ratio": 0.65,
            "price_fair": 65.71,
            "eps_avg_yearly": 1.88,
            "eps_latest_yearly": 1.32,
            "eps_growth_yearly": 127.15
        },
        "20212": {
            "year_quarter": 20212,
            "year": 2021,
            "quarter": 2,
            "eps": 0.4,
            "eps_growth_year": -6.98,
            "eps_4q": 2.24,
            "eps_4q_growth_year": 12.13,
            "roe": 0.87,
            "roe_4q": 5.029999999999999,
            "gross_profit": 636265,
            "gross_margin": 29.36,
            "gross_margin_4q_avg": 27.99,
            "net_income": 158778,
            "net_income_4q": null,
            "revenue": 2166950,
            "revenue_4q": null,
            "common_shares": 4018711,
            "book_valuer_per_share": 45.68,
            "book_valuer_per_share_4q_avg": 45.12,
            "equity": 18358237,
            "current_ratio": 399.81,
            "debt_ratio": 19.38,
            "inventory_turnover_ratio": 0.29,
            "account_receivable_turnover_ratio": 2.71,
            "reinvestment_rate": -14.61,
            "research_to_sale_ratio": 0.56,
            "price_fair": 67.64,
            "eps_avg_yearly": 1.93,
            "eps_latest_yearly": 1.6,
            "eps_growth_yearly": 137
        },
        "20213": {
            "year_quarter": 20213,
            "year": 2021,
            "quarter": 3,
            "eps": 0.61,
            "eps_growth_year": -44.04,
            "eps_4q": 1.76,
            "eps_4q_growth_year": -19.53,
            "roe": 1.35,
            "roe_4q": 3.9000000000000004,
            "gross_profit": 774423,
            "gross_margin": 32.13,
            "gross_margin_4q_avg": 27.42,
            "net_income": 244913,
            "net_income_4q": null,
            "revenue": 2410373,
            "revenue_4q": null,
            "common_shares": 4018711,
            "book_valuer_per_share": 44.49,
            "book_valuer_per_share_4q_avg": 45.11,
            "equity": 17878743,
            "current_ratio": 304.2,
            "debt_ratio": 21.9,
            "inventory_turnover_ratio": 0.31,
            "account_receivable_turnover_ratio": 2.62,
            "reinvestment_rate": -12.24,
            "research_to_sale_ratio": 0.53,
            "price_fair": 66.59,
            "eps_avg_yearly": 1.9,
            "eps_latest_yearly": 2.44,
            "eps_growth_yearly": 73.74
        },
        "20214": {
            "year_quarter": 20214,
            "year": 2021,
            "quarter": 4,
            "eps": 0.65,
            "eps_growth_year": 51.52,
            "eps_4q": 1.98,
            "eps_4q_growth_year": -10.49,
            "roe": 1.44,
            "roe_4q": 4.390000000000001,
            "gross_profit": 662752,
            "gross_margin": 27.27,
            "gross_margin_4q_avg": 27.69,
            "net_income": 260120,
            "net_income_4q": null,
            "revenue": 2430652,
            "revenue_4q": null,
            "common_shares": 4018711,
            "book_valuer_per_share": 45.15,
            "book_valuer_per_share_4q_avg": 45.15,
            "equity": 18143912,
            "current_ratio": 353.55,
            "debt_ratio": 20.38,
            "inventory_turnover_ratio": 0.33,
            "account_receivable_turnover_ratio": 2.8,
            "reinvestment_rate": -11.67,
            "research_to_sale_ratio": 0.52,
            "price_fair": 70.35,
            "eps_avg_yearly": 2.01,
            "eps_latest_yearly": 2.6,
            "eps_growth_yearly": 92.84
        },
        "20221": {
            "year_quarter": 20221,
            "year": 2022,
            "quarter": 1,
            "eps": 0.31,
            "eps_growth_year": -6.06,
            "eps_4q": 1.96,
            "eps_4q_growth_year": -13.71,
            "roe": 0.69,
            "roe_4q": 4.35,
            "gross_profit": 442986,
            "gross_margin": 21.67,
            "gross_margin_4q_avg": 27.61,
            "net_income": 125355,
            "net_income_4q": null,
            "revenue": 2044141,
            "revenue_4q": null,
            "common_shares": 4018711,
            "book_valuer_per_share": 45.48,
            "book_valuer_per_share_4q_avg": 45.2,
            "equity": 18275763,
            "current_ratio": 417.09,
            "debt_ratio": 18.98,
            "inventory_turnover_ratio": 0.3,
            "account_receivable_turnover_ratio": 3.21,
            "reinvestment_rate": -12.91,
            "research_to_sale_ratio": 0.75,
            "price_fair": 70.44,
            "eps_avg_yearly": 2.01,
            "eps_latest_yearly": 1.24,
            "eps_growth_yearly": 70.68
        },
        "20222": {
            "year_quarter": 20222,
            "year": 2022,
            "quarter": 2,
            "eps": 0.44,
            "eps_growth_year": 10,
            "eps_4q": 2.01,
            "eps_4q_growth_year": -10.47,
            "roe": 0.98,
            "roe_4q": 4.46,
            "gross_profit": 582616,
            "gross_margin": 29.09,
            "gross_margin_4q_avg": 27.54,
            "net_income": 177048,
            "net_income_4q": null,
            "revenue": 2002947,
            "revenue_4q": null,
            "common_shares": 4018711,
            "book_valuer_per_share": 44.21,
            "book_valuer_per_share_4q_avg": 44.83,
            "equity": 17766739,
            "current_ratio": 273.2,
            "debt_ratio": 23.55,
            "inventory_turnover_ratio": 0.26,
            "account_receivable_turnover_ratio": 3.04,
            "reinvestment_rate": -11.7,
            "research_to_sale_ratio": 0.73,
            "price_fair": 70.61,
            "eps_avg_yearly": 2.02,
            "eps_latest_yearly": 1.76,
            "eps_growth_yearly": 71.16
        },
        "20223": {
            "year_quarter": 20223,
            "year": 2022,
            "quarter": 3,
            "eps": 0.97,
            "eps_growth_year": 59.02,
            "eps_4q": 2.37,
            "eps_4q_growth_year": 34.68,
            "roe": 2.18,
            "roe_4q": 5.29,
            "gross_profit": 965865,
            "gross_margin": 33.1,
            "gross_margin_4q_avg": 27.78,
            "net_income": 391492,
            "net_income_4q": null,
            "revenue": 2917691,
            "revenue_4q": null,
            "common_shares": 4018711,
            "book_valuer_per_share": 45.19,
            "book_valuer_per_share_4q_avg": 45.01,
            "equity": 18159897,
            "current_ratio": 304.79,
            "debt_ratio": 22.41,
            "inventory_turnover_ratio": 0.34,
            "account_receivable_turnover_ratio": 3.11,
            "reinvestment_rate": -12.75,
            "research_to_sale_ratio": 0.42,
            "price_fair": 72.89,
            "eps_avg_yearly": 2.08,
            "eps_latest_yearly": 3.88,
            "eps_growth_yearly": 84.01
        },
        "20224": {
            "year_quarter": 20224,
            "year": 2022,
            "quarter": 4,
            "eps": 0.48,
            "eps_growth_year": -26.1,
            "eps_4q": 2.21,
            "eps_4q_growth_year": 11.21,
            "roe": 1.05,
            "roe_4q": 4.9,
            "gross_profit": 687351,
            "gross_margin": 26.5,
            "gross_margin_4q_avg": 27.59,
            "net_income": 192240,
            "net_income_4q": null,
            "revenue": 2593718,
            "revenue_4q": null,
            "common_shares": 4018711,
            "book_valuer_per_share": 45.65,
            "book_valuer_per_share_4q_avg": 45.13,
            "equity": 18345327,
            "current_ratio": 402.32,
            "debt_ratio": 19.39,
            "inventory_turnover_ratio": 0.34,
            "account_receivable_turnover_ratio": 2.75,
            "reinvestment_rate": -13.88,
            "research_to_sale_ratio": 0.52,
            "price_fair": 74.46,
            "eps_avg_yearly": 2.13,
            "eps_latest_yearly": 1.92,
            "eps_growth_yearly": 85.82
        },
        "20231": {
            "year_quarter": 20231,
            "year": 2023,
            "quarter": 1,
            "eps": 0.47,
            "eps_growth_year": 51.61,
            "eps_4q": 2.37,
            "eps_4q_growth_year": 20.56,
            "roe": 1.05,
            "roe_4q": 5.26,
            "gross_profit": 586157,
            "gross_margin": 23.06,
            "gross_margin_4q_avg": 27.94,
            "net_income": 190617,
            "net_income_4q": null,
            "revenue": 2542028,
            "revenue_4q": null,
            "common_shares": 4018711,
            "book_valuer_per_share": 44.33,
            "book_valuer_per_share_4q_avg": 44.85,
            "equity": 17813608,
            "current_ratio": 346.01,
            "debt_ratio": 20.72,
            "inventory_turnover_ratio": 0.36,
            "account_receivable_turnover_ratio": 3.6,
            "reinvestment_rate": -13.86,
            "research_to_sale_ratio": 0.66,
            "price_fair": 74.99,
            "eps_avg_yearly": 2.14,
            "eps_latest_yearly": 1.88,
            "eps_growth_yearly": 76.13
        },
        "20232": {
            "year_quarter": 20232,
            "year": 2023,
            "quarter": 2,
            "eps": 0.51,
            "eps_growth_year": 15.91,
            "eps_4q": 2.43,
            "eps_4q_growth_year": 21.15,
            "roe": 1.14,
            "roe_4q": 5.42,
            "gross_profit": 681500,
            "gross_margin": 29.63,
            "gross_margin_4q_avg": 28.07,
            "net_income": 203861,
            "net_income_4q": null,
            "revenue": 2300026,
            "revenue_4q": null,
            "common_shares": 4018711,
            "book_valuer_per_share": 44.82,
            "book_valuer_per_share_4q_avg": 45,
            "equity": 18010490,
            "current_ratio": 312.81,
            "debt_ratio": 22.16,
            "inventory_turnover_ratio": 0.3,
            "account_receivable_turnover_ratio": 3.05,
            "reinvestment_rate": -12.36,
            "research_to_sale_ratio": 0.59,
            "price_fair": 76.04,
            "eps_avg_yearly": 2.17,
            "eps_latest_yearly": 2.04,
            "eps_growth_yearly": 79.48
        }
    },
    "months": {
        "2001-06": {
            "month": "2001-06",
            "price": "12.94",
            "revenue": 368471
        },
        "2001-07": {
            "month": "2001-07",
            "price": "12.13",
            "revenue": 405908
        },
        "2001-08": {
            "month": "2001-08",
            "price": "11.91",
            "revenue": 523900
        },
        "2001-09": {
            "month": "2001-09",
            "price": "11.93",
            "revenue": 331586
        },
        "2001-10": {
            "month": "2001-10",
            "price": "11.08",
            "revenue": 274887
        },
        "2001-11": {
            "month": "2001-11",
            "price": "10.74",
            "revenue": 218811
        },
        "2001-12": {
            "month": "2001-12",
            "price": "11.20",
            "revenue": 251417
        },
        "2002-01": {
            "month": "2002-01",
            "price": "11.50",
            "revenue": 246074
        },
        "2002-02": {
            "month": "2002-02",
            "price": "10.98",
            "revenue": 235400
        },
        "2002-03": {
            "month": "2002-03",
            "price": "11.12",
            "revenue": 283139
        },
        "2002-04": {
            "month": "2002-04",
            "price": "12.26",
            "revenue": 260497
        },
        "2002-05": {
            "month": "2002-05",
            "price": "11.82",
            "revenue": 313673
        },
        "2002-06": {
            "month": "2002-06",
            "price": "11.66",
            "revenue": 313118
        },
        "2002-07": {
            "month": "2002-07",
            "price": "11.28",
            "revenue": 401095
        },
        "2002-08": {
            "month": "2002-08",
            "price": "10.52",
            "revenue": 541652
        },
        "2002-09": {
            "month": "2002-09",
            "price": "10.17",
            "revenue": 338480
        },
        "2002-10": {
            "month": "2002-10",
            "price": "9.95",
            "revenue": 277420
        },
        "2002-11": {
            "month": "2002-11",
            "price": "10.42",
            "revenue": 233257
        },
        "2002-12": {
            "month": "2002-12",
            "price": "10.63",
            "revenue": 217494
        },
        "2003-01": {
            "month": "2003-01",
            "price": "11.28",
            "revenue": 269795
        },
        "2003-02": {
            "month": "2003-02",
            "price": "10.68",
            "revenue": 225769
        },
        "2003-03": {
            "month": "2003-03",
            "price": "10.48",
            "revenue": 260463
        },
        "2003-04": {
            "month": "2003-04",
            "price": "10.24",
            "revenue": 280061
        },
        "2003-05": {
            "month": "2003-05",
            "price": "9.51",
            "revenue": 327920
        },
        "2003-06": {
            "month": "2003-06",
            "price": "10.10",
            "revenue": 306488
        },
        "2003-07": {
            "month": "2003-07",
            "price": "10.12",
            "revenue": 540901
        },
        "2003-08": {
            "month": "2003-08",
            "price": "9.99",
            "revenue": 545133
        },
        "2003-09": {
            "month": "2003-09",
            "price": "9.91",
            "revenue": 351223
        },
        "2003-10": {
            "month": "2003-10",
            "price": "10.38",
            "revenue": 317758
        },
        "2003-11": {
            "month": "2003-11",
            "price": "10.71",
            "revenue": 244685
        },
        "2003-12": {
            "month": "2003-12",
            "price": "10.41",
            "revenue": 233064
        },
        "2004-01": {
            "month": "2004-01",
            "price": "11.13",
            "revenue": 323961
        },
        "2004-02": {
            "month": "2004-02",
            "price": "13.84",
            "revenue": 232516
        },
        "2004-03": {
            "month": "2004-03",
            "price": "13.28",
            "revenue": 258734
        },
        "2004-04": {
            "month": "2004-04",
            "price": "12.15",
            "revenue": 268572
        },
        "2004-05": {
            "month": "2004-05",
            "price": "10.51",
            "revenue": 326279
        },
        "2004-06": {
            "month": "2004-06",
            "price": "10.42",
            "revenue": 288547
        },
        "2004-07": {
            "month": "2004-07",
            "price": "10.32",
            "revenue": 347056
        },
        "2004-08": {
            "month": "2004-08",
            "price": "9.99",
            "revenue": 518048
        },
        "2004-09": {
            "month": "2004-09",
            "price": "10.21",
            "revenue": 311010
        },
        "2004-10": {
            "month": "2004-10",
            "price": "10.17",
            "revenue": 238035
        },
        "2004-11": {
            "month": "2004-11",
            "price": "10.07",
            "revenue": 222932
        },
        "2004-12": {
            "month": "2004-12",
            "price": "10.09",
            "revenue": 177079
        },
        "2005-01": {
            "month": "2005-01",
            "price": "10.60",
            "revenue": 211521
        },
        "2005-02": {
            "month": "2005-02",
            "price": "10.28",
            "revenue": 203707
        },
        "2005-03": {
            "month": "2005-03",
            "price": "10.34",
            "revenue": 199997
        },
        "2005-04": {
            "month": "2005-04",
            "price": "9.86",
            "revenue": 265559
        },
        "2005-05": {
            "month": "2005-05",
            "price": "9.73",
            "revenue": 329055
        },
        "2005-06": {
            "month": "2005-06",
            "price": "9.96",
            "revenue": 316523
        },
        "2005-07": {
            "month": "2005-07",
            "price": "9.79",
            "revenue": 353913
        },
        "2005-08": {
            "month": "2005-08",
            "price": "9.56",
            "revenue": 519197
        },
        "2005-09": {
            "month": "2005-09",
            "price": "9.15",
            "revenue": 311236
        },
        "2005-10": {
            "month": "2005-10",
            "price": "8.66",
            "revenue": 241633
        },
        "2005-11": {
            "month": "2005-11",
            "price": "8.51",
            "revenue": 233093
        },
        "2005-12": {
            "month": "2005-12",
            "price": "9.06",
            "revenue": 177769
        },
        "2006-01": {
            "month": "2006-01",
            "price": "9.10",
            "revenue": 274869
        },
        "2006-02": {
            "month": "2006-02",
            "price": "9.01",
            "revenue": 200614
        },
        "2006-03": {
            "month": "2006-03",
            "price": "8.77",
            "revenue": 245693
        },
        "2006-04": {
            "month": "2006-04",
            "price": "9.49",
            "revenue": 275592
        },
        "2006-05": {
            "month": "2006-05",
            "price": "13.90",
            "revenue": 311932
        },
        "2006-06": {
            "month": "2006-06",
            "price": "13.05",
            "revenue": 302237
        },
        "2006-07": {
            "month": "2006-07",
            "price": "13.85",
            "revenue": 404325
        },
        "2006-08": {
            "month": "2006-08",
            "price": "13.17",
            "revenue": 411979
        },
        "2006-09": {
            "month": "2006-09",
            "price": "12.22",
            "revenue": 225453
        },
        "2006-10": {
            "month": "2006-10",
            "price": "13.54",
            "revenue": 206222
        },
        "2006-11": {
            "month": "2006-11",
            "price": "14.81",
            "revenue": 186476
        },
        "2006-12": {
            "month": "2006-12",
            "price": "16.76",
            "revenue": 158115
        },
        "2007-01": {
            "month": "2007-01",
            "price": "15.40",
            "revenue": 202298
        },
        "2007-02": {
            "month": "2007-02",
            "price": "15.28",
            "revenue": 245756
        },
        "2007-03": {
            "month": "2007-03",
            "price": "14.69",
            "revenue": 234989
        },
        "2007-04": {
            "month": "2007-04",
            "price": "15.46",
            "revenue": 245487
        },
        "2007-05": {
            "month": "2007-05",
            "price": "14.89",
            "revenue": 313236
        },
        "2007-06": {
            "month": "2007-06",
            "price": "15.40",
            "revenue": 274995
        },
        "2007-07": {
            "month": "2007-07",
            "price": "17.43",
            "revenue": 373937
        },
        "2007-08": {
            "month": "2007-08",
            "price": "15.00",
            "revenue": 446857
        },
        "2007-09": {
            "month": "2007-09",
            "price": "14.80",
            "revenue": 216312
        },
        "2007-10": {
            "month": "2007-10",
            "price": "15.59",
            "revenue": 214153
        },
        "2007-11": {
            "month": "2007-11",
            "price": "14.02",
            "revenue": 170183
        },
        "2007-12": {
            "month": "2007-12",
            "price": "12.05",
            "revenue": 158722
        },
        "2008-01": {
            "month": "2008-01",
            "price": "12.83",
            "revenue": 282830
        },
        "2008-02": {
            "month": "2008-02",
            "price": "15.93",
            "revenue": 202429
        },
        "2008-03": {
            "month": "2008-03",
            "price": "17.59",
            "revenue": 230374
        },
        "2008-04": {
            "month": "2008-04",
            "price": "18.16",
            "revenue": 268950
        },
        "2008-05": {
            "month": "2008-05",
            "price": "17.85",
            "revenue": 365979
        },
        "2008-06": {
            "month": "2008-06",
            "price": "15.51",
            "revenue": 289457
        },
        "2008-07": {
            "month": "2008-07",
            "price": "13.31",
            "revenue": 383168
        },
        "2008-08": {
            "month": "2008-08",
            "price": "13.02",
            "revenue": 431616
        },
        "2008-09": {
            "month": "2008-09",
            "price": "10.98",
            "revenue": 266450
        },
        "2008-10": {
            "month": "2008-10",
            "price": "9.79",
            "revenue": 277928
        },
        "2008-11": {
            "month": "2008-11",
            "price": "9.36",
            "revenue": 209040
        },
        "2008-12": {
            "month": "2008-12",
            "price": "9.81",
            "revenue": 195420
        },
        "2009-01": {
            "month": "2009-01",
            "price": "9.82",
            "revenue": 287824
        },
        "2009-02": {
            "month": "2009-02",
            "price": "9.34",
            "revenue": 205303
        },
        "2009-03": {
            "month": "2009-03",
            "price": "10.31",
            "revenue": 258632
        },
        "2009-04": {
            "month": "2009-04",
            "price": "12.77",
            "revenue": 301071
        },
        "2009-05": {
            "month": "2009-05",
            "price": "15.52",
            "revenue": 391394
        },
        "2009-06": {
            "month": "2009-06",
            "price": "16.08",
            "revenue": 358979
        },
        "2009-07": {
            "month": "2009-07",
            "price": "16.76",
            "revenue": 461176
        },
        "2009-08": {
            "month": "2009-08",
            "price": "16.76",
            "revenue": 564099
        },
        "2009-09": {
            "month": "2009-09",
            "price": "17.00",
            "revenue": 361746
        },
        "2009-10": {
            "month": "2009-10",
            "price": "17.42",
            "revenue": 311196
        },
        "2009-11": {
            "month": "2009-11",
            "price": "18.29",
            "revenue": 263532
        },
        "2009-12": {
            "month": "2009-12",
            "price": "18.63",
            "revenue": 239200
        },
        "2010-01": {
            "month": "2010-01",
            "price": "18.88",
            "revenue": 315819
        },
        "2010-02": {
            "month": "2010-02",
            "price": "18.82",
            "revenue": 333573
        },
        "2010-03": {
            "month": "2010-03",
            "price": "24.37",
            "revenue": 324473
        },
        "2010-04": {
            "month": "2010-04",
            "price": "26.22",
            "revenue": 319749
        },
        "2010-05": {
            "month": "2010-05",
            "price": "23.36",
            "revenue": 368871
        },
        "2010-06": {
            "month": "2010-06",
            "price": "22.53",
            "revenue": 354562
        },
        "2010-07": {
            "month": "2010-07",
            "price": "23.08",
            "revenue": 498791
        },
        "2010-08": {
            "month": "2010-08",
            "price": "24.80",
            "revenue": 561556
        },
        "2010-09": {
            "month": "2010-09",
            "price": "23.63",
            "revenue": 304356
        },
        "2010-10": {
            "month": "2010-10",
            "price": "25.04",
            "revenue": 275603
        },
        "2010-11": {
            "month": "2010-11",
            "price": "25.80",
            "revenue": 355513
        },
        "2010-12": {
            "month": "2010-12",
            "price": "27.14",
            "revenue": 401330
        },
        "2011-01": {
            "month": "2011-01",
            "price": "27.20",
            "revenue": 584521
        },
        "2011-02": {
            "month": "2011-02",
            "price": "25.30",
            "revenue": 382187
        },
        "2011-03": {
            "month": "2011-03",
            "price": "23.31",
            "revenue": 448924
        },
        "2011-04": {
            "month": "2011-04",
            "price": "25.09",
            "revenue": 382091
        },
        "2011-05": {
            "month": "2011-05",
            "price": "26.16",
            "revenue": 463857
        },
        "2011-06": {
            "month": "2011-06",
            "price": "26.88",
            "revenue": 509363
        },
        "2011-07": {
            "month": "2011-07",
            "price": "29.71",
            "revenue": 506502
        },
        "2011-08": {
            "month": "2011-08",
            "price": "34.45",
            "revenue": 601250
        },
        "2011-09": {
            "month": "2011-09",
            "price": "30.60",
            "revenue": 352465
        },
        "2011-10": {
            "month": "2011-10",
            "price": "28.91",
            "revenue": 419222
        },
        "2011-11": {
            "month": "2011-11",
            "price": "28.33",
            "revenue": 391725
        },
        "2011-12": {
            "month": "2011-12",
            "price": "26.21",
            "revenue": 374715
        },
        "2012-01": {
            "month": "2012-01",
            "price": "25.50",
            "revenue": 513396
        },
        "2012-02": {
            "month": "2012-02",
            "price": "28.60",
            "revenue": 447517
        },
        "2012-03": {
            "month": "2012-03",
            "price": "35.54",
            "revenue": 448658
        },
        "2012-04": {
            "month": "2012-04",
            "price": "36.23",
            "revenue": 398442
        },
        "2012-05": {
            "month": "2012-05",
            "price": "36.62",
            "revenue": 480390
        },
        "2012-06": {
            "month": "2012-06",
            "price": "36.79",
            "revenue": 351972
        },
        "2012-07": {
            "month": "2012-07",
            "price": "37.20",
            "revenue": 634284
        },
        "2012-08": {
            "month": "2012-08",
            "price": "38.30",
            "revenue": 646071
        },
        "2012-09": {
            "month": "2012-09",
            "price": "46.37",
            "revenue": 411421
        },
        "2012-10": {
            "month": "2012-10",
            "price": "40.05",
            "revenue": 418950
        },
        "2012-11": {
            "month": "2012-11",
            "price": "35.27",
            "revenue": 390411
        },
        "2012-12": {
            "month": "2012-12",
            "price": "37.50",
            "revenue": 517445
        },
        "2013-01": {
            "month": "2013-01",
            "price": "39.20",
            "revenue": 600122
        },
        "2013-02": {
            "month": "2013-02",
            "price": "38.38",
            "revenue": 479548
        },
        "2013-03": {
            "month": "2013-03",
            "price": "38.56",
            "revenue": 495185
        },
        "2013-04": {
            "month": "2013-04",
            "price": "39.80",
            "revenue": 467909
        },
        "2013-05": {
            "month": "2013-05",
            "price": "39.63",
            "revenue": 551334
        },
        "2013-06": {
            "month": "2013-06",
            "price": "38.63",
            "revenue": 599509
        },
        "2013-07": {
            "month": "2013-07",
            "price": "38.54",
            "revenue": 748362
        },
        "2013-08": {
            "month": "2013-08",
            "price": "32.85",
            "revenue": 764216
        },
        "2013-09": {
            "month": "2013-09",
            "price": "30.52",
            "revenue": 615620
        },
        "2013-10": {
            "month": "2013-10",
            "price": "33.26",
            "revenue": 535119
        },
        "2013-11": {
            "month": "2013-11",
            "price": "35.76",
            "revenue": 321870
        },
        "2013-12": {
            "month": "2013-12",
            "price": "35.66",
            "revenue": 359018
        },
        "2014-01": {
            "month": "2014-01",
            "price": "33.30",
            "revenue": 552306
        },
        "2014-02": {
            "month": "2014-02",
            "price": "32.15",
            "revenue": 354559
        },
        "2014-03": {
            "month": "2014-03",
            "price": "32.70",
            "revenue": 362883
        },
        "2014-04": {
            "month": "2014-04",
            "price": "32.16",
            "revenue": 418908
        },
        "2014-05": {
            "month": "2014-05",
            "price": "31.87",
            "revenue": 489293
        },
        "2014-06": {
            "month": "2014-06",
            "price": "32.54",
            "revenue": 526549
        },
        "2014-07": {
            "month": "2014-07",
            "price": "33.60",
            "revenue": 733160
        },
        "2014-08": {
            "month": "2014-08",
            "price": "32.66",
            "revenue": 663404
        },
        "2014-09": {
            "month": "2014-09",
            "price": "33.64",
            "revenue": 587848
        },
        "2014-10": {
            "month": "2014-10",
            "price": "34.91",
            "revenue": 472697
        },
        "2014-11": {
            "month": "2014-11",
            "price": "38.36",
            "revenue": 378083
        },
        "2014-12": {
            "month": "2014-12",
            "price": "38.46",
            "revenue": 475831
        },
        "2015-01": {
            "month": "2015-01",
            "price": "38.26",
            "revenue": 437550
        },
        "2015-02": {
            "month": "2015-02",
            "price": "37.97",
            "revenue": 429942
        },
        "2015-03": {
            "month": "2015-03",
            "price": "37.80",
            "revenue": 463697
        },
        "2015-04": {
            "month": "2015-04",
            "price": "37.31",
            "revenue": 406628
        },
        "2015-05": {
            "month": "2015-05",
            "price": "37.78",
            "revenue": 512379
        },
        "2015-06": {
            "month": "2015-06",
            "price": "36.69",
            "revenue": 611734
        },
        "2015-07": {
            "month": "2015-07",
            "price": "34.70",
            "revenue": 717998
        },
        "2015-08": {
            "month": "2015-08",
            "price": "33.67",
            "revenue": 718746
        },
        "2015-09": {
            "month": "2015-09",
            "price": "33.01",
            "revenue": 531454
        },
        "2015-10": {
            "month": "2015-10",
            "price": "31.85",
            "revenue": 449101
        },
        "2015-11": {
            "month": "2015-11",
            "price": "32.02",
            "revenue": 466030
        },
        "2015-12": {
            "month": "2015-12",
            "price": "31.43",
            "revenue": 615216
        },
        "2016-01": {
            "month": "2016-01",
            "price": "31.90",
            "revenue": 693543
        },
        "2016-02": {
            "month": "2016-02",
            "price": "34.28",
            "revenue": 560719
        },
        "2016-03": {
            "month": "2016-03",
            "price": "35.53",
            "revenue": 501361
        },
        "2016-04": {
            "month": "2016-04",
            "price": "35.24",
            "revenue": 600077
        },
        "2016-05": {
            "month": "2016-05",
            "price": "32.49",
            "revenue": 737073
        },
        "2016-06": {
            "month": "2016-06",
            "price": "32.08",
            "revenue": 841229
        },
        "2016-07": {
            "month": "2016-07",
            "price": "33.08",
            "revenue": 895908
        },
        "2016-08": {
            "month": "2016-08",
            "price": "32.79",
            "revenue": 966108
        },
        "2016-09": {
            "month": "2016-09",
            "price": "32.59",
            "revenue": 833496
        },
        "2016-10": {
            "month": "2016-10",
            "price": "32.25",
            "revenue": 818890
        },
        "2016-11": {
            "month": "2016-11",
            "price": "32.20",
            "revenue": 629172
        },
        "2016-12": {
            "month": "2016-12",
            "price": "32.45",
            "revenue": 688434
        },
        "2017-01": {
            "month": "2017-01",
            "price": "32.20",
            "revenue": 940172
        },
        "2017-02": {
            "month": "2017-02",
            "price": "32.73",
            "revenue": 654021
        },
        "2017-03": {
            "month": "2017-03",
            "price": "33.71",
            "revenue": 615447
        },
        "2017-04": {
            "month": "2017-04",
            "price": "32.96",
            "revenue": 517614
        },
        "2017-05": {
            "month": "2017-05",
            "price": "33.28",
            "revenue": 811723
        },
        "2017-06": {
            "month": "2017-06",
            "price": "33.51",
            "revenue": 840601
        },
        "2017-07": {
            "month": "2017-07",
            "price": "33.30",
            "revenue": 910702
        },
        "2017-08": {
            "month": "2017-08",
            "price": "31.44",
            "revenue": 950524
        },
        "2017-09": {
            "month": "2017-09",
            "price": "31.20",
            "revenue": 805520
        },
        "2017-10": {
            "month": "2017-10",
            "price": "31.15",
            "revenue": 753622
        },
        "2017-11": {
            "month": "2017-11",
            "price": "31.13",
            "revenue": 691728
        },
        "2017-12": {
            "month": "2017-12",
            "price": "31.17",
            "revenue": 601077
        },
        "2018-01": {
            "month": "2018-01",
            "price": "31.46",
            "revenue": 881127
        },
        "2018-02": {
            "month": "2018-02",
            "price": "31.08",
            "revenue": 756264
        },
        "2018-03": {
            "month": "2018-03",
            "price": "31.18",
            "revenue": 678377
        },
        "2018-04": {
            "month": "2018-04",
            "price": "31.21",
            "revenue": 667340
        },
        "2018-05": {
            "month": "2018-05",
            "price": "31.38",
            "revenue": 769606
        },
        "2018-06": {
            "month": "2018-06",
            "price": "31.75",
            "revenue": 701461
        },
        "2018-07": {
            "month": "2018-07",
            "price": "31.40",
            "revenue": 813423
        },
        "2018-08": {
            "month": "2018-08",
            "price": "30.78",
            "revenue": 969168
        },
        "2018-09": {
            "month": "2018-09",
            "price": "30.97",
            "revenue": 766929
        },
        "2018-10": {
            "month": "2018-10",
            "price": "29.46",
            "revenue": 714538
        },
        "2018-11": {
            "month": "2018-11",
            "price": "28.41",
            "revenue": 718541
        },
        "2018-12": {
            "month": "2018-12",
            "price": "29.37",
            "revenue": 628296
        },
        "2019-01": {
            "month": "2019-01",
            "price": "29.91",
            "revenue": 989413
        },
        "2019-02": {
            "month": "2019-02",
            "price": "30.75",
            "revenue": 611984
        },
        "2019-03": {
            "month": "2019-03",
            "price": "31.52",
            "revenue": 543860
        },
        "2019-04": {
            "month": "2019-04",
            "price": "31.82",
            "revenue": 618002
        },
        "2019-05": {
            "month": "2019-05",
            "price": "32.23",
            "revenue": 702807
        },
        "2019-06": {
            "month": "2019-06",
            "price": "32.78",
            "revenue": 685161
        },
        "2019-07": {
            "month": "2019-07",
            "price": "32.75",
            "revenue": 908599
        },
        "2019-08": {
            "month": "2019-08",
            "price": "31.58",
            "revenue": 942073
        },
        "2019-09": {
            "month": "2019-09",
            "price": "31.48",
            "revenue": 749900
        },
        "2019-10": {
            "month": "2019-10",
            "price": "31.68",
            "revenue": 729907
        },
        "2019-11": {
            "month": "2019-11",
            "price": "32.19",
            "revenue": 746375
        },
        "2019-12": {
            "month": "2019-12",
            "price": "32.41",
            "revenue": 918928
        },
        "2020-01": {
            "month": "2020-01",
            "price": "33.02",
            "revenue": 831335
        },
        "2020-02": {
            "month": "2020-02",
            "price": "32.85",
            "revenue": 524531
        },
        "2020-03": {
            "month": "2020-03",
            "price": "30.51",
            "revenue": 593417
        },
        "2020-04": {
            "month": "2020-04",
            "price": "30.88",
            "revenue": 620378
        },
        "2020-05": {
            "month": "2020-05",
            "price": "32.03",
            "revenue": 733260
        },
        "2020-06": {
            "month": "2020-06",
            "price": "32.81",
            "revenue": 770065
        },
        "2020-07": {
            "month": "2020-07",
            "price": "32.91",
            "revenue": 936282
        },
        "2020-08": {
            "month": "2020-08",
            "price": "31.99",
            "revenue": 983169
        },
        "2020-09": {
            "month": "2020-09",
            "price": "32.36",
            "revenue": 876580
        },
        "2020-10": {
            "month": "2020-10",
            "price": "32.88",
            "revenue": 753787
        },
        "2020-11": {
            "month": "2020-11",
            "price": "32.93",
            "revenue": 737796
        },
        "2020-12": {
            "month": "2020-12",
            "price": "32.99",
            "revenue": 845690
        },
        "2021-01": {
            "month": "2021-01",
            "price": "32.66",
            "revenue": 835074
        },
        "2021-02": {
            "month": "2021-02",
            "price": "32.64",
            "revenue": 646038
        },
        "2021-03": {
            "month": "2021-03",
            "price": "33.32",
            "revenue": 733787
        },
        "2021-04": {
            "month": "2021-04",
            "price": "35.92",
            "revenue": 687081
        },
        "2021-05": {
            "month": "2021-05",
            "price": "35.20",
            "revenue": 731347
        },
        "2021-06": {
            "month": "2021-06",
            "price": "35.22",
            "revenue": 748522
        },
        "2021-07": {
            "month": "2021-07",
            "price": "35.87",
            "revenue": 766210
        },
        "2021-08": {
            "month": "2021-08",
            "price": "35.26",
            "revenue": 853329
        },
        "2021-09": {
            "month": "2021-09",
            "price": "34.25",
            "revenue": 790834
        },
        "2021-10": {
            "month": "2021-10",
            "price": "34.33",
            "revenue": 765041
        },
        "2021-11": {
            "month": "2021-11",
            "price": "35.22",
            "revenue": 784292
        },
        "2021-12": {
            "month": "2021-12",
            "price": "35.18",
            "revenue": 881319
        },
        "2022-01": {
            "month": "2022-01",
            "price": "35.62",
            "revenue": 940229
        },
        "2022-02": {
            "month": "2022-02",
            "price": "35.79",
            "revenue": 465642
        },
        "2022-03": {
            "month": "2022-03",
            "price": "35.28",
            "revenue": 638270
        },
        "2022-04": {
            "month": "2022-04",
            "price": "35.61",
            "revenue": 645499
        },
        "2022-05": {
            "month": "2022-05",
            "price": "34.80",
            "revenue": 605223
        },
        "2022-06": {
            "month": "2022-06",
            "price": "34.74",
            "revenue": 752225
        },
        "2022-07": {
            "month": "2022-07",
            "price": "34.20",
            "revenue": 952900
        },
        "2022-08": {
            "month": "2022-08",
            "price": "33.72",
            "revenue": 1074526
        },
        "2022-09": {
            "month": "2022-09",
            "price": "33.44",
            "revenue": 890678
        },
        "2022-10": {
            "month": "2022-10",
            "price": "32.86",
            "revenue": 817431
        },
        "2022-11": {
            "month": "2022-11",
            "price": "32.93",
            "revenue": 919746
        },
        "2022-12": {
            "month": "2022-12",
            "price": "32.84",
            "revenue": 856128
        },
        "2023-01": {
            "month": "2023-01",
            "price": "32.74",
            "revenue": 1044159
        },
        "2023-02": {
            "month": "2023-02",
            "price": "34.02",
            "revenue": 795909
        },
        "2023-03": {
            "month": "2023-03",
            "price": "35.57",
            "revenue": 701960
        },
        "2023-04": {
            "month": "2023-04",
            "price": "36.13",
            "revenue": 696800
        },
        "2023-05": {
            "month": "2023-05",
            "price": "37.16",
            "revenue": 775650
        },
        "2023-06": {
            "month": "2023-06",
            "price": "39.58",
            "revenue": 827576
        },
        "2023-07": {
            "month": "2023-07",
            "price": "40.19",
            "revenue": 983847
        },
        "2023-08": {
            "month": "2023-08",
            "price": "38.84",
            "revenue": 1121037
        },
        "2023-09": {
            "month": "2023-09",
            "price": "38.48",
            "revenue": 1017186
        }
    }
}
