{
    "summary": {
        "stock_name": "興泰",
        "stock_id": "1235",
        "category": "食品",
        "main_business": "飼料",
        "website_url": "http://www.shintai-feed.com.tw",
        "ceo": "葉文籐",
        "pe_ratio": 14,
        "report_year_from": 2001,
        "report_year_to": 2023,
        "age": 22,
        "eps_negative_percentage": 4,
        "eps_growth_avg": {
            "last_all": -7.4,
            "last_2y": 38.39,
            "last_4y": -4.99,
            "last_8y": 11.75,
            "last_12y": -1.72,
            "last_16y": -4.45,
            "last_20y": -7.4,
            "at_2006_last_3y": -32.09,
            "at_2007_last_3y": -0.39,
            "at_2008_last_3y": -20.08,
            "at_2009_last_3y": -12.66,
            "at_2010_last_3y": -3.11,
            "at_2011_last_3y": -22.75,
            "at_2012_last_3y": -9.6,
            "at_2013_last_3y": -28.65,
            "at_2014_last_3y": -34.03,
            "at_2015_last_3y": -47.3,
            "at_2016_last_3y": -6.12,
            "at_2017_last_3y": 39.63,
            "at_2018_last_3y": 10.7,
            "at_2019_last_3y": -0.71,
            "at_2020_last_3y": -12.37,
            "at_2021_last_3y": -17.34,
            "at_2022_last_3y": 12.79,
            "at_2023_last_3y": 12.79,
            "at_2006_last_all": -25.48,
            "at_2007_last_all": -4.57,
            "at_2008_last_all": -14.79,
            "at_2009_last_all": -15.92,
            "at_2010_last_all": -15.54,
            "at_2011_last_all": -11.84,
            "at_2012_last_all": -12.9,
            "at_2013_last_all": -20.16,
            "at_2014_last_all": -20.16,
            "at_2015_last_all": -20.02,
            "at_2016_last_all": -11.45,
            "at_2017_last_all": -8.2,
            "at_2018_last_all": -12.45,
            "at_2019_last_all": -15.48,
            "at_2020_last_all": -11.66,
            "at_2021_last_all": -10.13,
            "at_2022_last_all": -7.4,
            "at_2023_last_all": -7.4
        },
        "latest_eps": 5.49,
        "latest_price": 78,
        "latest_roe": 7.3,
        "latest_gross_margin": -10.41,
        "latest_equity": 1762892,
        "latest_revenue": 5761,
        "latest_gross_profit": -600,
        "latest_net_income": 38824,
        "latest_debt_ratio": 52.83,
        "latest_current_ratio": 22.51,
        "latest_account_receivable_turnover_ratio": 0.83,
        "latest_inventory_turnover_ratio": 4.4,
        "latest_reinvestment_rate": 364.06,
        "latest_research_to_sale_ratio": 0.02
    },
    "eps_dividends": {
        "1993": {
            "cash": 0.4,
            "stock": 0,
            "eps": 0
        },
        "1995": {
            "cash": 0.3,
            "stock": 0,
            "eps": 0
        },
        "1996": {
            "cash": 0,
            "stock": 0.6,
            "eps": 0
        },
        "1999": {
            "cash": 0,
            "stock": 0.8,
            "eps": 0
        },
        "2000": {
            "cash": 0.5,
            "stock": 0.5,
            "eps": 0
        },
        "2001": {
            "cash": 1,
            "stock": 0,
            "eps": 2.07
        },
        "2002": {
            "cash": 1,
            "stock": 0.5,
            "eps": 2.09
        },
        "2003": {
            "cash": 1,
            "stock": 0.5,
            "eps": 1.53
        },
        "2004": {
            "cash": 0,
            "stock": 0,
            "eps": 1.57
        },
        "2005": {
            "cash": 0,
            "stock": 1.2,
            "eps": 0.73
        },
        "2006": {
            "cash": 0.5,
            "stock": 0,
            "eps": 0.36
        },
        "2007": {
            "cash": 0,
            "stock": 1,
            "eps": 1.76
        },
        "2008": {
            "cash": 0,
            "stock": 1.4,
            "eps": 0.42
        },
        "2009": {
            "cash": 0,
            "stock": 0.3,
            "eps": 0.32
        },
        "2010": {
            "cash": 0,
            "stock": 0.3,
            "eps": 0.28
        },
        "2011": {
            "cash": 0,
            "stock": 0.3,
            "eps": 0.34
        },
        "2012": {
            "cash": 0,
            "stock": 0,
            "eps": 0.26
        },
        "2013": {
            "cash": 0,
            "stock": 0,
            "eps": -0.85
        },
        "2014": {
            "cash": 0,
            "stock": 0,
            "eps": 0.98
        },
        "2015": {
            "cash": 0,
            "stock": 0.8,
            "eps": 0.8
        },
        "2016": {
            "cash": 0,
            "stock": 0,
            "eps": 3.81
        },
        "2017": {
            "cash": 0,
            "stock": 0,
            "eps": 5.23
        },
        "2018": {
            "cash": 0,
            "stock": 4.5,
            "eps": 1.25
        },
        "2019": {
            "cash": 0,
            "stock": 1.25,
            "eps": 0.45
        },
        "2020": {
            "cash": 0,
            "stock": 0,
            "eps": 0.69
        },
        "2021": {
            "cash": 0.55,
            "stock": 0.55,
            "eps": 0.81
        },
        "2022": {
            "cash": 2.5,
            "stock": 2.8,
            "eps": 1.17
        },
        "2023": {
            "cash": 1,
            "stock": 1.2,
            "eps": 1.08
        }
    },
    "dividends": {
        "1993-05-17": {
            "cash": 0.4,
            "stock": 0
        },
        "1995-05-20": {
            "cash": 0.3,
            "stock": 0
        },
        "1996-05-27": {
            "cash": 0,
            "stock": 0.6
        },
        "1999-05-24": {
            "cash": 0,
            "stock": 0.8
        },
        "2000-05-12": {
            "cash": 0.5,
            "stock": 0.5
        },
        "2001-05-25": {
            "cash": 1,
            "stock": 0
        },
        "2002-06-14": {
            "cash": 1,
            "stock": 0.5
        },
        "2003-02-25": {
            "cash": 1,
            "stock": 0.5
        },
        "2005-04-04": {
            "cash": 0,
            "stock": 1.2
        },
        "2006-03-18": {
            "cash": 0.5,
            "stock": 0
        },
        "2007-03-11": {
            "cash": 0,
            "stock": 1
        },
        "2008-03-27": {
            "cash": 0,
            "stock": 1.4
        },
        "2009-03-17": {
            "cash": 0,
            "stock": 0.3
        },
        "2010-04-28": {
            "cash": 0,
            "stock": 0.3
        },
        "2011-04-20": {
            "cash": 0,
            "stock": 0.3
        },
        "2015-04-20": {
            "cash": 0,
            "stock": 0.8
        },
        "2018-03-24": {
            "cash": 0,
            "stock": 4.5
        },
        "2019-05-10": {
            "cash": 0,
            "stock": 1.25
        },
        "2021-01-13": {
            "cash": 0.55,
            "stock": 0.55
        },
        "2022-01-07": {
            "cash": 1.5,
            "stock": 0
        },
        "2022-10-05": {
            "cash": 1,
            "stock": 2.8
        },
        "2023-04-24": {
            "cash": 1,
            "stock": 1.2
        }
    },
    "prices": {
        "200101": "8.32",
        "200102": "8.99",
        "200103": "9.60",
        "200104": "9.78",
        "200105": "10.95",
        "200106": "11.93",
        "200107": "11.99",
        "200108": "13.33",
        "200109": "13.00",
        "200110": "12.46",
        "200111": "14.10",
        "200112": "15.05",
        "200201": "15.21",
        "200202": "16.07",
        "200203": "17.32",
        "200204": "20.46",
        "200205": "20.49",
        "200206": "19.38",
        "200207": "16.06",
        "200208": "16.23",
        "200209": "16.26",
        "200210": "15.08",
        "200211": "16.64",
        "200212": "17.95",
        "200301": "19.30",
        "200302": "19.92",
        "200303": "21.41",
        "200304": "22.09",
        "200305": "19.91",
        "200306": "21.09",
        "200307": "21.96",
        "200308": "20.24",
        "200309": "20.12",
        "200310": "19.89",
        "200311": "21.72",
        "200312": "22.33",
        "200401": "23.38",
        "200402": "24.46",
        "200403": "24.24",
        "200404": "24.85",
        "200405": "22.31",
        "200406": "20.88",
        "200407": "17.80",
        "200408": "16.69",
        "200409": "15.38",
        "200410": "14.87",
        "200411": "15.07",
        "200412": "14.04",
        "200501": "13.51",
        "200502": "14.45",
        "200503": "13.88",
        "200504": "13.74",
        "200505": "13.30",
        "200506": "13.38",
        "200507": "12.85",
        "200508": "12.68",
        "200509": "13.74",
        "200510": "12.86",
        "200511": "12.74",
        "200512": "13.32",
        "200601": "13.51",
        "200602": "13.73",
        "200603": "13.91",
        "200604": "13.88",
        "200605": "14.07",
        "200606": "13.92",
        "200607": "13.66",
        "200608": "14.00",
        "200609": "14.04",
        "200610": "14.81",
        "200611": "15.12",
        "200612": "15.58",
        "200701": "16.08",
        "200702": "16.15",
        "200703": "16.11",
        "200704": "16.71",
        "200705": "17.75",
        "200706": "17.90",
        "200707": "20.09",
        "200708": "21.39",
        "200709": "21.52",
        "200710": "22.27",
        "200711": "22.20",
        "200712": "22.01",
        "200801": "27.22",
        "200802": "30.65",
        "200803": "35.90",
        "200804": "39.02",
        "200805": "37.66",
        "200806": "34.46",
        "200807": "34.01",
        "200808": "33.83",
        "200809": "33.64",
        "200810": "31.82",
        "200811": "29.85",
        "200812": "31.40",
        "200901": "31.49",
        "200902": "31.29",
        "200903": "31.50",
        "200904": "33.83",
        "200905": "35.64",
        "200906": "34.60",
        "200907": "34.53",
        "200908": "34.57",
        "200909": "34.54",
        "200910": "33.51",
        "200911": "32.99",
        "200912": "32.34",
        "201001": "33.55",
        "201002": "33.30",
        "201003": "33.06",
        "201004": "33.23",
        "201005": "33.19",
        "201006": "33.22",
        "201007": "33.89",
        "201008": "65.90",
        "201009": "52.80",
        "201010": "44.55",
        "201011": "41.08",
        "201012": "39.13",
        "201101": "36.33",
        "201102": "33.54",
        "201103": "29.04",
        "201104": "29.79",
        "201105": "31.39",
        "201106": "29.72",
        "201107": "28.49",
        "201108": "25.52",
        "201109": "24.88",
        "201110": "24.94",
        "201111": "23.78",
        "201112": "22.66",
        "201201": "23.51",
        "201202": "27.18",
        "201203": "28.51",
        "201204": "25.27",
        "201205": "23.64",
        "201206": "22.86",
        "201207": "24.67",
        "201208": "25.39",
        "201209": "24.54",
        "201210": "24.04",
        "201211": "23.91",
        "201212": "24.79",
        "201301": "25.18",
        "201302": "25.04",
        "201303": "24.99",
        "201304": "25.00",
        "201305": "25.10",
        "201306": "25.00",
        "201307": "25.10",
        "201308": "25.03",
        "201309": "25.08",
        "201310": "26.05",
        "201311": "25.42",
        "201312": "25.16",
        "201401": "25.22",
        "201402": "25.45",
        "201403": "31.78",
        "201404": "35.39",
        "201405": "31.99",
        "201406": "39.22",
        "201407": "49.50",
        "201408": "41.44",
        "201409": "32.37",
        "201410": "24.90",
        "201411": "26.87",
        "201412": "27.91",
        "201501": "24.72",
        "201502": "23.43",
        "201503": "26.36",
        "201504": "24.62",
        "201505": "21.90",
        "201506": "18.16",
        "201507": "18.95",
        "201508": "18.50",
        "201509": "17.88",
        "201510": "18.50",
        "201511": "18.21",
        "201512": "18.55",
        "201601": "19.19",
        "201602": "19.62",
        "201603": "23.01",
        "201604": "23.16",
        "201605": "23.54",
        "201606": "23.67",
        "201607": "23.44",
        "201608": "23.82",
        "201609": "27.34",
        "201610": "29.45",
        "201611": "29.67",
        "201612": "28.98",
        "201701": "29.88",
        "201702": "30.01",
        "201703": "29.78",
        "201704": "27.34",
        "201705": "28.56",
        "201706": "28.76",
        "201707": "28.97",
        "201708": "32.42",
        "201709": "33.23",
        "201710": "33.51",
        "201711": "35.63",
        "201712": "37.33",
        "201801": "36.21",
        "201802": "33.76",
        "201803": "34.06",
        "201804": "34.81",
        "201805": "37.31",
        "201806": "38.76",
        "201807": "39.17",
        "201808": "39.13",
        "201809": "39.76",
        "201810": "39.89",
        "201811": "33.53",
        "201812": "26.82",
        "201901": "26.60",
        "201902": "28.17",
        "201903": "28.52",
        "201904": "28.64",
        "201905": "28.33",
        "201906": "28.11",
        "201907": "28.47",
        "201908": "28.43",
        "201909": "28.34",
        "201910": "28.39",
        "201911": "27.39",
        "201912": "21.51",
        "202001": "22.46",
        "202002": "22.58",
        "202003": "23.28",
        "202004": "24.28",
        "202005": "26.05",
        "202006": "25.76",
        "202007": "27.39",
        "202008": "25.75",
        "202009": "25.07",
        "202010": "25.12",
        "202011": "25.14",
        "202012": "25.37",
        "202101": "25.30",
        "202102": "26.17",
        "202103": "27.61",
        "202104": "29.74",
        "202105": "32.86",
        "202106": "33.30",
        "202107": "33.30",
        "202108": "34.01",
        "202109": "34.24",
        "202110": "39.02",
        "202111": "44.65",
        "202112": "43.65",
        "202201": "43.73",
        "202202": "43.89",
        "202203": "43.70",
        "202204": "46.72",
        "202205": "55.10",
        "202206": "56.38",
        "202207": "58.31",
        "202208": "62.52",
        "202209": "58.20",
        "202210": "63.49",
        "202211": "69.00",
        "202212": "69.10",
        "202301": "68.53",
        "202302": "68.27",
        "202303": "69.52",
        "202304": "70.03",
        "202305": "76.36"
    },
    "quarters": {
        "20011": {
            "year_quarter": 20011,
            "year": 2001,
            "quarter": 1,
            "eps": 1.02,
            "eps_growth_year": 92.45,
            "eps_4q": 1.71,
            "eps_4q_growth_year": 6.77,
            "roe": 6.92,
            "roe_4q": 6.92,
            "gross_profit": 59843,
            "gross_margin": 22.2,
            "gross_margin_4q_avg": 22.2,
            "net_income": 38079,
            "revenue": 269555,
            "common_shares": 373368,
            "book_valuer_per_share": 15.27,
            "book_valuer_per_share_4q_avg": 15.27,
            "equity": 570020,
            "current_ratio": 301.53,
            "debt_ratio": 32.45,
            "inventory_turnover_ratio": 3.5,
            "account_receivable_turnover_ratio": null,
            "reinvestment_rate": null,
            "research_to_sale_ratio": null,
            "price_fair": 0,
            "eps_avg_yearly": 0,
            "eps_latest_yearly": 0,
            "eps_growth_yearly": 0
        },
        "20012": {
            "year_quarter": 20012,
            "year": 2001,
            "quarter": 2,
            "eps": 0.65,
            "eps_growth_year": 66.67,
            "eps_4q": 1.98,
            "eps_4q_growth_year": 15.56,
            "roe": 4.21,
            "roe_4q": 11.129999999999999,
            "gross_profit": 86056,
            "gross_margin": 26.29,
            "gross_margin_4q_avg": 24.25,
            "net_income": 24433,
            "revenue": 327376,
            "common_shares": 373368,
            "book_valuer_per_share": 15.85,
            "book_valuer_per_share_4q_avg": 15.56,
            "equity": 591742,
            "current_ratio": 300.56,
            "debt_ratio": 32.65,
            "inventory_turnover_ratio": 3.6,
            "account_receivable_turnover_ratio": null,
            "reinvestment_rate": null,
            "research_to_sale_ratio": null,
            "price_fair": 0,
            "eps_avg_yearly": 0,
            "eps_latest_yearly": 0,
            "eps_growth_yearly": 0
        },
        "20013": {
            "year_quarter": 20013,
            "year": 2001,
            "quarter": 3,
            "eps": 0.24,
            "eps_growth_year": 84.62,
            "eps_4q": 2.07,
            "eps_4q_growth_year": 50.39,
            "roe": 1.58,
            "roe_4q": 12.71,
            "gross_profit": 62300,
            "gross_margin": 22.68,
            "gross_margin_4q_avg": 23.72,
            "net_income": 9127,
            "revenue": 274677,
            "common_shares": 373368,
            "book_valuer_per_share": 15.09,
            "book_valuer_per_share_4q_avg": 15.4,
            "equity": 563532,
            "current_ratio": 340.23,
            "debt_ratio": 30.63,
            "inventory_turnover_ratio": 2.78,
            "account_receivable_turnover_ratio": null,
            "reinvestment_rate": null,
            "research_to_sale_ratio": null,
            "price_fair": 0,
            "eps_avg_yearly": 0,
            "eps_latest_yearly": 0,
            "eps_growth_yearly": 0
        },
        "20014": {
            "year_quarter": 20014,
            "year": 2001,
            "quarter": 4,
            "eps": 0.16,
            "eps_growth_year": -15.79,
            "eps_4q": 2.07,
            "eps_4q_growth_year": 68.95,
            "roe": 1.06,
            "roe_4q": 13.77,
            "gross_profit": 40371,
            "gross_margin": 16.21,
            "gross_margin_4q_avg": 21.85,
            "net_income": 6004,
            "revenue": 249007,
            "common_shares": 373368,
            "book_valuer_per_share": 15.25,
            "book_valuer_per_share_4q_avg": 15.37,
            "equity": 569536,
            "current_ratio": 355.13,
            "debt_ratio": 31.39,
            "inventory_turnover_ratio": 2.52,
            "account_receivable_turnover_ratio": null,
            "reinvestment_rate": null,
            "research_to_sale_ratio": null,
            "price_fair": 0,
            "eps_avg_yearly": 0,
            "eps_latest_yearly": 0,
            "eps_growth_yearly": 0
        },
        "20021": {
            "year_quarter": 20021,
            "year": 2002,
            "quarter": 1,
            "eps": 0.54,
            "eps_growth_year": -47.06,
            "eps_4q": 1.64,
            "eps_4q_growth_year": -3.83,
            "roe": 3.38,
            "roe_4q": 10.23,
            "gross_profit": 42251,
            "gross_margin": 18.01,
            "gross_margin_4q_avg": 20.8,
            "net_income": 19400,
            "revenue": 234565,
            "common_shares": 373368,
            "book_valuer_per_share": 15.46,
            "book_valuer_per_share_4q_avg": 15.41,
            "equity": 577352,
            "current_ratio": 402.36,
            "debt_ratio": 29.72,
            "inventory_turnover_ratio": 2.37,
            "account_receivable_turnover_ratio": null,
            "reinvestment_rate": null,
            "research_to_sale_ratio": null,
            "price_fair": 75.6,
            "eps_avg_yearly": 2.16,
            "eps_latest_yearly": 2.16,
            "eps_growth_yearly": 950
        },
        "20022": {
            "year_quarter": 20022,
            "year": 2002,
            "quarter": 2,
            "eps": 0.36,
            "eps_growth_year": -44.62,
            "eps_4q": 1.32,
            "eps_4q_growth_year": -33.1,
            "roe": 2.29,
            "roe_4q": 8.31,
            "gross_profit": 64374,
            "gross_margin": 22.61,
            "gross_margin_4q_avg": 19.88,
            "net_income": 12897,
            "revenue": 284701,
            "common_shares": 373368,
            "book_valuer_per_share": 14.68,
            "book_valuer_per_share_4q_avg": 15.12,
            "equity": 548042,
            "current_ratio": 338.27,
            "debt_ratio": 32.92,
            "inventory_turnover_ratio": 2.7,
            "account_receivable_turnover_ratio": null,
            "reinvestment_rate": null,
            "research_to_sale_ratio": null,
            "price_fair": 63,
            "eps_avg_yearly": 1.8,
            "eps_latest_yearly": 1.44,
            "eps_growth_yearly": 408.33
        },
        "20023": {
            "year_quarter": 20023,
            "year": 2002,
            "quarter": 3,
            "eps": 0.45,
            "eps_growth_year": 87.5,
            "eps_4q": 1.46,
            "eps_4q_growth_year": -29.26,
            "roe": 3.06,
            "roe_4q": 9.790000000000001,
            "gross_profit": 77675,
            "gross_margin": 25.29,
            "gross_margin_4q_avg": 20.53,
            "net_income": 17046,
            "revenue": 307191,
            "common_shares": 392037,
            "book_valuer_per_share": 14.41,
            "book_valuer_per_share_4q_avg": 14.95,
            "equity": 565088,
            "current_ratio": 352.81,
            "debt_ratio": 32.38,
            "inventory_turnover_ratio": 2.82,
            "account_receivable_turnover_ratio": null,
            "reinvestment_rate": null,
            "research_to_sale_ratio": null,
            "price_fair": 63,
            "eps_avg_yearly": 1.8,
            "eps_latest_yearly": 1.8,
            "eps_growth_yearly": 305.56
        },
        "20024": {
            "year_quarter": 20024,
            "year": 2002,
            "quarter": 4,
            "eps": 0.74,
            "eps_growth_year": 362.5,
            "eps_4q": 2.05,
            "eps_4q_growth_year": -1,
            "roe": 4.82,
            "roe_4q": 13.55,
            "gross_profit": 66164,
            "gross_margin": 20.85,
            "gross_margin_4q_avg": 21.69,
            "net_income": 27906,
            "revenue": 317337,
            "common_shares": 392037,
            "book_valuer_per_share": 15.13,
            "book_valuer_per_share_4q_avg": 14.92,
            "equity": 592994,
            "current_ratio": 343.27,
            "debt_ratio": 32.61,
            "inventory_turnover_ratio": 3.11,
            "account_receivable_turnover_ratio": null,
            "reinvestment_rate": -21.98,
            "research_to_sale_ratio": null,
            "price_fair": 73.15,
            "eps_avg_yearly": 2.09,
            "eps_latest_yearly": 2.96,
            "eps_growth_yearly": 293.61
        },
        "20031": {
            "year_quarter": 20031,
            "year": 2003,
            "quarter": 1,
            "eps": 0.25,
            "eps_growth_year": -53.7,
            "eps_4q": 1.76,
            "eps_4q_growth_year": 6.96,
            "roe": 1.61,
            "roe_4q": 11.780000000000001,
            "gross_profit": 45546,
            "gross_margin": 15.83,
            "gross_margin_4q_avg": 21.15,
            "net_income": 9606,
            "revenue": 287643,
            "common_shares": 392037,
            "book_valuer_per_share": 15.37,
            "book_valuer_per_share_4q_avg": 14.9,
            "equity": 602600,
            "current_ratio": 407.12,
            "debt_ratio": 29.27,
            "inventory_turnover_ratio": 2.96,
            "account_receivable_turnover_ratio": null,
            "reinvestment_rate": -21.69,
            "research_to_sale_ratio": null,
            "price_fair": 65.52,
            "eps_avg_yearly": 1.87,
            "eps_latest_yearly": 1,
            "eps_growth_yearly": 181.92
        },
        "20032": {
            "year_quarter": 20032,
            "year": 2003,
            "quarter": 2,
            "eps": 0.37,
            "eps_growth_year": 2.78,
            "eps_4q": 1.8,
            "eps_4q_growth_year": 35.65,
            "roe": 2.41,
            "roe_4q": 11.9,
            "gross_profit": 50180,
            "gross_margin": 16.58,
            "gross_margin_4q_avg": 19.64,
            "net_income": 14158,
            "revenue": 302624,
            "common_shares": 392037,
            "book_valuer_per_share": 14.6,
            "book_valuer_per_share_4q_avg": 14.88,
            "equity": 572441,
            "current_ratio": 328.62,
            "debt_ratio": 33.21,
            "inventory_turnover_ratio": 2.8,
            "account_receivable_turnover_ratio": null,
            "reinvestment_rate": -21.93,
            "research_to_sale_ratio": null,
            "price_fair": 63.23,
            "eps_avg_yearly": 1.81,
            "eps_latest_yearly": 1.48,
            "eps_growth_yearly": 183.6
        },
        "20033": {
            "year_quarter": 20033,
            "year": 2003,
            "quarter": 3,
            "eps": 0.6,
            "eps_growth_year": 33.33,
            "eps_4q": 1.91,
            "eps_4q_growth_year": 30.49,
            "roe": 4.06,
            "roe_4q": 12.9,
            "gross_profit": 49818,
            "gross_margin": 16.3,
            "gross_margin_4q_avg": 17.39,
            "net_income": 23728,
            "revenue": 305686,
            "common_shares": 411638,
            "book_valuer_per_share": 14.48,
            "book_valuer_per_share_4q_avg": 14.9,
            "equity": 596169,
            "current_ratio": 403.18,
            "debt_ratio": 29.21,
            "inventory_turnover_ratio": 2.54,
            "account_receivable_turnover_ratio": null,
            "reinvestment_rate": -20.25,
            "research_to_sale_ratio": null,
            "price_fair": 66.2,
            "eps_avg_yearly": 1.89,
            "eps_latest_yearly": 2.4,
            "eps_growth_yearly": 192.89
        },
        "20034": {
            "year_quarter": 20034,
            "year": 2003,
            "quarter": 4,
            "eps": 0.31,
            "eps_growth_year": -58.11,
            "eps_4q": 1.49,
            "eps_4q_growth_year": -27.1,
            "roe": 2.06,
            "roe_4q": 10.139999999999999,
            "gross_profit": 46479,
            "gross_margin": 15.84,
            "gross_margin_4q_avg": 16.14,
            "net_income": 12441,
            "revenue": 293521,
            "common_shares": 411639,
            "book_valuer_per_share": 14.85,
            "book_valuer_per_share_4q_avg": 14.83,
            "equity": 611262,
            "current_ratio": 354.98,
            "debt_ratio": 31.5,
            "inventory_turnover_ratio": 2.14,
            "account_receivable_turnover_ratio": null,
            "reinvestment_rate": -18.57,
            "research_to_sale_ratio": null,
            "price_fair": 63.35,
            "eps_avg_yearly": 1.81,
            "eps_latest_yearly": 1.24,
            "eps_growth_yearly": 144.61
        },
        "20041": {
            "year_quarter": 20041,
            "year": 2004,
            "quarter": 1,
            "eps": 0.6,
            "eps_growth_year": 140,
            "eps_4q": 1.87,
            "eps_4q_growth_year": 6.48,
            "roe": 3.82,
            "roe_4q": 12.35,
            "gross_profit": 31206,
            "gross_margin": 10.65,
            "gross_margin_4q_avg": 14.84,
            "net_income": 23788,
            "revenue": 292958,
            "common_shares": 411639,
            "book_valuer_per_share": 15.43,
            "book_valuer_per_share_4q_avg": 14.84,
            "equity": 635050,
            "current_ratio": 424.93,
            "debt_ratio": 28.32,
            "inventory_turnover_ratio": 2.08,
            "account_receivable_turnover_ratio": null,
            "reinvestment_rate": -18.7,
            "research_to_sale_ratio": null,
            "price_fair": 65.64,
            "eps_avg_yearly": 1.88,
            "eps_latest_yearly": 2.4,
            "eps_growth_yearly": 170.12
        },
        "20042": {
            "year_quarter": 20042,
            "year": 2004,
            "quarter": 2,
            "eps": 0,
            "eps_growth_year": -100,
            "eps_4q": 1.45,
            "eps_4q_growth_year": -19.14,
            "roe": -0.03,
            "roe_4q": 9.91,
            "gross_profit": 35570,
            "gross_margin": 10.81,
            "gross_margin_4q_avg": 13.4,
            "net_income": -187,
            "revenue": 329023,
            "common_shares": 411639,
            "book_valuer_per_share": 14.33,
            "book_valuer_per_share_4q_avg": 14.77,
            "equity": 589993,
            "current_ratio": 300.17,
            "debt_ratio": 34.7,
            "inventory_turnover_ratio": 2.46,
            "account_receivable_turnover_ratio": null,
            "reinvestment_rate": -18.99,
            "research_to_sale_ratio": null,
            "price_fair": 65.64,
            "eps_avg_yearly": 1.88,
            "eps_latest_yearly": 2.4,
            "eps_growth_yearly": 170.12
        },
        "20043": {
            "year_quarter": 20043,
            "year": 2004,
            "quarter": 3,
            "eps": 0.32,
            "eps_growth_year": -46.67,
            "eps_4q": 1.23,
            "eps_4q_growth_year": -35.52,
            "roe": 2.21,
            "roe_4q": 8.06,
            "gross_profit": 50685,
            "gross_margin": 13.31,
            "gross_margin_4q_avg": 12.65,
            "net_income": 12682,
            "revenue": 380877,
            "common_shares": 411638,
            "book_valuer_per_share": 13.52,
            "book_valuer_per_share_4q_avg": 14.53,
            "equity": 556409,
            "current_ratio": 244.88,
            "debt_ratio": 38.61,
            "inventory_turnover_ratio": 3.92,
            "account_receivable_turnover_ratio": null,
            "reinvestment_rate": -19.54,
            "research_to_sale_ratio": null,
            "price_fair": 65.64,
            "eps_avg_yearly": 1.88,
            "eps_latest_yearly": 2.4,
            "eps_growth_yearly": 170.12
        },
        "20044": {
            "year_quarter": 20044,
            "year": 2004,
            "quarter": 4,
            "eps": 0.65,
            "eps_growth_year": 109.68,
            "eps_4q": 1.59,
            "eps_4q_growth_year": 6.53,
            "roe": 4.47,
            "roe_4q": 10.469999999999999,
            "gross_profit": 64479,
            "gross_margin": 18.99,
            "gross_margin_4q_avg": 13.44,
            "net_income": 25066,
            "revenue": 339624,
            "common_shares": 411639,
            "book_valuer_per_share": 13.75,
            "book_valuer_per_share_4q_avg": 14.26,
            "equity": 565881,
            "current_ratio": 324.86,
            "debt_ratio": 31.71,
            "inventory_turnover_ratio": 3.81,
            "account_receivable_turnover_ratio": null,
            "reinvestment_rate": -18.05,
            "research_to_sale_ratio": null,
            "price_fair": 68.18,
            "eps_avg_yearly": 1.95,
            "eps_latest_yearly": 2.6,
            "eps_growth_yearly": 194.36
        },
        "20051": {
            "year_quarter": 20051,
            "year": 2005,
            "quarter": 1,
            "eps": 0.56,
            "eps_growth_year": -6.67,
            "eps_4q": 1.6,
            "eps_4q_growth_year": -14.19,
            "roe": 3.55,
            "roe_4q": 10.200000000000001,
            "gross_profit": 51459,
            "gross_margin": 17.79,
            "gross_margin_4q_avg": 15.23,
            "net_income": 20145,
            "revenue": 289328,
            "common_shares": 411639,
            "book_valuer_per_share": 13.85,
            "book_valuer_per_share_4q_avg": 13.86,
            "equity": 570060,
            "current_ratio": 331.41,
            "debt_ratio": 31.48,
            "inventory_turnover_ratio": 2.76,
            "account_receivable_turnover_ratio": null,
            "reinvestment_rate": -19.65,
            "research_to_sale_ratio": null,
            "price_fair": 69.11,
            "eps_avg_yearly": 1.97,
            "eps_latest_yearly": 2.24,
            "eps_growth_yearly": 171.65
        },
        "20052": {
            "year_quarter": 20052,
            "year": 2005,
            "quarter": 2,
            "eps": 0.21,
            "eps_growth_year": null,
            "eps_4q": 1.87,
            "eps_4q_growth_year": 28.6,
            "roe": 1.29,
            "roe_4q": 11.52,
            "gross_profit": 41879,
            "gross_margin": 14.99,
            "gross_margin_4q_avg": 16.27,
            "net_income": 7336,
            "revenue": 279435,
            "common_shares": 399419,
            "book_valuer_per_share": 14.31,
            "book_valuer_per_share_4q_avg": 13.86,
            "equity": 571630,
            "current_ratio": 303.41,
            "debt_ratio": 32.35,
            "inventory_turnover_ratio": 2.49,
            "account_receivable_turnover_ratio": null,
            "reinvestment_rate": -23.58,
            "research_to_sale_ratio": null,
            "price_fair": 65.8,
            "eps_avg_yearly": 1.88,
            "eps_latest_yearly": 0.84,
            "eps_growth_yearly": 136.52
        },
        "20053": {
            "year_quarter": 20053,
            "year": 2005,
            "quarter": 3,
            "eps": 0.12,
            "eps_growth_year": -62.5,
            "eps_4q": 1.65,
            "eps_4q_growth_year": 34.46,
            "roe": 0.71,
            "roe_4q": 10.02,
            "gross_profit": 37613,
            "gross_margin": 14.32,
            "gross_margin_4q_avg": 16.52,
            "net_income": 4113,
            "revenue": 262734,
            "common_shares": 399419,
            "book_valuer_per_share": 14.5,
            "book_valuer_per_share_4q_avg": 14.1,
            "equity": 579067,
            "current_ratio": 279.46,
            "debt_ratio": 33.03,
            "inventory_turnover_ratio": 2.31,
            "account_receivable_turnover_ratio": null,
            "reinvestment_rate": -19.34,
            "research_to_sale_ratio": null,
            "price_fair": 62.03,
            "eps_avg_yearly": 1.77,
            "eps_latest_yearly": 0.48,
            "eps_growth_yearly": 112.83
        },
        "20054": {
            "year_quarter": 20054,
            "year": 2005,
            "quarter": 4,
            "eps": -0.16,
            "eps_growth_year": -124.62,
            "eps_4q": 0.75,
            "eps_4q_growth_year": -52.58,
            "roe": -1.09,
            "roe_4q": 4.46,
            "gross_profit": 24981,
            "gross_margin": 12.09,
            "gross_margin_4q_avg": 14.8,
            "net_income": -6382,
            "revenue": 206586,
            "common_shares": 443948,
            "book_valuer_per_share": 13.08,
            "book_valuer_per_share_4q_avg": 13.94,
            "equity": 590253,
            "current_ratio": 277.34,
            "debt_ratio": 32.5,
            "inventory_turnover_ratio": 1.93,
            "account_receivable_turnover_ratio": null,
            "reinvestment_rate": -2.96,
            "research_to_sale_ratio": null,
            "price_fair": 62.03,
            "eps_avg_yearly": 1.77,
            "eps_latest_yearly": 0.48,
            "eps_growth_yearly": 112.83
        },
        "20061": {
            "year_quarter": 20061,
            "year": 2006,
            "quarter": 1,
            "eps": 0,
            "eps_growth_year": -100,
            "eps_4q": 0.12,
            "eps_4q_growth_year": -92.78,
            "roe": 0.01,
            "roe_4q": 0.9199999999999999,
            "gross_profit": 18890,
            "gross_margin": 9.51,
            "gross_margin_4q_avg": 12.73,
            "net_income": 72,
            "revenue": 198644,
            "common_shares": 443948,
            "book_valuer_per_share": 13.13,
            "book_valuer_per_share_4q_avg": 13.76,
            "equity": 582900,
            "current_ratio": 252.88,
            "debt_ratio": 33.4,
            "inventory_turnover_ratio": 1.83,
            "account_receivable_turnover_ratio": null,
            "reinvestment_rate": -14.46,
            "research_to_sale_ratio": null,
            "price_fair": 60.9,
            "eps_avg_yearly": 1.74,
            "eps_latest_yearly": 0.48,
            "eps_growth_yearly": 43.06
        },
        "20062": {
            "year_quarter": 20062,
            "year": 2006,
            "quarter": 2,
            "eps": 0.06,
            "eps_growth_year": -71.43,
            "eps_4q": 0,
            "eps_4q_growth_year": -99.84,
            "roe": 0.4,
            "roe_4q": 0.029999999999999916,
            "gross_profit": 16806,
            "gross_margin": 11.08,
            "gross_margin_4q_avg": 11.75,
            "net_income": 2309,
            "revenue": 151674,
            "common_shares": 438248,
            "book_valuer_per_share": 13.01,
            "book_valuer_per_share_4q_avg": 13.43,
            "equity": 570025,
            "current_ratio": 252.59,
            "debt_ratio": 33.25,
            "inventory_turnover_ratio": 1.41,
            "account_receivable_turnover_ratio": null,
            "reinvestment_rate": -14.71,
            "research_to_sale_ratio": null,
            "price_fair": 61.85,
            "eps_avg_yearly": 1.77,
            "eps_latest_yearly": 0.48,
            "eps_growth_yearly": 59.1
        },
        "20063": {
            "year_quarter": 20063,
            "year": 2006,
            "quarter": 3,
            "eps": 0.12,
            "eps_growth_year": 0,
            "eps_4q": 0.02,
            "eps_4q_growth_year": -98.98,
            "roe": 0.81,
            "roe_4q": 0.1299999999999999,
            "gross_profit": 20940,
            "gross_margin": 15.09,
            "gross_margin_4q_avg": 11.94,
            "net_income": 4658,
            "revenue": 138788,
            "common_shares": 438248,
            "book_valuer_per_share": 13.2,
            "book_valuer_per_share_4q_avg": 13.11,
            "equity": 578600,
            "current_ratio": 285.32,
            "debt_ratio": 30.78,
            "inventory_turnover_ratio": 1.34,
            "account_receivable_turnover_ratio": null,
            "reinvestment_rate": -15.15,
            "research_to_sale_ratio": null,
            "price_fair": 57.65,
            "eps_avg_yearly": 1.65,
            "eps_latest_yearly": 0.48,
            "eps_growth_yearly": 86.37
        },
        "20064": {
            "year_quarter": 20064,
            "year": 2006,
            "quarter": 4,
            "eps": 0.18,
            "eps_growth_year": null,
            "eps_4q": 0.36,
            "eps_4q_growth_year": -52.76,
            "roe": 1.17,
            "roe_4q": 2.3899999999999997,
            "gross_profit": 16952,
            "gross_margin": 12.18,
            "gross_margin_4q_avg": 11.97,
            "net_income": 7185,
            "revenue": 139190,
            "common_shares": 409908,
            "book_valuer_per_share": 15.64,
            "book_valuer_per_share_4q_avg": 13.75,
            "equity": 650698,
            "current_ratio": 282.46,
            "debt_ratio": 32.21,
            "inventory_turnover_ratio": 1.55,
            "account_receivable_turnover_ratio": null,
            "reinvestment_rate": -5.18,
            "research_to_sale_ratio": null,
            "price_fair": 50.53,
            "eps_avg_yearly": 1.44,
            "eps_latest_yearly": 0.72,
            "eps_growth_yearly": 81.12
        },
        "20071": {
            "year_quarter": 20071,
            "year": 2007,
            "quarter": 1,
            "eps": 0.03,
            "eps_growth_year": null,
            "eps_4q": 0.38,
            "eps_4q_growth_year": 226.79,
            "roe": 0.19,
            "roe_4q": 2.57,
            "gross_profit": 9227,
            "gross_margin": 6.69,
            "gross_margin_4q_avg": 11.26,
            "net_income": 1219,
            "revenue": 137994,
            "common_shares": 409908,
            "book_valuer_per_share": 15.95,
            "book_valuer_per_share_4q_avg": 14.45,
            "equity": 653744,
            "current_ratio": 275.51,
            "debt_ratio": 31.46,
            "inventory_turnover_ratio": 1.8,
            "account_receivable_turnover_ratio": null,
            "reinvestment_rate": -17.47,
            "research_to_sale_ratio": null,
            "price_fair": 47.73,
            "eps_avg_yearly": 1.36,
            "eps_latest_yearly": 0.12,
            "eps_growth_yearly": 74.9
        },
        "20072": {
            "year_quarter": 20072,
            "year": 2007,
            "quarter": 2,
            "eps": 0.05,
            "eps_growth_year": -16.67,
            "eps_4q": 0.38,
            "eps_4q_growth_year": 12800.72,
            "roe": 0.31,
            "roe_4q": 2.48,
            "gross_profit": 21499,
            "gross_margin": 14.2,
            "gross_margin_4q_avg": 12.04,
            "net_income": 2007,
            "revenue": 151382,
            "common_shares": 409908,
            "book_valuer_per_share": 15.97,
            "book_valuer_per_share_4q_avg": 15.19,
            "equity": 654752,
            "current_ratio": 247.94,
            "debt_ratio": 34.18,
            "inventory_turnover_ratio": 1.83,
            "account_receivable_turnover_ratio": null,
            "reinvestment_rate": -18.48,
            "research_to_sale_ratio": null,
            "price_fair": 43.65,
            "eps_avg_yearly": 1.25,
            "eps_latest_yearly": 0.2,
            "eps_growth_yearly": 81.68
        },
        "20073": {
            "year_quarter": 20073,
            "year": 2007,
            "quarter": 3,
            "eps": 0.68,
            "eps_growth_year": 466.67,
            "eps_4q": 0.92,
            "eps_4q_growth_year": 5343.93,
            "roe": 4.07,
            "roe_4q": 5.74,
            "gross_profit": 17651,
            "gross_margin": 13.48,
            "gross_margin_4q_avg": 11.64,
            "net_income": 29322,
            "revenue": 130956,
            "common_shares": 450899,
            "book_valuer_per_share": 17.4,
            "book_valuer_per_share_4q_avg": 16.24,
            "equity": 784619,
            "current_ratio": 334.77,
            "debt_ratio": 26.98,
            "inventory_turnover_ratio": 1.53,
            "account_receivable_turnover_ratio": null,
            "reinvestment_rate": -17.06,
            "research_to_sale_ratio": null,
            "price_fair": 44.67,
            "eps_avg_yearly": 1.28,
            "eps_latest_yearly": 2.72,
            "eps_growth_yearly": 517.26
        },
        "20074": {
            "year_quarter": 20074,
            "year": 2007,
            "quarter": 4,
            "eps": 1,
            "eps_growth_year": 455.56,
            "eps_4q": 1.75,
            "eps_4q_growth_year": 391.32,
            "roe": 5.72,
            "roe_4q": 10.29,
            "gross_profit": 12225,
            "gross_margin": 11.82,
            "gross_margin_4q_avg": 11.55,
            "net_income": 43352,
            "revenue": 103403,
            "common_shares": 450898,
            "book_valuer_per_share": 16.03,
            "book_valuer_per_share_4q_avg": 16.34,
            "equity": 730483,
            "current_ratio": 267.89,
            "debt_ratio": 30.41,
            "inventory_turnover_ratio": 1.32,
            "account_receivable_turnover_ratio": null,
            "reinvestment_rate": -6.76,
            "research_to_sale_ratio": null,
            "price_fair": 53.45,
            "eps_avg_yearly": 1.53,
            "eps_latest_yearly": 4,
            "eps_growth_yearly": 551.95
        },
        "20081": {
            "year_quarter": 20081,
            "year": 2008,
            "quarter": 1,
            "eps": 0.38,
            "eps_growth_year": 1166.67,
            "eps_4q": 2.04,
            "eps_4q_growth_year": 438.25,
            "roe": 2.22,
            "roe_4q": 12.32,
            "gross_profit": 18708,
            "gross_margin": 13.37,
            "gross_margin_4q_avg": 13.22,
            "net_income": 17051,
            "revenue": 139878,
            "common_shares": 450898,
            "book_valuer_per_share": 17.62,
            "book_valuer_per_share_4q_avg": 16.76,
            "equity": 802405,
            "current_ratio": 282.65,
            "debt_ratio": 29.59,
            "inventory_turnover_ratio": 1.45,
            "account_receivable_turnover_ratio": null,
            "reinvestment_rate": -6.05,
            "research_to_sale_ratio": null,
            "price_fair": 50.65,
            "eps_avg_yearly": 1.45,
            "eps_latest_yearly": 1.52,
            "eps_growth_yearly": 495.39
        },
        "20082": {
            "year_quarter": 20082,
            "year": 2008,
            "quarter": 2,
            "eps": 0.6,
            "eps_growth_year": 1100,
            "eps_4q": 2.68,
            "eps_4q_growth_year": 614.34,
            "roe": 2.91,
            "roe_4q": 14.920000000000002,
            "gross_profit": 16155,
            "gross_margin": 14.15,
            "gross_margin_4q_avg": 13.21,
            "net_income": 25794,
            "revenue": 114192,
            "common_shares": 450898,
            "book_valuer_per_share": 21.36,
            "book_valuer_per_share_4q_avg": 18.1,
            "equity": 970673,
            "current_ratio": 342.07,
            "debt_ratio": 25.78,
            "inventory_turnover_ratio": 0.93,
            "account_receivable_turnover_ratio": null,
            "reinvestment_rate": -5.72,
            "research_to_sale_ratio": null,
            "price_fair": 53.43,
            "eps_avg_yearly": 1.53,
            "eps_latest_yearly": 2.4,
            "eps_growth_yearly": 473.4
        },
        "20083": {
            "year_quarter": 20083,
            "year": 2008,
            "quarter": 3,
            "eps": 0.18,
            "eps_growth_year": -73.53,
            "eps_4q": 2.16,
            "eps_4q_growth_year": 134.37,
            "roe": 0.96,
            "roe_4q": 11.809999999999999,
            "gross_profit": 18287,
            "gross_margin": 14.4,
            "gross_margin_4q_avg": 13.44,
            "net_income": 7820,
            "revenue": 126959,
            "common_shares": 450899,
            "book_valuer_per_share": 14.54,
            "book_valuer_per_share_4q_avg": 17.39,
            "equity": 663595,
            "current_ratio": 227.46,
            "debt_ratio": 33.04,
            "inventory_turnover_ratio": 0.97,
            "account_receivable_turnover_ratio": null,
            "reinvestment_rate": -4.88,
            "research_to_sale_ratio": null,
            "price_fair": 51.26,
            "eps_avg_yearly": 1.46,
            "eps_latest_yearly": 0.72,
            "eps_growth_yearly": 415.45
        },
        "20084": {
            "year_quarter": 20084,
            "year": 2008,
            "quarter": 4,
            "eps": -0.74,
            "eps_growth_year": -174,
            "eps_4q": 0.3,
            "eps_4q_growth_year": -83.11,
            "roe": -5.85,
            "roe_4q": 0.24000000000000066,
            "gross_profit": 8925,
            "gross_margin": 8.14,
            "gross_margin_4q_avg": 12.52,
            "net_income": -37706,
            "revenue": 109706,
            "common_shares": 514024,
            "book_valuer_per_share": 12.03,
            "book_valuer_per_share_4q_avg": 16.39,
            "equity": 625464,
            "current_ratio": 218.66,
            "debt_ratio": 34.14,
            "inventory_turnover_ratio": 1,
            "account_receivable_turnover_ratio": 1.59,
            "reinvestment_rate": -0.8,
            "research_to_sale_ratio": null,
            "price_fair": 47.95,
            "eps_avg_yearly": 1.37,
            "eps_latest_yearly": 0.72,
            "eps_growth_yearly": 415.69
        },
        "20091": {
            "year_quarter": 20091,
            "year": 2009,
            "quarter": 1,
            "eps": -0.16,
            "eps_growth_year": -142.11,
            "eps_4q": -0.21,
            "eps_4q_growth_year": -110.47,
            "roe": -1.26,
            "roe_4q": -3.2399999999999993,
            "gross_profit": 4246,
            "gross_margin": 4.49,
            "gross_margin_4q_avg": 10.3,
            "net_income": -8086,
            "revenue": 94607,
            "common_shares": 514024,
            "book_valuer_per_share": 12.71,
            "book_valuer_per_share_4q_avg": 15.16,
            "equity": 660703,
            "current_ratio": 234.67,
            "debt_ratio": 32.17,
            "inventory_turnover_ratio": 1.16,
            "account_receivable_turnover_ratio": 1.37,
            "reinvestment_rate": 10.42,
            "research_to_sale_ratio": null,
            "price_fair": 45.18,
            "eps_avg_yearly": 1.29,
            "eps_latest_yearly": 0.72,
            "eps_growth_yearly": 458.52
        },
        "20092": {
            "year_quarter": 20092,
            "year": 2009,
            "quarter": 2,
            "eps": 0.18,
            "eps_growth_year": -70,
            "eps_4q": -0.57,
            "eps_4q_growth_year": -121.31,
            "roe": 1.22,
            "roe_4q": -4.93,
            "gross_profit": 11128,
            "gross_margin": 11.9,
            "gross_margin_4q_avg": 9.73,
            "net_income": 8804,
            "revenue": 93486,
            "common_shares": 514024,
            "book_valuer_per_share": 15.29,
            "book_valuer_per_share_4q_avg": 13.64,
            "equity": 786688,
            "current_ratio": 250.02,
            "debt_ratio": 29.49,
            "inventory_turnover_ratio": 1.09,
            "account_receivable_turnover_ratio": 1.25,
            "reinvestment_rate": -9.03,
            "research_to_sale_ratio": null,
            "price_fair": 46.76,
            "eps_avg_yearly": 1.34,
            "eps_latest_yearly": 0.72,
            "eps_growth_yearly": 529.37
        },
        "20093": {
            "year_quarter": 20093,
            "year": 2009,
            "quarter": 3,
            "eps": -0.06,
            "eps_growth_year": -133.33,
            "eps_4q": -0.75,
            "eps_4q_growth_year": -134.75,
            "roe": -0.37,
            "roe_4q": -6.26,
            "gross_profit": 11625,
            "gross_margin": 10.64,
            "gross_margin_4q_avg": 8.79,
            "net_income": -2879,
            "revenue": 109280,
            "common_shares": 514024,
            "book_valuer_per_share": 14.83,
            "book_valuer_per_share_4q_avg": 13.72,
            "equity": 771958,
            "current_ratio": 233.69,
            "debt_ratio": 30.87,
            "inventory_turnover_ratio": 1.07,
            "account_receivable_turnover_ratio": 0.77,
            "reinvestment_rate": -7.62,
            "research_to_sale_ratio": null,
            "price_fair": 50.09,
            "eps_avg_yearly": 1.43,
            "eps_latest_yearly": 0.72,
            "eps_growth_yearly": 607.24
        },
        "20094": {
            "year_quarter": 20094,
            "year": 2009,
            "quarter": 4,
            "eps": 0.36,
            "eps_growth_year": null,
            "eps_4q": 0.33,
            "eps_4q_growth_year": 10.22,
            "roe": 2.17,
            "roe_4q": 1.7599999999999996,
            "gross_profit": 11775,
            "gross_margin": 10.13,
            "gross_margin_4q_avg": 9.29,
            "net_income": 18191,
            "revenue": 116195,
            "common_shares": 529445,
            "book_valuer_per_share": 17.54,
            "book_valuer_per_share_4q_avg": 15.09,
            "equity": 902687,
            "current_ratio": 290.86,
            "debt_ratio": 26.8,
            "inventory_turnover_ratio": 1.14,
            "account_receivable_turnover_ratio": 1.81,
            "reinvestment_rate": 110.77,
            "research_to_sale_ratio": null,
            "price_fair": 50.09,
            "eps_avg_yearly": 1.43,
            "eps_latest_yearly": 0.72,
            "eps_growth_yearly": 607.24
        },
        "20101": {
            "year_quarter": 20101,
            "year": 2010,
            "quarter": 1,
            "eps": null,
            "eps_growth_year": null,
            "eps_4q": null,
            "eps_4q_growth_year": null,
            "roe": null,
            "roe_4q": 3.0199999999999996,
            "gross_profit": 10268,
            "gross_margin": null,
            "gross_margin_4q_avg": 8.17,
            "net_income": 446,
            "revenue": 94971,
            "common_shares": 529445,
            "book_valuer_per_share": 16.36,
            "book_valuer_per_share_4q_avg": 16.01,
            "equity": 875278,
            "current_ratio": 276.5,
            "debt_ratio": 27.64,
            "inventory_turnover_ratio": null,
            "account_receivable_turnover_ratio": null,
            "reinvestment_rate": null,
            "research_to_sale_ratio": null,
            "price_fair": 50.09,
            "eps_avg_yearly": 1.43,
            "eps_latest_yearly": 0.72,
            "eps_growth_yearly": 607.24
        },
        "20102": {
            "year_quarter": 20102,
            "year": 2010,
            "quarter": 2,
            "eps": 0.07,
            "eps_growth_year": -62.11,
            "eps_4q": 0.37,
            "eps_4q_growth_year": null,
            "roe": 0.42,
            "roe_4q": 2.2199999999999998,
            "gross_profit": 15269,
            "gross_margin": 12.48,
            "gross_margin_4q_avg": 8.31,
            "net_income": 3582,
            "revenue": 122331,
            "common_shares": 529445,
            "book_valuer_per_share": 16.17,
            "book_valuer_per_share_4q_avg": 16.23,
            "equity": 832733,
            "current_ratio": 223.48,
            "debt_ratio": 33.57,
            "inventory_turnover_ratio": 1.34,
            "account_receivable_turnover_ratio": 1.68,
            "reinvestment_rate": 142.45,
            "research_to_sale_ratio": null,
            "price_fair": 50.09,
            "eps_avg_yearly": 1.43,
            "eps_latest_yearly": 0.72,
            "eps_growth_yearly": 607.24
        },
        "20103": {
            "year_quarter": 20103,
            "year": 2010,
            "quarter": 3,
            "eps": 0.42,
            "eps_growth_year": null,
            "eps_4q": 0.84,
            "eps_4q_growth_year": null,
            "roe": 2.51,
            "roe_4q": 5.1,
            "gross_profit": 12613,
            "gross_margin": 10.99,
            "gross_margin_4q_avg": 8.4,
            "net_income": 21797,
            "revenue": 114719,
            "common_shares": 545328,
            "book_valuer_per_share": 17.13,
            "book_valuer_per_share_4q_avg": 16.8,
            "equity": 907464,
            "current_ratio": 223.04,
            "debt_ratio": 33.32,
            "inventory_turnover_ratio": 1.25,
            "account_receivable_turnover_ratio": 0.86,
            "reinvestment_rate": 142.81,
            "research_to_sale_ratio": 0.35,
            "price_fair": 54.76,
            "eps_avg_yearly": 1.56,
            "eps_latest_yearly": 1.68,
            "eps_growth_yearly": 785.02
        },
        "20104": {
            "year_quarter": 20104,
            "year": 2010,
            "quarter": 4,
            "eps": -0.21,
            "eps_growth_year": -158.73,
            "eps_4q": 0.27,
            "eps_4q_growth_year": -15.77,
            "roe": -1.23,
            "roe_4q": 1.6999999999999997,
            "gross_profit": 7484,
            "gross_margin": 10.61,
            "gross_margin_4q_avg": 8.52,
            "net_income": -11205,
            "revenue": 70515,
            "common_shares": 545328,
            "book_valuer_per_share": 17.42,
            "book_valuer_per_share_4q_avg": 16.77,
            "equity": 921821,
            "current_ratio": 231.32,
            "debt_ratio": 32.88,
            "inventory_turnover_ratio": 0.87,
            "account_receivable_turnover_ratio": 0.59,
            "reinvestment_rate": 142.22,
            "research_to_sale_ratio": 0.63,
            "price_fair": 58.45,
            "eps_avg_yearly": 1.67,
            "eps_latest_yearly": 1.68,
            "eps_growth_yearly": 858.14
        },
        "20111": {
            "year_quarter": 20111,
            "year": 2011,
            "quarter": 1,
            "eps": 0,
            "eps_growth_year": null,
            "eps_4q": 0.28,
            "eps_4q_growth_year": null,
            "roe": -0,
            "roe_4q": 1.6999999999999997,
            "gross_profit": 8849,
            "gross_margin": 10.48,
            "gross_margin_4q_avg": 11.14,
            "net_income": -43,
            "revenue": 84451,
            "common_shares": 545328,
            "book_valuer_per_share": 17.05,
            "book_valuer_per_share_4q_avg": 16.94,
            "equity": 902243,
            "current_ratio": 203.48,
            "debt_ratio": 37.42,
            "inventory_turnover_ratio": 0.93,
            "account_receivable_turnover_ratio": 0.75,
            "reinvestment_rate": 160.05,
            "research_to_sale_ratio": 0.39,
            "price_fair": 66.2,
            "eps_avg_yearly": 1.89,
            "eps_latest_yearly": 1.68,
            "eps_growth_yearly": 1028.35
        },
        "20112": {
            "year_quarter": 20112,
            "year": 2011,
            "quarter": 2,
            "eps": 0,
            "eps_growth_year": -99.46,
            "eps_4q": 0.2,
            "eps_4q_growth_year": -44.92,
            "roe": -0.01,
            "roe_4q": 1.2699999999999998,
            "gross_profit": 8537,
            "gross_margin": 10.89,
            "gross_margin_4q_avg": 10.74,
            "net_income": -79,
            "revenue": 78405,
            "common_shares": 545328,
            "book_valuer_per_share": 17.35,
            "book_valuer_per_share_4q_avg": 17.24,
            "equity": 917756,
            "current_ratio": 191.56,
            "debt_ratio": 40.25,
            "inventory_turnover_ratio": 0.75,
            "account_receivable_turnover_ratio": 0.83,
            "reinvestment_rate": 163.77,
            "research_to_sale_ratio": 0.33,
            "price_fair": 76.07,
            "eps_avg_yearly": 2.17,
            "eps_latest_yearly": 1.68,
            "eps_growth_yearly": 1155.3
        },
        "20113": {
            "year_quarter": 20113,
            "year": 2011,
            "quarter": 3,
            "eps": 0.4,
            "eps_growth_year": -3.04,
            "eps_4q": 0.2,
            "eps_4q_growth_year": -75.92,
            "roe": 2.06,
            "roe_4q": 0.8200000000000003,
            "gross_profit": 9850,
            "gross_margin": 10.34,
            "gross_margin_4q_avg": 10.58,
            "net_income": 18848,
            "revenue": 95302,
            "common_shares": 545328,
            "book_valuer_per_share": 17.23,
            "book_valuer_per_share_4q_avg": 17.26,
            "equity": 909165,
            "current_ratio": 185.88,
            "debt_ratio": 40.78,
            "inventory_turnover_ratio": 1.13,
            "account_receivable_turnover_ratio": 1.07,
            "reinvestment_rate": 194.82,
            "research_to_sale_ratio": 0.19,
            "price_fair": 72.24,
            "eps_avg_yearly": 2.06,
            "eps_latest_yearly": 1.68,
            "eps_growth_yearly": 378.36
        },
        "20114": {
            "year_quarter": 20114,
            "year": 2011,
            "quarter": 4,
            "eps": -0.06,
            "eps_growth_year": null,
            "eps_4q": 0.35,
            "eps_4q_growth_year": 26.21,
            "roe": -0.4,
            "roe_4q": 1.6500000000000001,
            "gross_profit": 8106,
            "gross_margin": 6.02,
            "gross_margin_4q_avg": 9.43,
            "net_income": -3593,
            "revenue": 134644,
            "common_shares": 561688,
            "book_valuer_per_share": 16.78,
            "book_valuer_per_share_4q_avg": 17.1,
            "equity": 909651,
            "current_ratio": 169.61,
            "debt_ratio": 43.78,
            "inventory_turnover_ratio": 2.32,
            "account_receivable_turnover_ratio": 1.32,
            "reinvestment_rate": 354.42,
            "research_to_sale_ratio": 0.16,
            "price_fair": 55.3,
            "eps_avg_yearly": 1.58,
            "eps_latest_yearly": 1.68,
            "eps_growth_yearly": 425.89
        },
        "20121": {
            "year_quarter": 20121,
            "year": 2012,
            "quarter": 1,
            "eps": -0.18,
            "eps_growth_year": null,
            "eps_4q": 0.17,
            "eps_4q_growth_year": -40.07,
            "roe": -1.07,
            "roe_4q": 0.5799999999999998,
            "gross_profit": 4126,
            "gross_margin": 5.17,
            "gross_margin_4q_avg": 8.11,
            "net_income": -9838,
            "revenue": 79768,
            "common_shares": 561688,
            "book_valuer_per_share": 17.03,
            "book_valuer_per_share_4q_avg": 17.1,
            "equity": 923181,
            "current_ratio": 166.41,
            "debt_ratio": 44.77,
            "inventory_turnover_ratio": 1.53,
            "account_receivable_turnover_ratio": 0.8,
            "reinvestment_rate": 634.1,
            "research_to_sale_ratio": 0.25,
            "price_fair": 56,
            "eps_avg_yearly": 1.6,
            "eps_latest_yearly": 1.68,
            "eps_growth_yearly": 650.53
        },
        "20122": {
            "year_quarter": 20122,
            "year": 2012,
            "quarter": 2,
            "eps": -0.5,
            "eps_growth_year": -135492.16,
            "eps_4q": -0.34,
            "eps_4q_growth_year": -266.8,
            "roe": -3.17,
            "roe_4q": -2.5800000000000005,
            "gross_profit": 4505,
            "gross_margin": 5.21,
            "gross_margin_4q_avg": 6.69,
            "net_income": -28263,
            "revenue": 86513,
            "common_shares": 561688,
            "book_valuer_per_share": 15.86,
            "book_valuer_per_share_4q_avg": 16.73,
            "equity": 858844,
            "current_ratio": 158.42,
            "debt_ratio": 47.04,
            "inventory_turnover_ratio": 1.6,
            "account_receivable_turnover_ratio": 0.9,
            "reinvestment_rate": null,
            "research_to_sale_ratio": 0.35,
            "price_fair": 42,
            "eps_avg_yearly": 1.2,
            "eps_latest_yearly": 1.68,
            "eps_growth_yearly": 860
        },
        "20123": {
            "year_quarter": 20123,
            "year": 2012,
            "quarter": 3,
            "eps": 1.06,
            "eps_growth_year": 162.66,
            "eps_4q": 0.32,
            "eps_4q_growth_year": 59.94,
            "roe": 6.24,
            "roe_4q": 1.6,
            "gross_profit": 9443,
            "gross_margin": 11.79,
            "gross_margin_4q_avg": 7.05,
            "net_income": 57396,
            "revenue": 80125,
            "common_shares": 561688,
            "book_valuer_per_share": 18.1,
            "book_valuer_per_share_4q_avg": 16.94,
            "equity": 979630,
            "current_ratio": 169.63,
            "debt_ratio": 45.12,
            "inventory_turnover_ratio": 1.37,
            "account_receivable_turnover_ratio": 0.8,
            "reinvestment_rate": 726.63,
            "research_to_sale_ratio": 0.35,
            "price_fair": 58.8,
            "eps_avg_yearly": 1.68,
            "eps_latest_yearly": 1.68,
            "eps_growth_yearly": 2000
        },
        "20124": {
            "year_quarter": 20124,
            "year": 2012,
            "quarter": 4,
            "eps": -0.12,
            "eps_growth_year": null,
            "eps_4q": 0.27,
            "eps_4q_growth_year": -23.04,
            "roe": -0.65,
            "roe_4q": 1.3499999999999999,
            "gross_profit": 5513,
            "gross_margin": 7.57,
            "gross_margin_4q_avg": 7.44,
            "net_income": -6359,
            "revenue": 72867,
            "common_shares": 561688,
            "book_valuer_per_share": 17.88,
            "book_valuer_per_share_4q_avg": 17.22,
            "equity": 967415,
            "current_ratio": 167.35,
            "debt_ratio": 45.78,
            "inventory_turnover_ratio": 1.2,
            "account_receivable_turnover_ratio": 0.75,
            "reinvestment_rate": 356.45,
            "research_to_sale_ratio": 0.37,
            "price_fair": 58.8,
            "eps_avg_yearly": 1.68,
            "eps_latest_yearly": 1.68,
            "eps_growth_yearly": 2000
        },
        "20131": {
            "year_quarter": 20131,
            "year": 2013,
            "quarter": 1,
            "eps": -0.64,
            "eps_growth_year": null,
            "eps_4q": -0.2,
            "eps_4q_growth_year": -218.66,
            "roe": -3.65,
            "roe_4q": -1.2299999999999995,
            "gross_profit": 702,
            "gross_margin": 1.21,
            "gross_margin_4q_avg": 6.45,
            "net_income": -34836,
            "revenue": 58082,
            "common_shares": 561688,
            "book_valuer_per_share": 17.4,
            "book_valuer_per_share_4q_avg": 17.31,
            "equity": 941696,
            "current_ratio": 162.44,
            "debt_ratio": 46.56,
            "inventory_turnover_ratio": 1,
            "account_receivable_turnover_ratio": 0.58,
            "reinvestment_rate": 551.83,
            "research_to_sale_ratio": 0.27,
            "price_fair": 58.8,
            "eps_avg_yearly": 1.68,
            "eps_latest_yearly": 1.68,
            "eps_growth_yearly": 2000
        },
        "20132": {
            "year_quarter": 20132,
            "year": 2013,
            "quarter": 2,
            "eps": -0.27,
            "eps_growth_year": null,
            "eps_4q": 0.04,
            "eps_4q_growth_year": null,
            "roe": -1.58,
            "roe_4q": 0.35999999999999943,
            "gross_profit": 4379,
            "gross_margin": 6.1,
            "gross_margin_4q_avg": 6.67,
            "net_income": -14673,
            "revenue": 71835,
            "common_shares": 561688,
            "book_valuer_per_share": 17.02,
            "book_valuer_per_share_4q_avg": 17.6,
            "equity": 920989,
            "current_ratio": 156.9,
            "debt_ratio": 47.85,
            "inventory_turnover_ratio": 1.25,
            "account_receivable_turnover_ratio": 0.69,
            "reinvestment_rate": 1532.7,
            "research_to_sale_ratio": 0.2,
            "price_fair": 58.8,
            "eps_avg_yearly": 1.68,
            "eps_latest_yearly": 1.68,
            "eps_growth_yearly": 2000
        },
        "20133": {
            "year_quarter": 20133,
            "year": 2013,
            "quarter": 3,
            "eps": 0.19,
            "eps_growth_year": -82.14,
            "eps_4q": -0.83,
            "eps_4q_growth_year": -358.63,
            "roe": 1.12,
            "roe_4q": -4.76,
            "gross_profit": 7845,
            "gross_margin": 13.08,
            "gross_margin_4q_avg": 6.99,
            "net_income": 10460,
            "revenue": 59976,
            "common_shares": 561688,
            "book_valuer_per_share": 17.54,
            "book_valuer_per_share_4q_avg": 17.46,
            "equity": 949164,
            "current_ratio": 158.09,
            "debt_ratio": 47.72,
            "inventory_turnover_ratio": 1.2,
            "account_receivable_turnover_ratio": 0.58,
            "reinvestment_rate": 801.36,
            "research_to_sale_ratio": 0.24,
            "price_fair": 58.8,
            "eps_avg_yearly": 1.68,
            "eps_latest_yearly": 1.68,
            "eps_growth_yearly": 2000
        },
        "20134": {
            "year_quarter": 20134,
            "year": 2013,
            "quarter": 4,
            "eps": -0.13,
            "eps_growth_year": null,
            "eps_4q": -0.84,
            "eps_4q_growth_year": -416.7,
            "roe": -0.77,
            "roe_4q": -4.88,
            "gross_profit": 5125,
            "gross_margin": 8.61,
            "gross_margin_4q_avg": 7.25,
            "net_income": -6975,
            "revenue": 59524,
            "common_shares": 561688,
            "book_valuer_per_share": 16.01,
            "book_valuer_per_share_4q_avg": 16.99,
            "equity": 866187,
            "current_ratio": 152.54,
            "debt_ratio": 48.8,
            "inventory_turnover_ratio": 1.56,
            "account_receivable_turnover_ratio": 0.63,
            "reinvestment_rate": 1761.91,
            "research_to_sale_ratio": 0.22,
            "price_fair": 58.8,
            "eps_avg_yearly": 1.68,
            "eps_latest_yearly": 1.68,
            "eps_growth_yearly": 2000
        },
        "20141": {
            "year_quarter": 20141,
            "year": 2014,
            "quarter": 1,
            "eps": 0.51,
            "eps_growth_year": null,
            "eps_4q": 0.31,
            "eps_4q_growth_year": null,
            "roe": 2.95,
            "roe_4q": 1.7200000000000002,
            "gross_profit": 2373,
            "gross_margin": 6.3,
            "gross_margin_4q_avg": 8.52,
            "net_income": 27712,
            "revenue": 37669,
            "common_shares": 561688,
            "book_valuer_per_share": 18.74,
            "book_valuer_per_share_4q_avg": 17.33,
            "equity": 1013307,
            "current_ratio": 151.07,
            "debt_ratio": 47.96,
            "inventory_turnover_ratio": 0.97,
            "account_receivable_turnover_ratio": 0.44,
            "reinvestment_rate": 834.86,
            "research_to_sale_ratio": 0.4,
            "price_fair": 58.8,
            "eps_avg_yearly": 1.68,
            "eps_latest_yearly": 1.68,
            "eps_growth_yearly": 2000
        },
        "20142": {
            "year_quarter": 20142,
            "year": 2014,
            "quarter": 2,
            "eps": 0.67,
            "eps_growth_year": null,
            "eps_4q": 1.25,
            "eps_4q_growth_year": 3445.16,
            "roe": 3.24,
            "roe_4q": 6.54,
            "gross_profit": 4883,
            "gross_margin": 7.72,
            "gross_margin_4q_avg": 8.93,
            "net_income": 35771,
            "revenue": 63240,
            "common_shares": 561688,
            "book_valuer_per_share": 22.08,
            "book_valuer_per_share_4q_avg": 18.59,
            "equity": 1194151,
            "current_ratio": 168.83,
            "debt_ratio": 45.31,
            "inventory_turnover_ratio": 1.12,
            "account_receivable_turnover_ratio": 0.76,
            "reinvestment_rate": 190.08,
            "research_to_sale_ratio": 0.25,
            "price_fair": 76.3,
            "eps_avg_yearly": 2.18,
            "eps_latest_yearly": 2.68,
            "eps_growth_yearly": 1062.75
        },
        "20143": {
            "year_quarter": 20143,
            "year": 2014,
            "quarter": 3,
            "eps": 1.35,
            "eps_growth_year": 610.53,
            "eps_4q": 2.39,
            "eps_4q_growth_year": null,
            "roe": 5.22,
            "roe_4q": 10.64,
            "gross_profit": 1738,
            "gross_margin": 3.89,
            "gross_margin_4q_avg": 6.63,
            "net_income": 73005,
            "revenue": 44696,
            "common_shares": 561688,
            "book_valuer_per_share": 29.5,
            "book_valuer_per_share_4q_avg": 21.58,
            "equity": 1603933,
            "current_ratio": 203.58,
            "debt_ratio": 38.57,
            "inventory_turnover_ratio": 0.67,
            "account_receivable_turnover_ratio": 0.58,
            "reinvestment_rate": 178.04,
            "research_to_sale_ratio": 0.29,
            "price_fair": 141.4,
            "eps_avg_yearly": 4.04,
            "eps_latest_yearly": 5.4,
            "eps_growth_yearly": 265.73
        },
        "20144": {
            "year_quarter": 20144,
            "year": 2014,
            "quarter": 4,
            "eps": -1.55,
            "eps_growth_year": null,
            "eps_4q": 0.96,
            "eps_4q_growth_year": null,
            "roe": -5.92,
            "roe_4q": 5.49,
            "gross_profit": 962,
            "gross_margin": 3.63,
            "gross_margin_4q_avg": 5.39,
            "net_income": -85039,
            "revenue": 26491,
            "common_shares": 561688,
            "book_valuer_per_share": 23.33,
            "book_valuer_per_share_4q_avg": 23.41,
            "equity": 1267942,
            "current_ratio": 163.53,
            "debt_ratio": 48.12,
            "inventory_turnover_ratio": 0.38,
            "account_receivable_turnover_ratio": 0.44,
            "reinvestment_rate": 338.49,
            "research_to_sale_ratio": 0.57,
            "price_fair": 141.4,
            "eps_avg_yearly": 4.04,
            "eps_latest_yearly": 5.4,
            "eps_growth_yearly": 265.73
        },
        "20151": {
            "year_quarter": 20151,
            "year": 2015,
            "quarter": 1,
            "eps": 0,
            "eps_growth_year": -100,
            "eps_4q": 0.45,
            "eps_4q_growth_year": 43.09,
            "roe": -0.02,
            "roe_4q": 2.5200000000000005,
            "gross_profit": 639,
            "gross_margin": 2.86,
            "gross_margin_4q_avg": 4.53,
            "net_income": -192,
            "revenue": 22330,
            "common_shares": 561688,
            "book_valuer_per_share": 23.74,
            "book_valuer_per_share_4q_avg": 24.66,
            "equity": 1290004,
            "current_ratio": 162.28,
            "debt_ratio": 48.41,
            "inventory_turnover_ratio": 0.31,
            "account_receivable_turnover_ratio": 0.55,
            "reinvestment_rate": 355.61,
            "research_to_sale_ratio": 0.83,
            "price_fair": 141.4,
            "eps_avg_yearly": 4.04,
            "eps_latest_yearly": 5.4,
            "eps_growth_yearly": 265.73
        },
        "20152": {
            "year_quarter": 20152,
            "year": 2015,
            "quarter": 2,
            "eps": -0.55,
            "eps_growth_year": -182.09,
            "eps_4q": -0.74,
            "eps_4q_growth_year": -159.57,
            "roe": -2.59,
            "roe_4q": -3.3099999999999996,
            "gross_profit": 3631,
            "gross_margin": 13.67,
            "gross_margin_4q_avg": 6.01,
            "net_income": -32155,
            "revenue": 26563,
            "common_shares": 561688,
            "book_valuer_per_share": 21.9,
            "book_valuer_per_share_4q_avg": 24.62,
            "equity": 1190185,
            "current_ratio": 153.7,
            "debt_ratio": 52.3,
            "inventory_turnover_ratio": 0.34,
            "account_receivable_turnover_ratio": 0.71,
            "reinvestment_rate": 1225.28,
            "research_to_sale_ratio": 0.67,
            "price_fair": 141.4,
            "eps_avg_yearly": 4.04,
            "eps_latest_yearly": 5.4,
            "eps_growth_yearly": 265.73
        },
        "20153": {
            "year_quarter": 20153,
            "year": 2015,
            "quarter": 3,
            "eps": 0.95,
            "eps_growth_year": -29.63,
            "eps_4q": -1.03,
            "eps_4q_growth_year": -143.27,
            "roe": 4.48,
            "roe_4q": -4.049999999999999,
            "gross_profit": 3358,
            "gross_margin": 11.18,
            "gross_margin_4q_avg": 7.84,
            "net_income": 55931,
            "revenue": 30036,
            "common_shares": 561688,
            "book_valuer_per_share": 24.08,
            "book_valuer_per_share_4q_avg": 23.26,
            "equity": 1308619,
            "current_ratio": 160.48,
            "debt_ratio": 49.86,
            "inventory_turnover_ratio": 0.41,
            "account_receivable_turnover_ratio": 0.76,
            "reinvestment_rate": 253.02,
            "research_to_sale_ratio": 0.53,
            "price_fair": 141.4,
            "eps_avg_yearly": 4.04,
            "eps_latest_yearly": 5.4,
            "eps_growth_yearly": 265.73
        },
        "20154": {
            "year_quarter": 20154,
            "year": 2015,
            "quarter": 4,
            "eps": 0.4,
            "eps_growth_year": null,
            "eps_4q": 0.8,
            "eps_4q_growth_year": -16.97,
            "roe": 1.7,
            "roe_4q": 3.5700000000000007,
            "gross_profit": 3848,
            "gross_margin": 14.23,
            "gross_margin_4q_avg": 10.49,
            "net_income": 23353,
            "revenue": 27035,
            "common_shares": 606623,
            "book_valuer_per_share": 24.42,
            "book_valuer_per_share_4q_avg": 23.54,
            "equity": 1433392,
            "current_ratio": 209.83,
            "debt_ratio": 47.93,
            "inventory_turnover_ratio": 0.38,
            "account_receivable_turnover_ratio": 0.58,
            "reinvestment_rate": 210.55,
            "research_to_sale_ratio": 0.54,
            "price_fair": 112.93,
            "eps_avg_yearly": 3.23,
            "eps_latest_yearly": 1.6,
            "eps_growth_yearly": 99.96
        },
        "20161": {
            "year_quarter": 20161,
            "year": 2016,
            "quarter": 1,
            "eps": 1.42,
            "eps_growth_year": null,
            "eps_4q": 2.22,
            "eps_4q_growth_year": 396.68,
            "roe": 5.21,
            "roe_4q": 8.8,
            "gross_profit": 7044,
            "gross_margin": 36.84,
            "gross_margin_4q_avg": 18.98,
            "net_income": 83417,
            "revenue": 19119,
            "common_shares": 606623,
            "book_valuer_per_share": 30.11,
            "book_valuer_per_share_4q_avg": 25.13,
            "equity": 1767277,
            "current_ratio": 226.52,
            "debt_ratio": 43.4,
            "inventory_turnover_ratio": 0.2,
            "account_receivable_turnover_ratio": 0.41,
            "reinvestment_rate": 149.2,
            "research_to_sale_ratio": 0.79,
            "price_fair": 134.4,
            "eps_avg_yearly": 3.84,
            "eps_latest_yearly": 5.68,
            "eps_growth_yearly": 329.97
        },
        "20162": {
            "year_quarter": 20162,
            "year": 2016,
            "quarter": 2,
            "eps": 0.95,
            "eps_growth_year": null,
            "eps_4q": 3.72,
            "eps_4q_growth_year": null,
            "roe": 2.81,
            "roe_4q": 14.2,
            "gross_profit": 23092,
            "gross_margin": 57.8,
            "gross_margin_4q_avg": 30.01,
            "net_income": 56059,
            "revenue": 39955,
            "common_shares": 606623,
            "book_valuer_per_share": 37.93,
            "book_valuer_per_share_4q_avg": 29.14,
            "equity": 2226370,
            "current_ratio": 246.18,
            "debt_ratio": 38.72,
            "inventory_turnover_ratio": 0.29,
            "account_receivable_turnover_ratio": 1.14,
            "reinvestment_rate": 169.38,
            "research_to_sale_ratio": 0.17,
            "price_fair": 134.12,
            "eps_avg_yearly": 3.83,
            "eps_latest_yearly": 3.8,
            "eps_growth_yearly": 237.5
        },
        "20163": {
            "year_quarter": 20163,
            "year": 2016,
            "quarter": 3,
            "eps": 2.17,
            "eps_growth_year": 128.42,
            "eps_4q": 4.94,
            "eps_4q_growth_year": null,
            "roe": 4.94,
            "roe_4q": 14.66,
            "gross_profit": 20129,
            "gross_margin": 46.47,
            "gross_margin_4q_avg": 38.84,
            "net_income": 127251,
            "revenue": 43315,
            "common_shares": 606623,
            "book_valuer_per_share": 49.86,
            "book_valuer_per_share_4q_avg": 35.58,
            "equity": 2926401,
            "current_ratio": 305.6,
            "debt_ratio": 32.43,
            "inventory_turnover_ratio": 0.42,
            "account_receivable_turnover_ratio": 1.54,
            "reinvestment_rate": 219.97,
            "research_to_sale_ratio": 0.2,
            "price_fair": 162.4,
            "eps_avg_yearly": 4.64,
            "eps_latest_yearly": 8.68,
            "eps_growth_yearly": 283.53
        },
        "20164": {
            "year_quarter": 20164,
            "year": 2016,
            "quarter": 4,
            "eps": -0.73,
            "eps_growth_year": -282.7,
            "eps_4q": 3.81,
            "eps_4q_growth_year": 376.76,
            "roe": -1.5,
            "roe_4q": 11.46,
            "gross_profit": -7541,
            "gross_margin": -48.72,
            "gross_margin_4q_avg": 23.1,
            "net_income": -42664,
            "revenue": 15478,
            "common_shares": 606623,
            "book_valuer_per_share": 47.13,
            "book_valuer_per_share_4q_avg": 41.26,
            "equity": 2766128,
            "current_ratio": 224.7,
            "debt_ratio": 34.79,
            "inventory_turnover_ratio": 0.48,
            "account_receivable_turnover_ratio": 0.69,
            "reinvestment_rate": 218.76,
            "research_to_sale_ratio": 0.95,
            "price_fair": 162.4,
            "eps_avg_yearly": 4.64,
            "eps_latest_yearly": 8.68,
            "eps_growth_yearly": 283.53
        },
        "20171": {
            "year_quarter": 20171,
            "year": 2017,
            "quarter": 1,
            "eps": 0.66,
            "eps_growth_year": -53.52,
            "eps_4q": 3.05,
            "eps_4q_growth_year": 37.03,
            "roe": 1.31,
            "roe_4q": 7.5600000000000005,
            "gross_profit": -6160,
            "gross_margin": -58.06,
            "gross_margin_4q_avg": -0.63,
            "net_income": 38534,
            "revenue": 10610,
            "common_shares": 606623,
            "book_valuer_per_share": 53.21,
            "book_valuer_per_share_4q_avg": 47.03,
            "equity": 3122941,
            "current_ratio": 243.17,
            "debt_ratio": 32.55,
            "inventory_turnover_ratio": 0.41,
            "account_receivable_turnover_ratio": 0.64,
            "reinvestment_rate": 191.14,
            "research_to_sale_ratio": 1.73,
            "price_fair": 162.4,
            "eps_avg_yearly": 4.64,
            "eps_latest_yearly": 8.68,
            "eps_growth_yearly": 283.53
        },
        "20172": {
            "year_quarter": 20172,
            "year": 2017,
            "quarter": 2,
            "eps": 1.1,
            "eps_growth_year": 15.79,
            "eps_4q": 3.2,
            "eps_4q_growth_year": -14.06,
            "roe": 2.01,
            "roe_4q": 6.76,
            "gross_profit": -635,
            "gross_margin": -4.45,
            "gross_margin_4q_avg": -16.19,
            "net_income": 64626,
            "revenue": 14256,
            "common_shares": 606623,
            "book_valuer_per_share": 56.43,
            "book_valuer_per_share_4q_avg": 51.66,
            "equity": 3312007,
            "current_ratio": 241.83,
            "debt_ratio": 31.72,
            "inventory_turnover_ratio": 0.42,
            "account_receivable_turnover_ratio": 1,
            "reinvestment_rate": 171.93,
            "research_to_sale_ratio": 1.9,
            "price_fair": 161.2,
            "eps_avg_yearly": 4.61,
            "eps_latest_yearly": 4.4,
            "eps_growth_yearly": 281.12
        },
        "20173": {
            "year_quarter": 20173,
            "year": 2017,
            "quarter": 3,
            "eps": 3.39,
            "eps_growth_year": 56.22,
            "eps_4q": 4.42,
            "eps_4q_growth_year": -10.51,
            "roe": 5.41,
            "roe_4q": 7.23,
            "gross_profit": 24264,
            "gross_margin": 61.88,
            "gross_margin_4q_avg": -12.34,
            "net_income": 198843,
            "revenue": 39209,
            "common_shares": 606623,
            "book_valuer_per_share": 68.86,
            "book_valuer_per_share_4q_avg": 56.41,
            "equity": 4041153,
            "current_ratio": 276.44,
            "debt_ratio": 27.31,
            "inventory_turnover_ratio": 0.44,
            "account_receivable_turnover_ratio": 2.45,
            "reinvestment_rate": 159.32,
            "research_to_sale_ratio": 1.39,
            "price_fair": 200.38,
            "eps_avg_yearly": 5.73,
            "eps_latest_yearly": 13.56,
            "eps_growth_yearly": 350.07
        },
        "20174": {
            "year_quarter": 20174,
            "year": 2017,
            "quarter": 4,
            "eps": 0.08,
            "eps_growth_year": null,
            "eps_4q": 5.23,
            "eps_4q_growth_year": 37.13,
            "roe": 0.12,
            "roe_4q": 8.85,
            "gross_profit": -12671,
            "gross_margin": -96.28,
            "gross_margin_4q_avg": -24.23,
            "net_income": 4861,
            "revenue": 13161,
            "common_shares": 606623,
            "book_valuer_per_share": 70.86,
            "book_valuer_per_share_4q_avg": 62.34,
            "equity": 4158465,
            "current_ratio": 275.08,
            "debt_ratio": 27.5,
            "inventory_turnover_ratio": 1.04,
            "account_receivable_turnover_ratio": 0.87,
            "reinvestment_rate": 165.61,
            "research_to_sale_ratio": -3.26,
            "price_fair": 179.36,
            "eps_avg_yearly": 5.12,
            "eps_latest_yearly": 0.32,
            "eps_growth_yearly": 267.78
        },
        "20181": {
            "year_quarter": 20181,
            "year": 2018,
            "quarter": 1,
            "eps": 0.15,
            "eps_growth_year": -77.27,
            "eps_4q": 4.73,
            "eps_4q_growth_year": 55.05,
            "roe": 0.21,
            "roe_4q": 7.75,
            "gross_profit": -621,
            "gross_margin": -10.29,
            "gross_margin_4q_avg": -12.29,
            "net_income": 9052,
            "revenue": 6033,
            "common_shares": 606623,
            "book_valuer_per_share": 77.82,
            "book_valuer_per_share_4q_avg": 68.49,
            "equity": 4566629,
            "current_ratio": 285.18,
            "debt_ratio": 26.64,
            "inventory_turnover_ratio": 0.41,
            "account_receivable_turnover_ratio": 0.69,
            "reinvestment_rate": 179.38,
            "research_to_sale_ratio": 1.36,
            "price_fair": 163.52,
            "eps_avg_yearly": 4.67,
            "eps_latest_yearly": 0.6,
            "eps_growth_yearly": 276
        },
        "20182": {
            "year_quarter": 20182,
            "year": 2018,
            "quarter": 2,
            "eps": 0.18,
            "eps_growth_year": -83.64,
            "eps_4q": 2.7,
            "eps_4q_growth_year": -15.64,
            "roe": 0.39,
            "roe_4q": 6.13,
            "gross_profit": 548,
            "gross_margin": 7.46,
            "gross_margin_4q_avg": -9.31,
            "net_income": 19298,
            "revenue": 7348,
            "common_shares": 606623,
            "book_valuer_per_share": 90.22,
            "book_valuer_per_share_4q_avg": 76.94,
            "equity": 5294739,
            "current_ratio": 304.84,
            "debt_ratio": 24.95,
            "inventory_turnover_ratio": 0.42,
            "account_receivable_turnover_ratio": 1.25,
            "reinvestment_rate": 210.94,
            "research_to_sale_ratio": 1.14,
            "price_fair": 156.66,
            "eps_avg_yearly": 4.48,
            "eps_latest_yearly": 0.72,
            "eps_growth_yearly": 271.45
        },
        "20183": {
            "year_quarter": 20183,
            "year": 2018,
            "quarter": 3,
            "eps": 1.47,
            "eps_growth_year": -56.64,
            "eps_4q": 1.83,
            "eps_4q_growth_year": -58.5,
            "roe": 2.31,
            "roe_4q": 3.0300000000000002,
            "gross_profit": 27192,
            "gross_margin": 74.2,
            "gross_margin_4q_avg": -6.23,
            "net_income": 124463,
            "revenue": 36649,
            "common_shares": 606623,
            "book_valuer_per_share": 93.65,
            "book_valuer_per_share_4q_avg": 83.14,
            "equity": 5495559,
            "current_ratio": 338.98,
            "debt_ratio": 22.68,
            "inventory_turnover_ratio": 0.57,
            "account_receivable_turnover_ratio": 4.46,
            "reinvestment_rate": 187.69,
            "research_to_sale_ratio": 0.22,
            "price_fair": 158.34,
            "eps_avg_yearly": 4.52,
            "eps_latest_yearly": 5.88,
            "eps_growth_yearly": 517.52
        },
        "20184": {
            "year_quarter": 20184,
            "year": 2018,
            "quarter": 4,
            "eps": -0.55,
            "eps_growth_year": -764.55,
            "eps_4q": 1.25,
            "eps_4q_growth_year": -76.18,
            "roe": -0.89,
            "roe_4q": 2.02,
            "gross_profit": -358,
            "gross_margin": -4.7,
            "gross_margin_4q_avg": 16.67,
            "net_income": -46840,
            "revenue": 7622,
            "common_shares": 879603,
            "book_valuer_per_share": 59.74,
            "book_valuer_per_share_4q_avg": 80.36,
            "equity": 5083655,
            "current_ratio": 290.93,
            "debt_ratio": 25.58,
            "inventory_turnover_ratio": 0.5,
            "account_receivable_turnover_ratio": 0.94,
            "reinvestment_rate": 200.15,
            "research_to_sale_ratio": 1.1,
            "price_fair": 158.34,
            "eps_avg_yearly": 4.52,
            "eps_latest_yearly": 5.88,
            "eps_growth_yearly": 517.52
        },
        "20191": {
            "year_quarter": 20191,
            "year": 2019,
            "quarter": 1,
            "eps": -0.42,
            "eps_growth_year": -380,
            "eps_4q": 0.71,
            "eps_4q_growth_year": -84.89,
            "roe": -0.75,
            "roe_4q": 1.06,
            "gross_profit": 89,
            "gross_margin": 1.9,
            "gross_margin_4q_avg": 19.72,
            "net_income": -36145,
            "revenue": 4696,
            "common_shares": 879603,
            "book_valuer_per_share": 53.67,
            "book_valuer_per_share_4q_avg": 74.32,
            "equity": 4566692,
            "current_ratio": 266.7,
            "debt_ratio": 28.36,
            "inventory_turnover_ratio": 0.31,
            "account_receivable_turnover_ratio": 0.9,
            "reinvestment_rate": 178.46,
            "research_to_sale_ratio": 1.79,
            "price_fair": 158.34,
            "eps_avg_yearly": 4.52,
            "eps_latest_yearly": 5.88,
            "eps_growth_yearly": 517.52
        },
        "20192": {
            "year_quarter": 20192,
            "year": 2019,
            "quarter": 2,
            "eps": -0.18,
            "eps_growth_year": -200,
            "eps_4q": 0.25,
            "eps_4q_growth_year": -90.64,
            "roe": -0.36,
            "roe_4q": 0.31000000000000005,
            "gross_profit": 1022,
            "gross_margin": 11.78,
            "gross_margin_4q_avg": 20.8,
            "net_income": -17209,
            "revenue": 8675,
            "common_shares": 879603,
            "book_valuer_per_share": 58.99,
            "book_valuer_per_share_4q_avg": 66.51,
            "equity": 5019850,
            "current_ratio": 277.57,
            "debt_ratio": 26.92,
            "inventory_turnover_ratio": 0.5,
            "account_receivable_turnover_ratio": 1.41,
            "reinvestment_rate": 210.41,
            "research_to_sale_ratio": 0.97,
            "price_fair": 158.34,
            "eps_avg_yearly": 4.52,
            "eps_latest_yearly": 5.88,
            "eps_growth_yearly": 517.52
        },
        "20193": {
            "year_quarter": 20193,
            "year": 2019,
            "quarter": 3,
            "eps": 1.1,
            "eps_growth_year": -25.17,
            "eps_4q": 0.05,
            "eps_4q_growth_year": -97,
            "roe": 2.64,
            "roe_4q": 0.6400000000000002,
            "gross_profit": 25312,
            "gross_margin": 73.14,
            "gross_margin_4q_avg": 20.53,
            "net_income": 105477,
            "revenue": 34607,
            "common_shares": 879603,
            "book_valuer_per_share": 34.94,
            "book_valuer_per_share_4q_avg": 51.84,
            "equity": 2972815,
            "current_ratio": 207.42,
            "debt_ratio": 37.05,
            "inventory_turnover_ratio": 0.62,
            "account_receivable_turnover_ratio": 3.71,
            "reinvestment_rate": 95.36,
            "research_to_sale_ratio": 0.25,
            "price_fair": 158.34,
            "eps_avg_yearly": 4.52,
            "eps_latest_yearly": 5.88,
            "eps_growth_yearly": 517.52
        },
        "20194": {
            "year_quarter": 20194,
            "year": 2019,
            "quarter": 4,
            "eps": -0.05,
            "eps_growth_year": null,
            "eps_4q": 0.49,
            "eps_4q_growth_year": -60.67,
            "roe": -0.19,
            "roe_4q": 1.3400000000000003,
            "gross_profit": 4847,
            "gross_margin": 35.12,
            "gross_margin_4q_avg": 30.49,
            "net_income": -5234,
            "revenue": 13800,
            "common_shares": 989553,
            "book_valuer_per_share": 26.99,
            "book_valuer_per_share_4q_avg": 43.65,
            "equity": 2583303,
            "current_ratio": 204.1,
            "debt_ratio": 38.58,
            "inventory_turnover_ratio": 0.67,
            "account_receivable_turnover_ratio": 1.83,
            "reinvestment_rate": 60.93,
            "research_to_sale_ratio": 0.62,
            "price_fair": 169.71,
            "eps_avg_yearly": 4.85,
            "eps_latest_yearly": 5.88,
            "eps_growth_yearly": 600.75
        },
        "20201": {
            "year_quarter": 20201,
            "year": 2020,
            "quarter": 1,
            "eps": -0.17,
            "eps_growth_year": null,
            "eps_4q": 0.7,
            "eps_4q_growth_year": -1.99,
            "roe": -0.65,
            "roe_4q": 1.44,
            "gross_profit": -725,
            "gross_margin": -17.27,
            "gross_margin_4q_avg": 25.69,
            "net_income": -16021,
            "revenue": 4197,
            "common_shares": 989553,
            "book_valuer_per_share": 24.33,
            "book_valuer_per_share_4q_avg": 36.31,
            "equity": 2328837,
            "current_ratio": 197.64,
            "debt_ratio": 39.69,
            "inventory_turnover_ratio": 0.42,
            "account_receivable_turnover_ratio": 0.98,
            "reinvestment_rate": 42.5,
            "research_to_sale_ratio": 2,
            "price_fair": 166.08,
            "eps_avg_yearly": 4.75,
            "eps_latest_yearly": 5.88,
            "eps_growth_yearly": 548.35
        },
        "20202": {
            "year_quarter": 20202,
            "year": 2020,
            "quarter": 2,
            "eps": 0.05,
            "eps_growth_year": null,
            "eps_4q": 0.88,
            "eps_4q_growth_year": 248.83,
            "roe": 0.18,
            "roe_4q": 1.98,
            "gross_profit": 1105,
            "gross_margin": 16.11,
            "gross_margin_4q_avg": 26.78,
            "net_income": 4915,
            "revenue": 6861,
            "common_shares": 989553,
            "book_valuer_per_share": 32.03,
            "book_valuer_per_share_4q_avg": 29.57,
            "equity": 3066233,
            "current_ratio": 230.89,
            "debt_ratio": 33.95,
            "inventory_turnover_ratio": 0.49,
            "account_receivable_turnover_ratio": 1.08,
            "reinvestment_rate": 53.52,
            "research_to_sale_ratio": 0.31,
            "price_fair": 170.8,
            "eps_avg_yearly": 4.88,
            "eps_latest_yearly": 5.88,
            "eps_growth_yearly": 645.6
        },
        "20203": {
            "year_quarter": 20203,
            "year": 2020,
            "quarter": 3,
            "eps": 0.95,
            "eps_growth_year": -13.64,
            "eps_4q": 0.74,
            "eps_4q_growth_year": 1238.88,
            "roe": 3.26,
            "roe_4q": 2.6,
            "gross_profit": 40157,
            "gross_margin": 83.65,
            "gross_margin_4q_avg": 29.4,
            "net_income": 90812,
            "revenue": 48005,
            "common_shares": 989553,
            "book_valuer_per_share": 26.08,
            "book_valuer_per_share_4q_avg": 27.36,
            "equity": 2496878,
            "current_ratio": 223.57,
            "debt_ratio": 34.57,
            "inventory_turnover_ratio": 0.68,
            "account_receivable_turnover_ratio": 5.63,
            "reinvestment_rate": -32.38,
            "research_to_sale_ratio": 0,
            "price_fair": 146.4,
            "eps_avg_yearly": 4.18,
            "eps_latest_yearly": 3.8,
            "eps_growth_yearly": 1600.79
        },
        "20204": {
            "year_quarter": 20204,
            "year": 2020,
            "quarter": 4,
            "eps": -0.14,
            "eps_growth_year": null,
            "eps_4q": 0.65,
            "eps_4q_growth_year": 32.69,
            "roe": -0.51,
            "roe_4q": 2.2800000000000002,
            "gross_profit": -4036,
            "gross_margin": -20.68,
            "gross_margin_4q_avg": 15.45,
            "net_income": -14070,
            "revenue": 19516,
            "common_shares": 1043978,
            "book_valuer_per_share": 29.68,
            "book_valuer_per_share_4q_avg": 28.03,
            "equity": 2997328,
            "current_ratio": 282.8,
            "debt_ratio": 28.08,
            "inventory_turnover_ratio": 2.35,
            "account_receivable_turnover_ratio": 3.22,
            "reinvestment_rate": -9.28,
            "research_to_sale_ratio": 0.01,
            "price_fair": 146.4,
            "eps_avg_yearly": 4.18,
            "eps_latest_yearly": 3.8,
            "eps_growth_yearly": 1600.79
        },
        "20211": {
            "year_quarter": 20211,
            "year": 2021,
            "quarter": 1,
            "eps": -0.13,
            "eps_growth_year": null,
            "eps_4q": 0.68,
            "eps_4q_growth_year": -2.66,
            "roe": -0.37,
            "roe_4q": 2.56,
            "gross_profit": -2242,
            "gross_margin": -58.68,
            "gross_margin_4q_avg": 5.1,
            "net_income": -12841,
            "revenue": 3821,
            "common_shares": 1043978,
            "book_valuer_per_share": 39.93,
            "book_valuer_per_share_4q_avg": 31.93,
            "equity": 4032972,
            "current_ratio": 388.29,
            "debt_ratio": 20.46,
            "inventory_turnover_ratio": 0.75,
            "account_receivable_turnover_ratio": 1.14,
            "reinvestment_rate": 29.95,
            "research_to_sale_ratio": 0.03,
            "price_fair": 146.4,
            "eps_avg_yearly": 4.18,
            "eps_latest_yearly": 3.8,
            "eps_growth_yearly": 1600.79
        },
        "20212": {
            "year_quarter": 20212,
            "year": 2021,
            "quarter": 2,
            "eps": -0.21,
            "eps_growth_year": -520,
            "eps_4q": 0.42,
            "eps_4q_growth_year": -51.83,
            "roe": -0.55,
            "roe_4q": 1.8299999999999996,
            "gross_profit": -588,
            "gross_margin": -15.44,
            "gross_margin_4q_avg": -2.79,
            "net_income": -21037,
            "revenue": 3808,
            "common_shares": 1043978,
            "book_valuer_per_share": 36.1,
            "book_valuer_per_share_4q_avg": 32.95,
            "equity": 3645878,
            "current_ratio": 560.31,
            "debt_ratio": 23.14,
            "inventory_turnover_ratio": 0.6,
            "account_receivable_turnover_ratio": 1.21,
            "reinvestment_rate": 4.35,
            "research_to_sale_ratio": 0,
            "price_fair": 145.13,
            "eps_avg_yearly": 4.15,
            "eps_latest_yearly": 3.8,
            "eps_growth_yearly": 1823.14
        },
        "20213": {
            "year_quarter": 20213,
            "year": 2021,
            "quarter": 3,
            "eps": 1.2,
            "eps_growth_year": 26.32,
            "eps_4q": 0.72,
            "eps_4q_growth_year": -1.87,
            "roe": 3.46,
            "roe_4q": 2.0300000000000002,
            "gross_profit": 21257,
            "gross_margin": 72.66,
            "gross_margin_4q_avg": -5.54,
            "net_income": 120899,
            "revenue": 29255,
            "common_shares": 1043978,
            "book_valuer_per_share": 33.15,
            "book_valuer_per_share_4q_avg": 34.72,
            "equity": 3347767,
            "current_ratio": 442.04,
            "debt_ratio": 23.7,
            "inventory_turnover_ratio": 1.26,
            "account_receivable_turnover_ratio": 7.01,
            "reinvestment_rate": 102.96,
            "research_to_sale_ratio": 0,
            "price_fair": 79.24,
            "eps_avg_yearly": 2.26,
            "eps_latest_yearly": 3.8,
            "eps_growth_yearly": 2021.22
        },
        "20214": {
            "year_quarter": 20214,
            "year": 2021,
            "quarter": 4,
            "eps": -0.05,
            "eps_growth_year": null,
            "eps_4q": 0.81,
            "eps_4q_growth_year": 25.05,
            "roe": -0.14,
            "roe_4q": 2.3999999999999995,
            "gross_profit": -3021,
            "gross_margin": -71.83,
            "gross_margin_4q_avg": -18.32,
            "net_income": -4941,
            "revenue": 4206,
            "common_shares": 1043978,
            "book_valuer_per_share": 35.79,
            "book_valuer_per_share_4q_avg": 36.24,
            "equity": 3614794,
            "current_ratio": 457.93,
            "debt_ratio": 22.72,
            "inventory_turnover_ratio": 1.86,
            "account_receivable_turnover_ratio": 1.01,
            "reinvestment_rate": 102.58,
            "research_to_sale_ratio": 0.02,
            "price_fair": 96.25,
            "eps_avg_yearly": 2.75,
            "eps_latest_yearly": 3.8,
            "eps_growth_yearly": 2624.17
        },
        "20221": {
            "year_quarter": 20221,
            "year": 2022,
            "quarter": 1,
            "eps": 0.24,
            "eps_growth_year": null,
            "eps_4q": 1.18,
            "eps_4q_growth_year": 72.92,
            "roe": 0.63,
            "roe_4q": 3.4000000000000004,
            "gross_profit": -1487,
            "gross_margin": -43.28,
            "gross_margin_4q_avg": -14.47,
            "net_income": 24079,
            "revenue": 3436,
            "common_shares": 1043978,
            "book_valuer_per_share": 39.59,
            "book_valuer_per_share_4q_avg": 36.16,
            "equity": 3998236,
            "current_ratio": 629.87,
            "debt_ratio": 18.38,
            "inventory_turnover_ratio": 2.64,
            "account_receivable_turnover_ratio": 1,
            "reinvestment_rate": 156.39,
            "research_to_sale_ratio": 0.03,
            "price_fair": 121.33,
            "eps_avg_yearly": 3.47,
            "eps_latest_yearly": 3.8,
            "eps_growth_yearly": 3382.22
        },
        "20222": {
            "year_quarter": 20222,
            "year": 2022,
            "quarter": 2,
            "eps": 0.22,
            "eps_growth_year": null,
            "eps_4q": 1.25,
            "eps_4q_growth_year": 193.34,
            "roe": 0.59,
            "roe_4q": 4.54,
            "gross_profit": -837,
            "gross_margin": -14.2,
            "gross_margin_4q_avg": -14.16,
            "net_income": 22096,
            "revenue": 5894,
            "common_shares": 1043978,
            "book_valuer_per_share": 34.42,
            "book_valuer_per_share_4q_avg": 35.74,
            "equity": 3475928,
            "current_ratio": 473.37,
            "debt_ratio": 21.61,
            "inventory_turnover_ratio": 3.93,
            "account_receivable_turnover_ratio": 1.32,
            "reinvestment_rate": 54.66,
            "research_to_sale_ratio": 0.03,
            "price_fair": 123.2,
            "eps_avg_yearly": 3.52,
            "eps_latest_yearly": 0.88,
            "eps_growth_yearly": 3344.44
        },
        "20223": {
            "year_quarter": 20223,
            "year": 2022,
            "quarter": 3,
            "eps": 1.03,
            "eps_growth_year": -14.17,
            "eps_4q": 1.35,
            "eps_4q_growth_year": 87.16,
            "roe": 3.67,
            "roe_4q": 4.75,
            "gross_profit": 28186,
            "gross_margin": 71.33,
            "gross_margin_4q_avg": -14.5,
            "net_income": 133531,
            "revenue": 39513,
            "common_shares": 1336293,
            "book_valuer_per_share": 29.47,
            "book_valuer_per_share_4q_avg": 34.82,
            "equity": 3809024,
            "current_ratio": 621.01,
            "debt_ratio": 18.4,
            "inventory_turnover_ratio": 6.29,
            "account_receivable_turnover_ratio": 6.78,
            "reinvestment_rate": 86.62,
            "research_to_sale_ratio": 0,
            "price_fair": 102.67,
            "eps_avg_yearly": 2.93,
            "eps_latest_yearly": 4.12,
            "eps_growth_yearly": 2879.8
        },
        "20224": {
            "year_quarter": 20224,
            "year": 2022,
            "quarter": 4,
            "eps": -0.32,
            "eps_growth_year": null,
            "eps_4q": 5.15,
            "eps_4q_growth_year": 533.44,
            "roe": 0.58,
            "roe_4q": 5.47,
            "gross_profit": -925,
            "gross_margin": -6.52,
            "gross_margin_4q_avg": 1.83,
            "net_income": 15927,
            "revenue": 14184,
            "common_shares": 1336293,
            "book_valuer_per_share": 48.58,
            "book_valuer_per_share_4q_avg": 38.02,
            "equity": 1697508,
            "current_ratio": 22.28,
            "debt_ratio": 52.92,
            "inventory_turnover_ratio": 9.9,
            "account_receivable_turnover_ratio": 2.29,
            "reinvestment_rate": 349.54,
            "research_to_sale_ratio": 0.01,
            "price_fair": 102.67,
            "eps_avg_yearly": 2.93,
            "eps_latest_yearly": 4.12,
            "eps_growth_yearly": 2879.8
        },
        "20231": {
            "year_quarter": 20231,
            "year": 2023,
            "quarter": 1,
            "eps": 1.08,
            "eps_growth_year": 350,
            "eps_4q": 5.49,
            "eps_4q_growth_year": 366.01,
            "roe": 2.24,
            "roe_4q": 7.08,
            "gross_profit": -600,
            "gross_margin": -10.41,
            "gross_margin_4q_avg": 10.05,
            "net_income": 38824,
            "revenue": 5761,
            "common_shares": 1336293,
            "book_valuer_per_share": 50.47,
            "book_valuer_per_share_4q_avg": 40.74,
            "equity": 1762892,
            "current_ratio": 22.51,
            "debt_ratio": 52.83,
            "inventory_turnover_ratio": 4.4,
            "account_receivable_turnover_ratio": 0.83,
            "reinvestment_rate": 364.06,
            "research_to_sale_ratio": 0.02,
            "price_fair": 102.67,
            "eps_avg_yearly": 2.93,
            "eps_latest_yearly": 4.12,
            "eps_growth_yearly": 2879.8
        }
    },
    "months": {
        "2001-06": {
            "month": "2001-06",
            "price": "11.93",
            "revenue": 112222
        },
        "2001-07": {
            "month": "2001-07",
            "price": "11.99",
            "revenue": 98900
        },
        "2001-08": {
            "month": "2001-08",
            "price": "13.33",
            "revenue": 92666
        },
        "2001-09": {
            "month": "2001-09",
            "price": "13.00",
            "revenue": 83111
        },
        "2001-10": {
            "month": "2001-10",
            "price": "12.46",
            "revenue": 81098
        },
        "2001-11": {
            "month": "2001-11",
            "price": "14.10",
            "revenue": 82337
        },
        "2001-12": {
            "month": "2001-12",
            "price": "15.05",
            "revenue": 86072
        },
        "2002-01": {
            "month": "2002-01",
            "price": "15.21",
            "revenue": 81112
        },
        "2002-02": {
            "month": "2002-02",
            "price": "16.07",
            "revenue": 76152
        },
        "2002-03": {
            "month": "2002-03",
            "price": "17.32",
            "revenue": 77301
        },
        "2002-04": {
            "month": "2002-04",
            "price": "20.46",
            "revenue": 92593
        },
        "2002-05": {
            "month": "2002-05",
            "price": "20.49",
            "revenue": 99424
        },
        "2002-06": {
            "month": "2002-06",
            "price": "19.38",
            "revenue": 92684
        },
        "2002-07": {
            "month": "2002-07",
            "price": "16.06",
            "revenue": 94116
        },
        "2002-08": {
            "month": "2002-08",
            "price": "16.23",
            "revenue": 111625
        },
        "2002-09": {
            "month": "2002-09",
            "price": "16.26",
            "revenue": 101450
        },
        "2002-10": {
            "month": "2002-10",
            "price": "15.08",
            "revenue": 108258
        },
        "2002-11": {
            "month": "2002-11",
            "price": "16.64",
            "revenue": 111091
        },
        "2002-12": {
            "month": "2002-12",
            "price": "17.95",
            "revenue": 97988
        },
        "2003-01": {
            "month": "2003-01",
            "price": "19.30",
            "revenue": 112579
        },
        "2003-02": {
            "month": "2003-02",
            "price": "19.92",
            "revenue": 83046
        },
        "2003-03": {
            "month": "2003-03",
            "price": "21.41",
            "revenue": 92018
        },
        "2003-04": {
            "month": "2003-04",
            "price": "22.09",
            "revenue": 109558
        },
        "2003-05": {
            "month": "2003-05",
            "price": "19.91",
            "revenue": 104998
        },
        "2003-06": {
            "month": "2003-06",
            "price": "21.09",
            "revenue": 88068
        },
        "2003-07": {
            "month": "2003-07",
            "price": "21.96",
            "revenue": 104390
        },
        "2003-08": {
            "month": "2003-08",
            "price": "20.24",
            "revenue": 98656
        },
        "2003-09": {
            "month": "2003-09",
            "price": "20.12",
            "revenue": 102640
        },
        "2003-10": {
            "month": "2003-10",
            "price": "19.89",
            "revenue": 104389
        },
        "2003-11": {
            "month": "2003-11",
            "price": "21.72",
            "revenue": 89382
        },
        "2003-12": {
            "month": "2003-12",
            "price": "22.33",
            "revenue": 99750
        },
        "2004-01": {
            "month": "2004-01",
            "price": "23.38",
            "revenue": 98793
        },
        "2004-02": {
            "month": "2004-02",
            "price": "24.46",
            "revenue": 90581
        },
        "2004-03": {
            "month": "2004-03",
            "price": "24.24",
            "revenue": 103584
        },
        "2004-04": {
            "month": "2004-04",
            "price": "24.85",
            "revenue": 107486
        },
        "2004-05": {
            "month": "2004-05",
            "price": "22.31",
            "revenue": 111837
        },
        "2004-06": {
            "month": "2004-06",
            "price": "20.88",
            "revenue": 109700
        },
        "2004-07": {
            "month": "2004-07",
            "price": "17.80",
            "revenue": 125652
        },
        "2004-08": {
            "month": "2004-08",
            "price": "16.69",
            "revenue": 132425
        },
        "2004-09": {
            "month": "2004-09",
            "price": "15.38",
            "revenue": 122800
        },
        "2004-10": {
            "month": "2004-10",
            "price": "14.87",
            "revenue": 118114
        },
        "2004-11": {
            "month": "2004-11",
            "price": "15.07",
            "revenue": 105955
        },
        "2004-12": {
            "month": "2004-12",
            "price": "14.04",
            "revenue": 115555
        },
        "2005-01": {
            "month": "2005-01",
            "price": "13.51",
            "revenue": 98143
        },
        "2005-02": {
            "month": "2005-02",
            "price": "14.45",
            "revenue": 79659
        },
        "2005-03": {
            "month": "2005-03",
            "price": "13.88",
            "revenue": 111526
        },
        "2005-04": {
            "month": "2005-04",
            "price": "13.74",
            "revenue": 93403
        },
        "2005-05": {
            "month": "2005-05",
            "price": "13.30",
            "revenue": 91603
        },
        "2005-06": {
            "month": "2005-06",
            "price": "13.38",
            "revenue": 94430
        },
        "2005-07": {
            "month": "2005-07",
            "price": "12.85",
            "revenue": 84154
        },
        "2005-08": {
            "month": "2005-08",
            "price": "12.68",
            "revenue": 97356
        },
        "2005-09": {
            "month": "2005-09",
            "price": "13.74",
            "revenue": 81202
        },
        "2005-10": {
            "month": "2005-10",
            "price": "12.86",
            "revenue": 72706
        },
        "2005-11": {
            "month": "2005-11",
            "price": "12.74",
            "revenue": 66895
        },
        "2005-12": {
            "month": "2005-12",
            "price": "13.32",
            "revenue": 67007
        },
        "2006-01": {
            "month": "2006-01",
            "price": "13.51",
            "revenue": 72464
        },
        "2006-02": {
            "month": "2006-02",
            "price": "13.73",
            "revenue": 77622
        },
        "2006-03": {
            "month": "2006-03",
            "price": "13.91",
            "revenue": 48558
        },
        "2006-04": {
            "month": "2006-04",
            "price": "13.88",
            "revenue": 47690
        },
        "2006-05": {
            "month": "2006-05",
            "price": "14.07",
            "revenue": 57675
        },
        "2006-06": {
            "month": "2006-06",
            "price": "13.92",
            "revenue": 46310
        },
        "2006-07": {
            "month": "2006-07",
            "price": "13.66",
            "revenue": 37786
        },
        "2006-08": {
            "month": "2006-08",
            "price": "14.00",
            "revenue": 52439
        },
        "2006-09": {
            "month": "2006-09",
            "price": "14.04",
            "revenue": 48563
        },
        "2006-10": {
            "month": "2006-10",
            "price": "14.81",
            "revenue": 58735
        },
        "2006-11": {
            "month": "2006-11",
            "price": "15.12",
            "revenue": 42135
        },
        "2006-12": {
            "month": "2006-12",
            "price": "15.58",
            "revenue": 38320
        },
        "2007-01": {
            "month": "2007-01",
            "price": "16.08",
            "revenue": 41272
        },
        "2007-02": {
            "month": "2007-02",
            "price": "16.15",
            "revenue": 50226
        },
        "2007-03": {
            "month": "2007-03",
            "price": "16.11",
            "revenue": 46497
        },
        "2007-04": {
            "month": "2007-04",
            "price": "16.71",
            "revenue": 50650
        },
        "2007-05": {
            "month": "2007-05",
            "price": "17.75",
            "revenue": 56771
        },
        "2007-06": {
            "month": "2007-06",
            "price": "17.90",
            "revenue": 43961
        },
        "2007-07": {
            "month": "2007-07",
            "price": "20.09",
            "revenue": 48653
        },
        "2007-08": {
            "month": "2007-08",
            "price": "21.39",
            "revenue": 48278
        },
        "2007-09": {
            "month": "2007-09",
            "price": "21.52",
            "revenue": 34024
        },
        "2007-10": {
            "month": "2007-10",
            "price": "22.27",
            "revenue": 35246
        },
        "2007-11": {
            "month": "2007-11",
            "price": "22.20",
            "revenue": 33605
        },
        "2007-12": {
            "month": "2007-12",
            "price": "22.01",
            "revenue": 34553
        },
        "2008-01": {
            "month": "2008-01",
            "price": "27.22",
            "revenue": 58683
        },
        "2008-02": {
            "month": "2008-02",
            "price": "30.65",
            "revenue": 33404
        },
        "2008-03": {
            "month": "2008-03",
            "price": "35.90",
            "revenue": 47790
        },
        "2008-04": {
            "month": "2008-04",
            "price": "39.02",
            "revenue": 43578
        },
        "2008-05": {
            "month": "2008-05",
            "price": "37.66",
            "revenue": 32885
        },
        "2008-06": {
            "month": "2008-06",
            "price": "34.46",
            "revenue": 37359
        },
        "2008-07": {
            "month": "2008-07",
            "price": "34.01",
            "revenue": 40771
        },
        "2008-08": {
            "month": "2008-08",
            "price": "33.83",
            "revenue": 40011
        },
        "2008-09": {
            "month": "2008-09",
            "price": "33.64",
            "revenue": 45815
        },
        "2008-10": {
            "month": "2008-10",
            "price": "31.82",
            "revenue": 38994
        },
        "2008-11": {
            "month": "2008-11",
            "price": "29.85",
            "revenue": 36750
        },
        "2008-12": {
            "month": "2008-12",
            "price": "31.40",
            "revenue": 33685
        },
        "2009-01": {
            "month": "2009-01",
            "price": "31.49",
            "revenue": 25058
        },
        "2009-02": {
            "month": "2009-02",
            "price": "31.29",
            "revenue": 34776
        },
        "2009-03": {
            "month": "2009-03",
            "price": "31.50",
            "revenue": 34587
        },
        "2009-04": {
            "month": "2009-04",
            "price": "33.83",
            "revenue": 30659
        },
        "2009-05": {
            "month": "2009-05",
            "price": "35.64",
            "revenue": 26134
        },
        "2009-06": {
            "month": "2009-06",
            "price": "34.60",
            "revenue": 36221
        },
        "2009-07": {
            "month": "2009-07",
            "price": "34.53",
            "revenue": 36165
        },
        "2009-08": {
            "month": "2009-08",
            "price": "34.57",
            "revenue": 32447
        },
        "2009-09": {
            "month": "2009-09",
            "price": "34.54",
            "revenue": 41191
        },
        "2009-10": {
            "month": "2009-10",
            "price": "33.51",
            "revenue": 36638
        },
        "2009-11": {
            "month": "2009-11",
            "price": "32.99",
            "revenue": 45157
        },
        "2009-12": {
            "month": "2009-12",
            "price": "32.34",
            "revenue": 34063
        },
        "2010-01": {
            "month": "2010-01",
            "price": "33.55",
            "revenue": 34955
        },
        "2010-02": {
            "month": "2010-02",
            "price": "33.30",
            "revenue": 31569
        },
        "2010-03": {
            "month": "2010-03",
            "price": "33.06",
            "revenue": 30656
        },
        "2010-04": {
            "month": "2010-04",
            "price": "33.23",
            "revenue": 27931
        },
        "2010-05": {
            "month": "2010-05",
            "price": "33.19",
            "revenue": 24672
        },
        "2010-06": {
            "month": "2010-06",
            "price": "33.22",
            "revenue": 41994
        },
        "2010-07": {
            "month": "2010-07",
            "price": "33.89",
            "revenue": 31002
        },
        "2010-08": {
            "month": "2010-08",
            "price": "65.90",
            "revenue": 39786
        },
        "2010-09": {
            "month": "2010-09",
            "price": "52.80",
            "revenue": 44184
        },
        "2010-10": {
            "month": "2010-10",
            "price": "44.55",
            "revenue": 31511
        },
        "2010-11": {
            "month": "2010-11",
            "price": "41.08",
            "revenue": 30131
        },
        "2010-12": {
            "month": "2010-12",
            "price": "39.13",
            "revenue": 30560
        },
        "2011-01": {
            "month": "2011-01",
            "price": "36.33",
            "revenue": 27678
        },
        "2011-02": {
            "month": "2011-02",
            "price": "33.54",
            "revenue": 28251
        },
        "2011-03": {
            "month": "2011-03",
            "price": "29.04",
            "revenue": 28456
        },
        "2011-04": {
            "month": "2011-04",
            "price": "29.79",
            "revenue": 24593
        },
        "2011-05": {
            "month": "2011-05",
            "price": "31.39",
            "revenue": 27077
        },
        "2011-06": {
            "month": "2011-06",
            "price": "29.72",
            "revenue": 26368
        },
        "2011-07": {
            "month": "2011-07",
            "price": "28.49",
            "revenue": 23443
        },
        "2011-08": {
            "month": "2011-08",
            "price": "25.52",
            "revenue": 29666
        },
        "2011-09": {
            "month": "2011-09",
            "price": "24.88",
            "revenue": 39633
        },
        "2011-10": {
            "month": "2011-10",
            "price": "24.94",
            "revenue": 33322
        },
        "2011-11": {
            "month": "2011-11",
            "price": "23.78",
            "revenue": 31165
        },
        "2011-12": {
            "month": "2011-12",
            "price": "22.66",
            "revenue": 62232
        },
        "2012-01": {
            "month": "2012-01",
            "price": "23.51",
            "revenue": 21042
        },
        "2012-02": {
            "month": "2012-02",
            "price": "27.18",
            "revenue": 28703
        },
        "2012-03": {
            "month": "2012-03",
            "price": "28.51",
            "revenue": 29974
        },
        "2012-04": {
            "month": "2012-04",
            "price": "25.27",
            "revenue": 29280
        },
        "2012-05": {
            "month": "2012-05",
            "price": "23.64",
            "revenue": 32115
        },
        "2012-06": {
            "month": "2012-06",
            "price": "22.86",
            "revenue": 23848
        },
        "2012-07": {
            "month": "2012-07",
            "price": "24.67",
            "revenue": 24935
        },
        "2012-08": {
            "month": "2012-08",
            "price": "25.39",
            "revenue": 24811
        },
        "2012-09": {
            "month": "2012-09",
            "price": "24.54",
            "revenue": 28132
        },
        "2012-10": {
            "month": "2012-10",
            "price": "24.04",
            "revenue": 26711
        },
        "2012-11": {
            "month": "2012-11",
            "price": "23.91",
            "revenue": 24158
        },
        "2012-12": {
            "month": "2012-12",
            "price": "24.79",
            "revenue": 20288
        },
        "2013-01": {
            "month": "2013-01",
            "price": "25.18",
            "revenue": 17529
        },
        "2013-02": {
            "month": "2013-02",
            "price": "25.04",
            "revenue": 13444
        },
        "2013-03": {
            "month": "2013-03",
            "price": "24.99",
            "revenue": 25316
        },
        "2013-04": {
            "month": "2013-04",
            "price": "25.00",
            "revenue": 21656
        },
        "2013-05": {
            "month": "2013-05",
            "price": "25.10",
            "revenue": 27815
        },
        "2013-06": {
            "month": "2013-06",
            "price": "25.00",
            "revenue": 22263
        },
        "2013-07": {
            "month": "2013-07",
            "price": "25.10",
            "revenue": 20309
        },
        "2013-08": {
            "month": "2013-08",
            "price": "25.03",
            "revenue": 19205
        },
        "2013-09": {
            "month": "2013-09",
            "price": "25.08",
            "revenue": 20518
        },
        "2013-10": {
            "month": "2013-10",
            "price": "26.05",
            "revenue": 21492
        },
        "2013-11": {
            "month": "2013-11",
            "price": "25.42",
            "revenue": 20596
        },
        "2013-12": {
            "month": "2013-12",
            "price": "25.16",
            "revenue": 18867
        },
        "2014-01": {
            "month": "2014-01",
            "price": "25.22",
            "revenue": 13856
        },
        "2014-02": {
            "month": "2014-02",
            "price": "25.45",
            "revenue": 11995
        },
        "2014-03": {
            "month": "2014-03",
            "price": "31.78",
            "revenue": 12132
        },
        "2014-04": {
            "month": "2014-04",
            "price": "35.39",
            "revenue": 14740
        },
        "2014-05": {
            "month": "2014-05",
            "price": "31.99",
            "revenue": 14153
        },
        "2014-06": {
            "month": "2014-06",
            "price": "39.22",
            "revenue": 34327
        },
        "2014-07": {
            "month": "2014-07",
            "price": "49.50",
            "revenue": 10411
        },
        "2014-08": {
            "month": "2014-08",
            "price": "41.44",
            "revenue": 16531
        },
        "2014-09": {
            "month": "2014-09",
            "price": "32.37",
            "revenue": 17755
        },
        "2014-10": {
            "month": "2014-10",
            "price": "24.90",
            "revenue": 12381
        },
        "2014-11": {
            "month": "2014-11",
            "price": "26.87",
            "revenue": 7822
        },
        "2014-12": {
            "month": "2014-12",
            "price": "27.91",
            "revenue": 6288
        },
        "2015-01": {
            "month": "2015-01",
            "price": "24.72",
            "revenue": 6766
        },
        "2015-02": {
            "month": "2015-02",
            "price": "23.43",
            "revenue": 7975
        },
        "2015-03": {
            "month": "2015-03",
            "price": "26.36",
            "revenue": 7648
        },
        "2015-04": {
            "month": "2015-04",
            "price": "24.62",
            "revenue": 8279
        },
        "2015-05": {
            "month": "2015-05",
            "price": "21.90",
            "revenue": 7660
        },
        "2015-06": {
            "month": "2015-06",
            "price": "18.16",
            "revenue": 10682
        },
        "2015-07": {
            "month": "2015-07",
            "price": "18.95",
            "revenue": 11281
        },
        "2015-08": {
            "month": "2015-08",
            "price": "18.50",
            "revenue": 9577
        },
        "2015-09": {
            "month": "2015-09",
            "price": "17.88",
            "revenue": 9342
        },
        "2015-10": {
            "month": "2015-10",
            "price": "18.50",
            "revenue": 11900
        },
        "2015-11": {
            "month": "2015-11",
            "price": "18.21",
            "revenue": 7826
        },
        "2015-12": {
            "month": "2015-12",
            "price": "18.55",
            "revenue": 8730
        },
        "2016-01": {
            "month": "2016-01",
            "price": "19.19",
            "revenue": 4568
        },
        "2016-02": {
            "month": "2016-02",
            "price": "19.62",
            "revenue": 8100
        },
        "2016-03": {
            "month": "2016-03",
            "price": "23.01",
            "revenue": 6523
        },
        "2016-04": {
            "month": "2016-04",
            "price": "23.16",
            "revenue": 5639
        },
        "2016-05": {
            "month": "2016-05",
            "price": "23.54",
            "revenue": 9950
        },
        "2016-06": {
            "month": "2016-06",
            "price": "23.67",
            "revenue": 24396
        },
        "2016-07": {
            "month": "2016-07",
            "price": "23.44",
            "revenue": 7384
        },
        "2016-08": {
            "month": "2016-08",
            "price": "23.82",
            "revenue": 16186
        },
        "2016-09": {
            "month": "2016-09",
            "price": "27.34",
            "revenue": 19746
        },
        "2016-10": {
            "month": "2016-10",
            "price": "29.45",
            "revenue": 6922
        },
        "2016-11": {
            "month": "2016-11",
            "price": "29.67",
            "revenue": 5070
        },
        "2016-12": {
            "month": "2016-12",
            "price": "28.98",
            "revenue": 6064
        },
        "2017-01": {
            "month": "2017-01",
            "price": "29.88",
            "revenue": 3561
        },
        "2017-02": {
            "month": "2017-02",
            "price": "30.01",
            "revenue": 2819
        },
        "2017-03": {
            "month": "2017-03",
            "price": "29.78",
            "revenue": 4230
        },
        "2017-04": {
            "month": "2017-04",
            "price": "27.34",
            "revenue": 4245
        },
        "2017-05": {
            "month": "2017-05",
            "price": "28.56",
            "revenue": 4817
        },
        "2017-06": {
            "month": "2017-06",
            "price": "28.76",
            "revenue": 5193
        },
        "2017-07": {
            "month": "2017-07",
            "price": "28.97",
            "revenue": 4710
        },
        "2017-08": {
            "month": "2017-08",
            "price": "32.42",
            "revenue": 8662
        },
        "2017-09": {
            "month": "2017-09",
            "price": "33.23",
            "revenue": 25839
        },
        "2017-10": {
            "month": "2017-10",
            "price": "33.51",
            "revenue": 5169
        },
        "2017-11": {
            "month": "2017-11",
            "price": "35.63",
            "revenue": 4264
        },
        "2017-12": {
            "month": "2017-12",
            "price": "37.33",
            "revenue": 3359
        },
        "2018-01": {
            "month": "2018-01",
            "price": "36.21",
            "revenue": 2099
        },
        "2018-02": {
            "month": "2018-02",
            "price": "33.76",
            "revenue": 1394
        },
        "2018-03": {
            "month": "2018-03",
            "price": "34.06",
            "revenue": 2540
        },
        "2018-04": {
            "month": "2018-04",
            "price": "34.81",
            "revenue": 2039
        },
        "2018-05": {
            "month": "2018-05",
            "price": "37.31",
            "revenue": 2823
        },
        "2018-06": {
            "month": "2018-06",
            "price": "38.76",
            "revenue": 2617
        },
        "2018-07": {
            "month": "2018-07",
            "price": "39.17",
            "revenue": 3400
        },
        "2018-08": {
            "month": "2018-08",
            "price": "39.13",
            "revenue": 27967
        },
        "2018-09": {
            "month": "2018-09",
            "price": "39.76",
            "revenue": 5225
        },
        "2018-10": {
            "month": "2018-10",
            "price": "39.89",
            "revenue": 3281
        },
        "2018-11": {
            "month": "2018-11",
            "price": "33.53",
            "revenue": 2042
        },
        "2018-12": {
            "month": "2018-12",
            "price": "26.82",
            "revenue": 2236
        },
        "2019-01": {
            "month": "2019-01",
            "price": "26.60",
            "revenue": 1752
        },
        "2019-02": {
            "month": "2019-02",
            "price": "28.17",
            "revenue": 1114
        },
        "2019-03": {
            "month": "2019-03",
            "price": "28.52",
            "revenue": 1830
        },
        "2019-04": {
            "month": "2019-04",
            "price": "28.64",
            "revenue": 2555
        },
        "2019-05": {
            "month": "2019-05",
            "price": "28.33",
            "revenue": 3028
        },
        "2019-06": {
            "month": "2019-06",
            "price": "28.11",
            "revenue": 3092
        },
        "2019-07": {
            "month": "2019-07",
            "price": "28.47",
            "revenue": 3771
        },
        "2019-08": {
            "month": "2019-08",
            "price": "28.43",
            "revenue": 6382
        },
        "2019-09": {
            "month": "2019-09",
            "price": "28.34",
            "revenue": 24344
        },
        "2019-10": {
            "month": "2019-10",
            "price": "28.39",
            "revenue": 10207
        },
        "2019-11": {
            "month": "2019-11",
            "price": "27.39",
            "revenue": 1886
        },
        "2019-12": {
            "month": "2019-12",
            "price": "21.51",
            "revenue": 1571
        },
        "2020-01": {
            "month": "2020-01",
            "price": "22.46",
            "revenue": 1350
        },
        "2020-02": {
            "month": "2020-02",
            "price": "22.58",
            "revenue": 1285
        },
        "2020-03": {
            "month": "2020-03",
            "price": "23.28",
            "revenue": 1562
        },
        "2020-04": {
            "month": "2020-04",
            "price": "24.28",
            "revenue": 1908
        },
        "2020-05": {
            "month": "2020-05",
            "price": "26.05",
            "revenue": 1915
        },
        "2020-06": {
            "month": "2020-06",
            "price": "25.76",
            "revenue": 3033
        },
        "2020-07": {
            "month": "2020-07",
            "price": "27.39",
            "revenue": 6635
        },
        "2020-08": {
            "month": "2020-08",
            "price": "25.75",
            "revenue": 9481
        },
        "2020-09": {
            "month": "2020-09",
            "price": "25.07",
            "revenue": 28185
        },
        "2020-10": {
            "month": "2020-10",
            "price": "25.12",
            "revenue": 6355
        },
        "2020-11": {
            "month": "2020-11",
            "price": "25.14",
            "revenue": 8146
        },
        "2020-12": {
            "month": "2020-12",
            "price": "25.37",
            "revenue": 8603
        },
        "2021-01": {
            "month": "2021-01",
            "price": "25.30",
            "revenue": 1833
        },
        "2021-02": {
            "month": "2021-02",
            "price": "26.17",
            "revenue": 979
        },
        "2021-03": {
            "month": "2021-03",
            "price": "27.61",
            "revenue": 1009
        },
        "2021-04": {
            "month": "2021-04",
            "price": "29.74",
            "revenue": 1112
        },
        "2021-05": {
            "month": "2021-05",
            "price": "32.86",
            "revenue": 1066
        },
        "2021-06": {
            "month": "2021-06",
            "price": "33.30",
            "revenue": 1630
        },
        "2021-07": {
            "month": "2021-07",
            "price": "33.30",
            "revenue": 2096
        },
        "2021-08": {
            "month": "2021-08",
            "price": "34.01",
            "revenue": 2284
        },
        "2021-09": {
            "month": "2021-09",
            "price": "34.24",
            "revenue": 24875
        },
        "2021-10": {
            "month": "2021-10",
            "price": "39.02",
            "revenue": 1776
        },
        "2021-11": {
            "month": "2021-11",
            "price": "44.65",
            "revenue": 1203
        },
        "2021-12": {
            "month": "2021-12",
            "price": "43.65",
            "revenue": 1227
        },
        "2022-01": {
            "month": "2022-01",
            "price": "43.73",
            "revenue": 1218
        },
        "2022-02": {
            "month": "2022-02",
            "price": "43.89",
            "revenue": 685
        },
        "2022-03": {
            "month": "2022-03",
            "price": "43.70",
            "revenue": 1533
        },
        "2022-04": {
            "month": "2022-04",
            "price": "46.72",
            "revenue": 1312
        },
        "2022-05": {
            "month": "2022-05",
            "price": "55.10",
            "revenue": 1859
        },
        "2022-06": {
            "month": "2022-06",
            "price": "56.38",
            "revenue": 2723
        },
        "2022-07": {
            "month": "2022-07",
            "price": "58.31",
            "revenue": 3274
        },
        "2022-08": {
            "month": "2022-08",
            "price": "62.52",
            "revenue": 6974
        },
        "2022-09": {
            "month": "2022-09",
            "price": "58.20",
            "revenue": 29265
        },
        "2022-10": {
            "month": "2022-10",
            "price": "63.49",
            "revenue": 3211
        },
        "2022-11": {
            "month": "2022-11",
            "price": "69.00",
            "revenue": 2669
        },
        "2022-12": {
            "month": "2022-12",
            "price": "69.10",
            "revenue": 2455
        },
        "2023-01": {
            "month": "2023-01",
            "price": "68.53",
            "revenue": 1292
        },
        "2023-02": {
            "month": "2023-02",
            "price": "68.27",
            "revenue": 1707
        },
        "2023-03": {
            "month": "2023-03",
            "price": "69.52",
            "revenue": 2365
        },
        "2023-04": {
            "month": "2023-04",
            "price": "70.03",
            "revenue": 2232
        }
    }
}
