{
    "summary": {
        "stock_name": "宏亞",
        "stock_id": "1236",
        "category": "食品",
        "main_business": "糖果、餅乾、巧克力之製造、加工及買賣。<br>月餅、西點、麵包糕餅等食品之製造、加工及買賣。<br>七七巧克力、禮坊名店。",
        "website_url": "http://www.hunya.com.tw",
        "ceo": "張云綺",
        "pe_ratio": 100,
        "report_year_from": 2001,
        "report_year_to": 2023,
        "age": 22,
        "eps_negative_percentage": 4,
        "eps_growth_avg": {
            "last_all": -7.07,
            "last_2y": -100,
            "last_4y": -53.1,
            "last_8y": -41.01,
            "last_12y": -30.62,
            "last_16y": -19.93,
            "last_20y": -7.07,
            "at_2006_last_3y": 1.56,
            "at_2007_last_3y": 6.59,
            "at_2008_last_3y": 11.06,
            "at_2009_last_3y": 12.11,
            "at_2010_last_3y": 25.27,
            "at_2011_last_3y": 3.61,
            "at_2012_last_3y": -2.11,
            "at_2013_last_3y": -9.82,
            "at_2014_last_3y": 0.86,
            "at_2015_last_3y": -12.47,
            "at_2016_last_3y": -11.04,
            "at_2017_last_3y": -28.93,
            "at_2018_last_3y": -41.87,
            "at_2019_last_3y": -28.03,
            "at_2020_last_3y": -46.58,
            "at_2021_last_3y": -53.1,
            "at_2022_last_3y": -61.54,
            "at_2023_last_3y": -61.54,
            "at_2006_last_all": 21.24,
            "at_2007_last_all": 34.37,
            "at_2008_last_all": 28.22,
            "at_2009_last_all": 28.25,
            "at_2010_last_all": 23.04,
            "at_2011_last_all": 22.06,
            "at_2012_last_all": 17.19,
            "at_2013_last_all": 15.56,
            "at_2014_last_all": 16.21,
            "at_2015_last_all": 12.2,
            "at_2016_last_all": 9.66,
            "at_2017_last_all": 4.44,
            "at_2018_last_all": 2.54,
            "at_2019_last_all": 3.26,
            "at_2020_last_all": -2.18,
            "at_2021_last_all": -7.07,
            "at_2022_last_all": -7.07,
            "at_2023_last_all": -7.07
        },
        "latest_eps": 0.05,
        "latest_price": 23.7,
        "latest_roe": 0.21,
        "latest_gross_margin": 31.01,
        "latest_equity": 2733367,
        "latest_revenue": 489616,
        "latest_gross_profit": 151823,
        "latest_net_income": 3229,
        "latest_debt_ratio": 29.75,
        "latest_current_ratio": 111.21,
        "latest_account_receivable_turnover_ratio": 1.21,
        "latest_inventory_turnover_ratio": 1.54,
        "latest_reinvestment_rate": 46.64,
        "latest_research_to_sale_ratio": 1.35
    },
    "eps_dividends": {
        "1998": {
            "cash": 0,
            "stock": 1.2,
            "eps": 0
        },
        "2000": {
            "cash": 0.6,
            "stock": 0,
            "eps": 0
        },
        "2001": {
            "cash": 1,
            "stock": 0,
            "eps": 0.66
        },
        "2002": {
            "cash": 0.3,
            "stock": 0.3,
            "eps": 1.34
        },
        "2003": {
            "cash": 0.6,
            "stock": 0.5,
            "eps": 2.41
        },
        "2004": {
            "cash": 1,
            "stock": 0.8,
            "eps": 1.77
        },
        "2005": {
            "cash": 1,
            "stock": 0.5,
            "eps": 2.2
        },
        "2006": {
            "cash": 1,
            "stock": 0.8,
            "eps": 0.63
        },
        "2007": {
            "cash": 0.6,
            "stock": 0,
            "eps": 1.73
        },
        "2008": {
            "cash": 0.8,
            "stock": 0.5,
            "eps": 1.58
        },
        "2009": {
            "cash": 1,
            "stock": 0,
            "eps": 2.03
        },
        "2010": {
            "cash": 1,
            "stock": 0.8,
            "eps": 1.65
        },
        "2011": {
            "cash": 1.2,
            "stock": 1.7,
            "eps": 1.87
        },
        "2012": {
            "cash": 0,
            "stock": 0,
            "eps": 1.28
        },
        "2013": {
            "cash": 0.7,
            "stock": 0,
            "eps": 1.25
        },
        "2014": {
            "cash": 1.3,
            "stock": 0,
            "eps": 1.55
        },
        "2015": {
            "cash": 1.3,
            "stock": 0,
            "eps": 0.93
        },
        "2016": {
            "cash": 0.7,
            "stock": 0,
            "eps": 0.69
        },
        "2017": {
            "cash": 0.3,
            "stock": 0,
            "eps": 0.18
        },
        "2018": {
            "cash": 0.1,
            "stock": 0,
            "eps": 0.13
        },
        "2019": {
            "cash": 0.4,
            "stock": 0,
            "eps": 0.15
        },
        "2020": {
            "cash": 0.3,
            "stock": 0,
            "eps": 0
        },
        "2021": {
            "cash": 0.2,
            "stock": 0,
            "eps": -0.24
        },
        "2022": {
            "cash": 0.5,
            "stock": 0,
            "eps": 3.91
        },
        "2023": {
            "cash": 1,
            "stock": 0,
            "eps": 0.03
        }
    },
    "dividends": {
        "1998-04-27": {
            "cash": 0,
            "stock": 1.2
        },
        "2000-05-12": {
            "cash": 0.6,
            "stock": 0
        },
        "2001-06-15": {
            "cash": 1,
            "stock": 0
        },
        "2002-03-12": {
            "cash": 0.3,
            "stock": 0.3
        },
        "2003-03-18": {
            "cash": 0.6,
            "stock": 0.5
        },
        "2004-03-08": {
            "cash": 1,
            "stock": 0.8
        },
        "2005-03-11": {
            "cash": 1,
            "stock": 0.5
        },
        "2006-03-20": {
            "cash": 1,
            "stock": 0.8
        },
        "2007-03-21": {
            "cash": 0.6,
            "stock": 0
        },
        "2008-03-14": {
            "cash": 0.8,
            "stock": 0.5
        },
        "2009-03-13": {
            "cash": 1,
            "stock": 0
        },
        "2010-03-08": {
            "cash": 1,
            "stock": 0.8
        },
        "2011-01-01": {
            "cash": 0.5,
            "stock": 1
        },
        "2011-03-15": {
            "cash": 0.7,
            "stock": 0.7
        },
        "2013-03-27": {
            "cash": 0.7,
            "stock": 0
        },
        "2014-06-06": {
            "cash": 1.3,
            "stock": 0
        },
        "2015-08-13": {
            "cash": 1.3,
            "stock": 0
        },
        "2016-08-15": {
            "cash": 0.7,
            "stock": 0
        },
        "2017-08-14": {
            "cash": 0.3,
            "stock": 0
        },
        "2018-08-14": {
            "cash": 0.1,
            "stock": 0
        },
        "2019-08-20": {
            "cash": 0.4,
            "stock": 0
        },
        "2020-08-14": {
            "cash": 0.3,
            "stock": 0
        },
        "2021-08-13": {
            "cash": 0.2,
            "stock": 0
        },
        "2022-08-19": {
            "cash": 0.5,
            "stock": 0
        },
        "2023-08-09": {
            "cash": 1,
            "stock": 0
        }
    },
    "prices": {
        "200101": "無",
        "200102": "無",
        "200103": "無",
        "200104": "無",
        "200105": "無",
        "200106": "無",
        "200107": "無",
        "200108": "無",
        "200109": "5.33",
        "200110": "5.21",
        "200111": "5.57",
        "200112": "6.18",
        "200201": "7.48",
        "200202": "9.47",
        "200203": "9.50",
        "200204": "10.69",
        "200205": "9.62",
        "200206": "11.75",
        "200207": "13.57",
        "200208": "10.59",
        "200209": "9.10",
        "200210": "8.78",
        "200211": "11.83",
        "200212": "13.32",
        "200301": "13.79",
        "200302": "15.68",
        "200303": "13.84",
        "200304": "13.33",
        "200305": "12.58",
        "200306": "13.33",
        "200307": "13.38",
        "200308": "13.46",
        "200309": "14.19",
        "200310": "15.52",
        "200311": "16.92",
        "200312": "18.41",
        "200401": "19.80",
        "200402": "20.96",
        "200403": "20.76",
        "200404": "19.46",
        "200405": "17.12",
        "200406": "17.53",
        "200407": "16.55",
        "200408": "15.46",
        "200409": "16.85",
        "200410": "17.30",
        "200411": "16.70",
        "200412": "16.68",
        "200501": "16.54",
        "200502": "16.80",
        "200503": "17.88",
        "200504": "17.28",
        "200505": "17.09",
        "200506": "17.64",
        "200507": "16.63",
        "200508": "16.17",
        "200509": "16.14",
        "200510": "16.26",
        "200511": "16.42",
        "200512": "16.98",
        "200601": "17.69",
        "200602": "17.93",
        "200603": "17.56",
        "200604": "18.23",
        "200605": "18.70",
        "200606": "18.20",
        "200607": "17.60",
        "200608": "16.28",
        "200609": "15.42",
        "200610": "15.88",
        "200611": "15.42",
        "200612": "15.86",
        "200701": "15.77",
        "200702": "15.70",
        "200703": "15.73",
        "200704": "15.92",
        "200705": "17.68",
        "200706": "17.37",
        "200707": "18.99",
        "200708": "16.78",
        "200709": "17.05",
        "200710": "17.00",
        "200711": "16.56",
        "200712": "16.07",
        "200801": "15.47",
        "200802": "15.47",
        "200803": "16.69",
        "200804": "17.41",
        "200805": "19.14",
        "200806": "17.48",
        "200807": "15.87",
        "200808": "15.11",
        "200809": "12.38",
        "200810": "10.31",
        "200811": "10.26",
        "200812": "11.64",
        "200901": "12.25",
        "200902": "12.13",
        "200903": "13.07",
        "200904": "15.21",
        "200905": "16.02",
        "200906": "16.38",
        "200907": "16.50",
        "200908": "15.84",
        "200909": "16.12",
        "200910": "16.36",
        "200911": "16.80",
        "200912": "17.20",
        "201001": "17.77",
        "201002": "17.52",
        "201003": "20.60",
        "201004": "23.41",
        "201005": "25.15",
        "201006": "24.70",
        "201007": "25.91",
        "201008": "28.13",
        "201009": "23.62",
        "201010": "23.67",
        "201011": "23.92",
        "201012": "23.92",
        "201101": "24.62",
        "201102": "23.88",
        "201103": "23.05",
        "201104": "23.75",
        "201105": "24.44",
        "201106": "23.85",
        "201107": "24.45",
        "201108": "27.67",
        "201109": "22.74",
        "201110": "21.94",
        "201111": "22.65",
        "201112": "22.46",
        "201201": "22.62",
        "201202": "24.52",
        "201203": "25.15",
        "201204": "24.56",
        "201205": "23.25",
        "201206": "22.52",
        "201207": "22.49",
        "201208": "21.72",
        "201209": "21.37",
        "201210": "21.20",
        "201211": "20.75",
        "201212": "21.24",
        "201301": "21.51",
        "201302": "21.80",
        "201303": "21.86",
        "201304": "22.86",
        "201305": "25.30",
        "201306": "24.62",
        "201307": "26.60",
        "201308": "26.54",
        "201309": "26.78",
        "201310": "27.53",
        "201311": "27.15",
        "201312": "26.60",
        "201401": "26.38",
        "201402": "26.67",
        "201403": "26.89",
        "201404": "26.26",
        "201405": "25.53",
        "201406": "25.93",
        "201407": "25.98",
        "201408": "25.32",
        "201409": "25.17",
        "201410": "24.63",
        "201411": "24.07",
        "201412": "24.31",
        "201501": "24.26",
        "201502": "24.71",
        "201503": "25.14",
        "201504": "25.31",
        "201505": "25.60",
        "201506": "24.76",
        "201507": "23.91",
        "201508": "21.80",
        "201509": "20.68",
        "201510": "21.75",
        "201511": "21.19",
        "201512": "20.58",
        "201601": "20.85",
        "201602": "21.04",
        "201603": "20.92",
        "201604": "20.61",
        "201605": "19.96",
        "201606": "20.11",
        "201607": "19.82",
        "201608": "19.44",
        "201609": "19.29",
        "201610": "19.01",
        "201611": "18.44",
        "201612": "18.42",
        "201701": "18.33",
        "201702": "18.51",
        "201703": "18.35",
        "201704": "17.84",
        "201705": "17.31",
        "201706": "17.35",
        "201707": "17.05",
        "201708": "16.86",
        "201709": "17.04",
        "201710": "17.05",
        "201711": "16.88",
        "201712": "16.95",
        "201801": "17.54",
        "201802": "17.46",
        "201803": "17.69",
        "201804": "17.56",
        "201805": "17.67",
        "201806": "17.12",
        "201807": "16.85",
        "201808": "16.88",
        "201809": "16.23",
        "201810": "14.50",
        "201811": "13.65",
        "201812": "13.71",
        "201901": "13.61",
        "201902": "13.84",
        "201903": "14.25",
        "201904": "14.34",
        "201905": "13.55",
        "201906": "13.53",
        "201907": "13.61",
        "201908": "13.23",
        "201909": "12.95",
        "201910": "12.90",
        "201911": "12.76",
        "201912": "13.24",
        "202001": "13.47",
        "202002": "13.16",
        "202003": "11.45",
        "202004": "11.45",
        "202005": "12.05",
        "202006": "12.24",
        "202007": "12.92",
        "202008": "13.19",
        "202009": "13.33",
        "202010": "13.36",
        "202011": "13.54",
        "202012": "14.01",
        "202101": "13.84",
        "202102": "13.54",
        "202103": "13.89",
        "202104": "14.68",
        "202105": "15.50",
        "202106": "15.79",
        "202107": "15.31",
        "202108": "14.47",
        "202109": "14.02",
        "202110": "13.98",
        "202111": "17.50",
        "202112": "27.36",
        "202201": "27.28",
        "202202": "26.93",
        "202203": "27.04",
        "202204": "26.33",
        "202205": "26.14",
        "202206": "27.33",
        "202207": "26.68",
        "202208": "26.12",
        "202209": "24.32",
        "202210": "19.27",
        "202211": "20.58",
        "202212": "21.85",
        "202301": "22.54",
        "202302": "24.07",
        "202303": "24.08",
        "202304": "23.69",
        "202305": "23.62",
        "202306": "23.48"
    },
    "quarters": {
        "20011": {
            "year_quarter": 20011,
            "year": 2001,
            "quarter": 1,
            "eps": 0.53,
            "eps_growth_year": -27.4,
            "eps_4q": 0.87,
            "eps_4q_growth_year": -43.78,
            "roe": 4.1,
            "roe_4q": 4.1,
            "gross_profit": 109907,
            "gross_margin": 35.56,
            "gross_margin_4q_avg": 35.56,
            "net_income": 32541,
            "revenue": 309039,
            "common_shares": 612839,
            "book_valuer_per_share": 13.22,
            "book_valuer_per_share_4q_avg": 13.22,
            "equity": 809872,
            "current_ratio": 150.09,
            "debt_ratio": 43.13,
            "inventory_turnover_ratio": 1.87,
            "account_receivable_turnover_ratio": null,
            "reinvestment_rate": null,
            "research_to_sale_ratio": null,
            "price_fair": 0,
            "eps_avg_yearly": 0,
            "eps_latest_yearly": 0,
            "eps_growth_yearly": 0
        },
        "20012": {
            "year_quarter": 20012,
            "year": 2001,
            "quarter": 2,
            "eps": -0.43,
            "eps_growth_year": null,
            "eps_4q": 0.69,
            "eps_4q_growth_year": -58.65,
            "roe": -3.48,
            "roe_4q": 0.6199999999999997,
            "gross_profit": 46858,
            "gross_margin": 23.42,
            "gross_margin_4q_avg": 29.49,
            "net_income": -26604,
            "revenue": 200102,
            "common_shares": 612839,
            "book_valuer_per_share": 11.71,
            "book_valuer_per_share_4q_avg": 12.47,
            "equity": 717371,
            "current_ratio": 101.05,
            "debt_ratio": 47.24,
            "inventory_turnover_ratio": 1.9,
            "account_receivable_turnover_ratio": null,
            "reinvestment_rate": null,
            "research_to_sale_ratio": null,
            "price_fair": 0,
            "eps_avg_yearly": 0,
            "eps_latest_yearly": 0,
            "eps_growth_yearly": 0
        },
        "20013": {
            "year_quarter": 20013,
            "year": 2001,
            "quarter": 3,
            "eps": 0.37,
            "eps_growth_year": 117.65,
            "eps_4q": 0.88,
            "eps_4q_growth_year": -31.07,
            "roe": 3.12,
            "roe_4q": 3.7399999999999998,
            "gross_profit": 115540,
            "gross_margin": 35.9,
            "gross_margin_4q_avg": 31.63,
            "net_income": 22774,
            "revenue": 321832,
            "common_shares": 612839,
            "book_valuer_per_share": 12.08,
            "book_valuer_per_share_4q_avg": 12.34,
            "equity": 740146,
            "current_ratio": 110.43,
            "debt_ratio": 47.67,
            "inventory_turnover_ratio": 2.75,
            "account_receivable_turnover_ratio": null,
            "reinvestment_rate": null,
            "research_to_sale_ratio": null,
            "price_fair": 0,
            "eps_avg_yearly": 0,
            "eps_latest_yearly": 0,
            "eps_growth_yearly": 0
        },
        "20014": {
            "year_quarter": 20014,
            "year": 2001,
            "quarter": 4,
            "eps": 0.19,
            "eps_growth_year": -54.76,
            "eps_4q": 0.66,
            "eps_4q_growth_year": -38.26,
            "roe": 1.54,
            "roe_4q": 5.279999999999999,
            "gross_profit": 129006,
            "gross_margin": 36.84,
            "gross_margin_4q_avg": 32.93,
            "net_income": 11519,
            "revenue": 350185,
            "common_shares": 612839,
            "book_valuer_per_share": 12.27,
            "book_valuer_per_share_4q_avg": 12.32,
            "equity": 751665,
            "current_ratio": 89.28,
            "debt_ratio": 48.27,
            "inventory_turnover_ratio": 2.67,
            "account_receivable_turnover_ratio": null,
            "reinvestment_rate": null,
            "research_to_sale_ratio": null,
            "price_fair": 0,
            "eps_avg_yearly": 0,
            "eps_latest_yearly": 0,
            "eps_growth_yearly": 0
        },
        "20021": {
            "year_quarter": 20021,
            "year": 2002,
            "quarter": 1,
            "eps": 0.49,
            "eps_growth_year": -7.55,
            "eps_4q": 0.62,
            "eps_4q_growth_year": -29.14,
            "roe": 3.9,
            "roe_4q": 5.079999999999998,
            "gross_profit": 125550,
            "gross_margin": 35.16,
            "gross_margin_4q_avg": 32.83,
            "net_income": 29893,
            "revenue": 357128,
            "common_shares": 612839,
            "book_valuer_per_share": 12.74,
            "book_valuer_per_share_4q_avg": 12.2,
            "equity": 780949,
            "current_ratio": 93.26,
            "debt_ratio": 42.04,
            "inventory_turnover_ratio": 2.74,
            "account_receivable_turnover_ratio": null,
            "reinvestment_rate": null,
            "research_to_sale_ratio": null,
            "price_fair": 68.6,
            "eps_avg_yearly": 1.96,
            "eps_latest_yearly": 1.96,
            "eps_growth_yearly": 631.58
        },
        "20022": {
            "year_quarter": 20022,
            "year": 2002,
            "quarter": 2,
            "eps": -0.35,
            "eps_growth_year": null,
            "eps_4q": 0.69,
            "eps_4q_growth_year": 0.76,
            "roe": -2.85,
            "roe_4q": 5.71,
            "gross_profit": 41267,
            "gross_margin": 22.14,
            "gross_margin_4q_avg": 32.51,
            "net_income": -21672,
            "revenue": 186421,
            "common_shares": 612839,
            "book_valuer_per_share": 12.06,
            "book_valuer_per_share_4q_avg": 12.29,
            "equity": 739020,
            "current_ratio": 80.61,
            "debt_ratio": 40.56,
            "inventory_turnover_ratio": 1.87,
            "account_receivable_turnover_ratio": null,
            "reinvestment_rate": null,
            "research_to_sale_ratio": null,
            "price_fair": 68.6,
            "eps_avg_yearly": 1.96,
            "eps_latest_yearly": 1.96,
            "eps_growth_yearly": 631.58
        },
        "20023": {
            "year_quarter": 20023,
            "year": 2002,
            "quarter": 3,
            "eps": 0.47,
            "eps_growth_year": 27.03,
            "eps_4q": 0.78,
            "eps_4q_growth_year": -11.47,
            "roe": 3.94,
            "roe_4q": 6.53,
            "gross_profit": 126714,
            "gross_margin": 36.95,
            "gross_margin_4q_avg": 32.77,
            "net_income": 29738,
            "revenue": 342900,
            "common_shares": 631224,
            "book_valuer_per_share": 12.2,
            "book_valuer_per_share_4q_avg": 12.32,
            "equity": 770140,
            "current_ratio": 93.22,
            "debt_ratio": 42.44,
            "inventory_turnover_ratio": 2.93,
            "account_receivable_turnover_ratio": null,
            "reinvestment_rate": null,
            "research_to_sale_ratio": null,
            "price_fair": 68.6,
            "eps_avg_yearly": 1.96,
            "eps_latest_yearly": 1.96,
            "eps_growth_yearly": 631.58
        },
        "20024": {
            "year_quarter": 20024,
            "year": 2002,
            "quarter": 4,
            "eps": 0.73,
            "eps_growth_year": 284.21,
            "eps_4q": 1.33,
            "eps_4q_growth_year": 100.48,
            "roe": 5.82,
            "roe_4q": 10.81,
            "gross_profit": 173471,
            "gross_margin": 43.81,
            "gross_margin_4q_avg": 34.52,
            "net_income": 46157,
            "revenue": 395950,
            "common_shares": 631224,
            "book_valuer_per_share": 12.93,
            "book_valuer_per_share_4q_avg": 12.48,
            "equity": 816142,
            "current_ratio": 106.74,
            "debt_ratio": 44.14,
            "inventory_turnover_ratio": 2.46,
            "account_receivable_turnover_ratio": null,
            "reinvestment_rate": -79.21,
            "research_to_sale_ratio": null,
            "price_fair": 85.4,
            "eps_avg_yearly": 2.44,
            "eps_latest_yearly": 2.92,
            "eps_growth_yearly": 426.43
        },
        "20031": {
            "year_quarter": 20031,
            "year": 2003,
            "quarter": 1,
            "eps": 0.5,
            "eps_growth_year": 2.04,
            "eps_4q": 1.36,
            "eps_4q_growth_year": 120.15,
            "roe": 3.81,
            "roe_4q": 10.72,
            "gross_profit": 118322,
            "gross_margin": 35.35,
            "gross_margin_4q_avg": 34.56,
            "net_income": 31664,
            "revenue": 334689,
            "common_shares": 631224,
            "book_valuer_per_share": 13.43,
            "book_valuer_per_share_4q_avg": 12.66,
            "equity": 847802,
            "current_ratio": 137.74,
            "debt_ratio": 38.01,
            "inventory_turnover_ratio": 2.35,
            "account_receivable_turnover_ratio": null,
            "reinvestment_rate": -70.81,
            "research_to_sale_ratio": null,
            "price_fair": 80.27,
            "eps_avg_yearly": 2.29,
            "eps_latest_yearly": 2,
            "eps_growth_yearly": 242.28
        },
        "20032": {
            "year_quarter": 20032,
            "year": 2003,
            "quarter": 2,
            "eps": 0,
            "eps_growth_year": null,
            "eps_4q": 1.71,
            "eps_4q_growth_year": 145.98,
            "roe": 0.02,
            "roe_4q": 13.59,
            "gross_profit": 73488,
            "gross_margin": 32.72,
            "gross_margin_4q_avg": 37.21,
            "net_income": 154,
            "revenue": 224592,
            "common_shares": 631224,
            "book_valuer_per_share": 12.75,
            "book_valuer_per_share_4q_avg": 12.83,
            "equity": 804737,
            "current_ratio": 117.6,
            "debt_ratio": 42.88,
            "inventory_turnover_ratio": 1.94,
            "account_receivable_turnover_ratio": null,
            "reinvestment_rate": -65.71,
            "research_to_sale_ratio": null,
            "price_fair": 80.27,
            "eps_avg_yearly": 2.29,
            "eps_latest_yearly": 2,
            "eps_growth_yearly": 242.28
        },
        "20033": {
            "year_quarter": 20033,
            "year": 2003,
            "quarter": 3,
            "eps": 0.7,
            "eps_growth_year": 48.94,
            "eps_4q": 1.87,
            "eps_4q_growth_year": 138.92,
            "roe": 5.64,
            "roe_4q": 15.29,
            "gross_profit": 154303,
            "gross_margin": 38.75,
            "gross_margin_4q_avg": 37.66,
            "net_income": 46720,
            "revenue": 398213,
            "common_shares": 662785,
            "book_valuer_per_share": 12.84,
            "book_valuer_per_share_4q_avg": 12.99,
            "equity": 850750,
            "current_ratio": 122.3,
            "debt_ratio": 47.22,
            "inventory_turnover_ratio": 2.79,
            "account_receivable_turnover_ratio": null,
            "reinvestment_rate": -59.74,
            "research_to_sale_ratio": null,
            "price_fair": 80.27,
            "eps_avg_yearly": 2.29,
            "eps_latest_yearly": 2,
            "eps_growth_yearly": 242.28
        },
        "20034": {
            "year_quarter": 20034,
            "year": 2003,
            "quarter": 4,
            "eps": 1.21,
            "eps_growth_year": 65.75,
            "eps_4q": 2.4,
            "eps_4q_growth_year": 80.11,
            "roe": 8.99,
            "roe_4q": 18.459999999999997,
            "gross_profit": 221956,
            "gross_margin": 44.13,
            "gross_margin_4q_avg": 37.74,
            "net_income": 80120,
            "revenue": 502940,
            "common_shares": 662785,
            "book_valuer_per_share": 14.05,
            "book_valuer_per_share_4q_avg": 13.27,
            "equity": 931043,
            "current_ratio": 133.27,
            "debt_ratio": 47.74,
            "inventory_turnover_ratio": 2.58,
            "account_receivable_turnover_ratio": null,
            "reinvestment_rate": -53.15,
            "research_to_sale_ratio": null,
            "price_fair": 102.55,
            "eps_avg_yearly": 2.93,
            "eps_latest_yearly": 4.84,
            "eps_growth_yearly": 254.56
        },
        "20041": {
            "year_quarter": 20041,
            "year": 2004,
            "quarter": 1,
            "eps": 0.48,
            "eps_growth_year": -4,
            "eps_4q": 2.41,
            "eps_4q_growth_year": 77.93,
            "roe": 3.33,
            "roe_4q": 17.98,
            "gross_profit": 125600,
            "gross_margin": 35.35,
            "gross_margin_4q_avg": 37.74,
            "net_income": 31533,
            "revenue": 355276,
            "common_shares": 662785,
            "book_valuer_per_share": 14.51,
            "book_valuer_per_share_4q_avg": 13.54,
            "equity": 961457,
            "current_ratio": 146.37,
            "debt_ratio": 40.9,
            "inventory_turnover_ratio": 2.22,
            "account_receivable_turnover_ratio": null,
            "reinvestment_rate": -54.91,
            "research_to_sale_ratio": null,
            "price_fair": 95.48,
            "eps_avg_yearly": 2.73,
            "eps_latest_yearly": 1.92,
            "eps_growth_yearly": 155.39
        },
        "20042": {
            "year_quarter": 20042,
            "year": 2004,
            "quarter": 2,
            "eps": 0.17,
            "eps_growth_year": null,
            "eps_4q": 2.35,
            "eps_4q_growth_year": 38.01,
            "roe": 1.32,
            "roe_4q": 19.28,
            "gross_profit": 89693,
            "gross_margin": 33.62,
            "gross_margin_4q_avg": 37.96,
            "net_income": 12322,
            "revenue": 266757,
            "common_shares": 662785,
            "book_valuer_per_share": 13.62,
            "book_valuer_per_share_4q_avg": 13.76,
            "equity": 902665,
            "current_ratio": 101.27,
            "debt_ratio": 47.07,
            "inventory_turnover_ratio": 2.05,
            "account_receivable_turnover_ratio": null,
            "reinvestment_rate": -53.44,
            "research_to_sale_ratio": null,
            "price_fair": 83.53,
            "eps_avg_yearly": 2.39,
            "eps_latest_yearly": 0.68,
            "eps_growth_yearly": 86.43
        },
        "20043": {
            "year_quarter": 20043,
            "year": 2004,
            "quarter": 3,
            "eps": 0.67,
            "eps_growth_year": -4.29,
            "eps_4q": 2.39,
            "eps_4q_growth_year": 27.94,
            "roe": 5.21,
            "roe_4q": 18.85,
            "gross_profit": 170776,
            "gross_margin": 38.1,
            "gross_margin_4q_avg": 37.8,
            "net_income": 48284,
            "revenue": 448213,
            "common_shares": 715808,
            "book_valuer_per_share": 13.31,
            "book_valuer_per_share_4q_avg": 13.87,
            "equity": 952479,
            "current_ratio": 113.32,
            "debt_ratio": 40.51,
            "inventory_turnover_ratio": 2.87,
            "account_receivable_turnover_ratio": null,
            "reinvestment_rate": -48.91,
            "research_to_sale_ratio": null,
            "price_fair": 85,
            "eps_avg_yearly": 2.43,
            "eps_latest_yearly": 2.68,
            "eps_growth_yearly": 242.15
        },
        "20044": {
            "year_quarter": 20044,
            "year": 2004,
            "quarter": 4,
            "eps": 0.45,
            "eps_growth_year": -62.81,
            "eps_4q": 1.73,
            "eps_4q_growth_year": -27.84,
            "roe": 3.37,
            "roe_4q": 13.23,
            "gross_profit": 160462,
            "gross_margin": 38.53,
            "gross_margin_4q_avg": 36.4,
            "net_income": 32418,
            "revenue": 416436,
            "common_shares": 715808,
            "book_valuer_per_share": 13.54,
            "book_valuer_per_share_4q_avg": 13.75,
            "equity": 969394,
            "current_ratio": 154.64,
            "debt_ratio": 41.58,
            "inventory_turnover_ratio": 1.84,
            "account_receivable_turnover_ratio": null,
            "reinvestment_rate": -44.71,
            "research_to_sale_ratio": null,
            "price_fair": 82.25,
            "eps_avg_yearly": 2.35,
            "eps_latest_yearly": 1.8,
            "eps_growth_yearly": 195.47
        },
        "20051": {
            "year_quarter": 20051,
            "year": 2005,
            "quarter": 1,
            "eps": 0.81,
            "eps_growth_year": 68.75,
            "eps_4q": 2.11,
            "eps_4q_growth_year": -12.51,
            "roe": 5.8,
            "roe_4q": 15.7,
            "gross_profit": 172785,
            "gross_margin": 36.24,
            "gross_margin_4q_avg": 36.62,
            "net_income": 57911,
            "revenue": 476740,
            "common_shares": 715808,
            "book_valuer_per_share": 14.36,
            "book_valuer_per_share_4q_avg": 13.71,
            "equity": 1028013,
            "current_ratio": 138.52,
            "debt_ratio": 34.08,
            "inventory_turnover_ratio": 2.13,
            "account_receivable_turnover_ratio": null,
            "reinvestment_rate": -37,
            "research_to_sale_ratio": null,
            "price_fair": 85.71,
            "eps_avg_yearly": 2.45,
            "eps_latest_yearly": 3.24,
            "eps_growth_yearly": 209.3
        },
        "20052": {
            "year_quarter": 20052,
            "year": 2005,
            "quarter": 2,
            "eps": -0.02,
            "eps_growth_year": -111.76,
            "eps_4q": 1.91,
            "eps_4q_growth_year": -18.76,
            "roe": -0.17,
            "roe_4q": 14.21,
            "gross_profit": 102160,
            "gross_margin": 32.09,
            "gross_margin_4q_avg": 36.24,
            "net_income": -1659,
            "revenue": 318368,
            "common_shares": 715808,
            "book_valuer_per_share": 13.23,
            "book_valuer_per_share_4q_avg": 13.61,
            "equity": 946662,
            "current_ratio": 114.37,
            "debt_ratio": 37.35,
            "inventory_turnover_ratio": 1.91,
            "account_receivable_turnover_ratio": null,
            "reinvestment_rate": -39.15,
            "research_to_sale_ratio": null,
            "price_fair": 85.71,
            "eps_avg_yearly": 2.45,
            "eps_latest_yearly": 3.24,
            "eps_growth_yearly": 209.3
        },
        "20053": {
            "year_quarter": 20053,
            "year": 2005,
            "quarter": 3,
            "eps": 0.83,
            "eps_growth_year": 23.88,
            "eps_4q": 2.01,
            "eps_4q_growth_year": -15.74,
            "roe": 6.31,
            "roe_4q": 15.309999999999999,
            "gross_profit": 195611,
            "gross_margin": 37.97,
            "gross_margin_4q_avg": 36.21,
            "net_income": 62160,
            "revenue": 515117,
            "common_shares": 751598,
            "book_valuer_per_share": 13.62,
            "book_valuer_per_share_4q_avg": 13.69,
            "equity": 1024007,
            "current_ratio": 121.57,
            "debt_ratio": 39.07,
            "inventory_turnover_ratio": 2.55,
            "account_receivable_turnover_ratio": null,
            "reinvestment_rate": -33.7,
            "research_to_sale_ratio": null,
            "price_fair": 85.71,
            "eps_avg_yearly": 2.45,
            "eps_latest_yearly": 3.24,
            "eps_growth_yearly": 209.3
        },
        "20054": {
            "year_quarter": 20054,
            "year": 2005,
            "quarter": 4,
            "eps": 0.58,
            "eps_growth_year": 28.89,
            "eps_4q": 2.14,
            "eps_4q_growth_year": 24.02,
            "roe": 4.21,
            "roe_4q": 16.15,
            "gross_profit": 203372,
            "gross_margin": 39.53,
            "gross_margin_4q_avg": 36.46,
            "net_income": 43904,
            "revenue": 514449,
            "common_shares": 751598,
            "book_valuer_per_share": 14.14,
            "book_valuer_per_share_4q_avg": 13.84,
            "equity": 1062459,
            "current_ratio": 125.54,
            "debt_ratio": 41.12,
            "inventory_turnover_ratio": 1.74,
            "account_receivable_turnover_ratio": null,
            "reinvestment_rate": 1.04,
            "research_to_sale_ratio": null,
            "price_fair": 85.26,
            "eps_avg_yearly": 2.44,
            "eps_latest_yearly": 2.32,
            "eps_growth_yearly": 176.32
        },
        "20061": {
            "year_quarter": 20061,
            "year": 2006,
            "quarter": 1,
            "eps": 0.45,
            "eps_growth_year": -44.44,
            "eps_4q": 1.83,
            "eps_4q_growth_year": -13.33,
            "roe": 3.16,
            "roe_4q": 13.51,
            "gross_profit": 158123,
            "gross_margin": 32.63,
            "gross_margin_4q_avg": 35.56,
            "net_income": 34053,
            "revenue": 484535,
            "common_shares": 751598,
            "book_valuer_per_share": 14.55,
            "book_valuer_per_share_4q_avg": 13.89,
            "equity": 1093725,
            "current_ratio": 124.12,
            "debt_ratio": 36.57,
            "inventory_turnover_ratio": 1.87,
            "account_receivable_turnover_ratio": null,
            "reinvestment_rate": -19.9,
            "research_to_sale_ratio": null,
            "price_fair": 84.7,
            "eps_avg_yearly": 2.42,
            "eps_latest_yearly": 1.8,
            "eps_growth_yearly": 104.2
        },
        "20062": {
            "year_quarter": 20062,
            "year": 2006,
            "quarter": 2,
            "eps": 0.08,
            "eps_growth_year": null,
            "eps_4q": 1.88,
            "eps_4q_growth_year": -1.94,
            "roe": 0.59,
            "roe_4q": 14.27,
            "gross_profit": 121406,
            "gross_margin": 34.21,
            "gross_margin_4q_avg": 36.09,
            "net_income": 6241,
            "revenue": 354897,
            "common_shares": 751598,
            "book_valuer_per_share": 13.51,
            "book_valuer_per_share_4q_avg": 13.96,
            "equity": 1015550,
            "current_ratio": 101.07,
            "debt_ratio": 37.05,
            "inventory_turnover_ratio": 1.7,
            "account_receivable_turnover_ratio": null,
            "reinvestment_rate": -6.63,
            "research_to_sale_ratio": null,
            "price_fair": 78.02,
            "eps_avg_yearly": 2.23,
            "eps_latest_yearly": 0.32,
            "eps_growth_yearly": 64.83
        },
        "20063": {
            "year_quarter": 20063,
            "year": 2006,
            "quarter": 3,
            "eps": 0.15,
            "eps_growth_year": -81.93,
            "eps_4q": 1.22,
            "eps_4q_growth_year": -39.67,
            "roe": 1.16,
            "roe_4q": 9.120000000000001,
            "gross_profit": 135260,
            "gross_margin": 31.81,
            "gross_margin_4q_avg": 34.55,
            "net_income": 11858,
            "revenue": 425216,
            "common_shares": 811726,
            "book_valuer_per_share": 12.74,
            "book_valuer_per_share_4q_avg": 13.74,
            "equity": 1033797,
            "current_ratio": 99.69,
            "debt_ratio": 42.65,
            "inventory_turnover_ratio": 1.7,
            "account_receivable_turnover_ratio": null,
            "reinvestment_rate": -4.66,
            "research_to_sale_ratio": null,
            "price_fair": 73.27,
            "eps_avg_yearly": 2.09,
            "eps_latest_yearly": 0.6,
            "eps_growth_yearly": 88.59
        },
        "20064": {
            "year_quarter": 20064,
            "year": 2006,
            "quarter": 4,
            "eps": -0.05,
            "eps_growth_year": -108.62,
            "eps_4q": 0.59,
            "eps_4q_growth_year": -72.49,
            "roe": -0.41,
            "roe_4q": 4.5,
            "gross_profit": 192820,
            "gross_margin": 35.95,
            "gross_margin_4q_avg": 33.65,
            "net_income": -4208,
            "revenue": 536358,
            "common_shares": 811726,
            "book_valuer_per_share": 12.67,
            "book_valuer_per_share_4q_avg": 13.37,
            "equity": 1028184,
            "current_ratio": 115.96,
            "debt_ratio": 42.1,
            "inventory_turnover_ratio": 1.66,
            "account_receivable_turnover_ratio": null,
            "reinvestment_rate": 25.2,
            "research_to_sale_ratio": null,
            "price_fair": 70.64,
            "eps_avg_yearly": 2.02,
            "eps_latest_yearly": 0.6,
            "eps_growth_yearly": 76.53
        },
        "20071": {
            "year_quarter": 20071,
            "year": 2007,
            "quarter": 1,
            "eps": 0.62,
            "eps_growth_year": 37.78,
            "eps_4q": 0.79,
            "eps_4q_growth_year": -56.73,
            "roe": 4.75,
            "roe_4q": 6.09,
            "gross_profit": 217242,
            "gross_margin": 36.24,
            "gross_margin_4q_avg": 34.55,
            "net_income": 50140,
            "revenue": 599443,
            "common_shares": 811726,
            "book_valuer_per_share": 13.35,
            "book_valuer_per_share_4q_avg": 13.07,
            "equity": 1083624,
            "current_ratio": 114.39,
            "debt_ratio": 42.35,
            "inventory_turnover_ratio": 2.08,
            "account_receivable_turnover_ratio": null,
            "reinvestment_rate": -0.74,
            "research_to_sale_ratio": null,
            "price_fair": 70.7,
            "eps_avg_yearly": 2.02,
            "eps_latest_yearly": 0.6,
            "eps_growth_yearly": 96.79
        },
        "20072": {
            "year_quarter": 20072,
            "year": 2007,
            "quarter": 2,
            "eps": 0,
            "eps_growth_year": -100,
            "eps_4q": 0.71,
            "eps_4q_growth_year": -62.29,
            "roe": -0.03,
            "roe_4q": 5.47,
            "gross_profit": 93829,
            "gross_margin": 28.29,
            "gross_margin_4q_avg": 33.07,
            "net_income": -357,
            "revenue": 331615,
            "common_shares": 811726,
            "book_valuer_per_share": 12.69,
            "book_valuer_per_share_4q_avg": 12.86,
            "equity": 1030386,
            "current_ratio": 105.51,
            "debt_ratio": 36.46,
            "inventory_turnover_ratio": 1.66,
            "account_receivable_turnover_ratio": null,
            "reinvestment_rate": 6.24,
            "research_to_sale_ratio": null,
            "price_fair": 70.7,
            "eps_avg_yearly": 2.02,
            "eps_latest_yearly": 0.6,
            "eps_growth_yearly": 96.79
        },
        "20073": {
            "year_quarter": 20073,
            "year": 2007,
            "quarter": 3,
            "eps": 0.65,
            "eps_growth_year": 333.33,
            "eps_4q": 1.21,
            "eps_4q_growth_year": -0.17,
            "roe": 4.97,
            "roe_4q": 9.28,
            "gross_profit": 189118,
            "gross_margin": 35.23,
            "gross_margin_4q_avg": 33.93,
            "net_income": 52622,
            "revenue": 536879,
            "common_shares": 811726,
            "book_valuer_per_share": 13.38,
            "book_valuer_per_share_4q_avg": 13.02,
            "equity": 1085819,
            "current_ratio": 112.83,
            "debt_ratio": 41.61,
            "inventory_turnover_ratio": 2.35,
            "account_receivable_turnover_ratio": null,
            "reinvestment_rate": 13.48,
            "research_to_sale_ratio": null,
            "price_fair": 70.7,
            "eps_avg_yearly": 2.02,
            "eps_latest_yearly": 0.6,
            "eps_growth_yearly": 96.79
        },
        "20074": {
            "year_quarter": 20074,
            "year": 2007,
            "quarter": 4,
            "eps": 0.46,
            "eps_growth_year": null,
            "eps_4q": 1.73,
            "eps_4q_growth_year": 192.62,
            "roe": 3.36,
            "roe_4q": 13.05,
            "gross_profit": 166115,
            "gross_margin": 31.49,
            "gross_margin_4q_avg": 32.81,
            "net_income": 37196,
            "revenue": 527538,
            "common_shares": 811726,
            "book_valuer_per_share": 13.88,
            "book_valuer_per_share_4q_avg": 13.33,
            "equity": 1126862,
            "current_ratio": 127.28,
            "debt_ratio": 40.15,
            "inventory_turnover_ratio": 1.91,
            "account_receivable_turnover_ratio": null,
            "reinvestment_rate": 51.94,
            "research_to_sale_ratio": null,
            "price_fair": 60.2,
            "eps_avg_yearly": 1.72,
            "eps_latest_yearly": 1.84,
            "eps_growth_yearly": 55.95
        },
        "20081": {
            "year_quarter": 20081,
            "year": 2008,
            "quarter": 1,
            "eps": 0.68,
            "eps_growth_year": 9.68,
            "eps_4q": 1.78,
            "eps_4q_growth_year": 125.05,
            "roe": 4.79,
            "roe_4q": 13.090000000000002,
            "gross_profit": 182055,
            "gross_margin": 31.61,
            "gross_margin_4q_avg": 31.66,
            "net_income": 55211,
            "revenue": 575949,
            "common_shares": 811726,
            "book_valuer_per_share": 14.5,
            "book_valuer_per_share_4q_avg": 13.61,
            "equity": 1176737,
            "current_ratio": 140.79,
            "debt_ratio": 37.83,
            "inventory_turnover_ratio": 1.95,
            "account_receivable_turnover_ratio": null,
            "reinvestment_rate": 51.44,
            "research_to_sale_ratio": null,
            "price_fair": 63,
            "eps_avg_yearly": 1.8,
            "eps_latest_yearly": 2.72,
            "eps_growth_yearly": 99.21
        },
        "20082": {
            "year_quarter": 20082,
            "year": 2008,
            "quarter": 2,
            "eps": -0.1,
            "eps_growth_year": null,
            "eps_4q": 1.69,
            "eps_4q_growth_year": 138.36,
            "roe": -0.71,
            "roe_4q": 12.41,
            "gross_profit": 80749,
            "gross_margin": 22.83,
            "gross_margin_4q_avg": 30.29,
            "net_income": -8131,
            "revenue": 353713,
            "common_shares": 811726,
            "book_valuer_per_share": 13.61,
            "book_valuer_per_share_4q_avg": 13.84,
            "equity": 1104812,
            "current_ratio": 125.88,
            "debt_ratio": 36.65,
            "inventory_turnover_ratio": 1.47,
            "account_receivable_turnover_ratio": null,
            "reinvestment_rate": 63.02,
            "research_to_sale_ratio": null,
            "price_fair": 67.36,
            "eps_avg_yearly": 1.92,
            "eps_latest_yearly": 2.72,
            "eps_growth_yearly": 138.94
        },
        "20083": {
            "year_quarter": 20083,
            "year": 2008,
            "quarter": 3,
            "eps": 0.67,
            "eps_growth_year": 3.08,
            "eps_4q": 1.65,
            "eps_4q_growth_year": 36.38,
            "roe": 5.03,
            "roe_4q": 12.469999999999999,
            "gross_profit": 181258,
            "gross_margin": 34.32,
            "gross_margin_4q_avg": 30.06,
            "net_income": 57367,
            "revenue": 528120,
            "common_shares": 852312,
            "book_valuer_per_share": 13.77,
            "book_valuer_per_share_4q_avg": 13.94,
            "equity": 1173954,
            "current_ratio": 144.61,
            "debt_ratio": 35.19,
            "inventory_turnover_ratio": 1.83,
            "account_receivable_turnover_ratio": null,
            "reinvestment_rate": 62.97,
            "research_to_sale_ratio": null,
            "price_fair": 35.23,
            "eps_avg_yearly": 1.83,
            "eps_latest_yearly": 2.72,
            "eps_growth_yearly": 9.25
        },
        "20084": {
            "year_quarter": 20084,
            "year": 2008,
            "quarter": 4,
            "eps": 0.33,
            "eps_growth_year": -28.26,
            "eps_4q": 1.57,
            "eps_4q_growth_year": -9.01,
            "roe": 2.34,
            "roe_4q": 11.45,
            "gross_profit": 188822,
            "gross_margin": 32.29,
            "gross_margin_4q_avg": 30.26,
            "net_income": 27778,
            "revenue": 584799,
            "common_shares": 852312,
            "book_valuer_per_share": 14.11,
            "book_valuer_per_share_4q_avg": 14,
            "equity": 1202657,
            "current_ratio": 139.76,
            "debt_ratio": 37.92,
            "inventory_turnover_ratio": 1.95,
            "account_receivable_turnover_ratio": 3.04,
            "reinvestment_rate": 61.09,
            "research_to_sale_ratio": null,
            "price_fair": 17.7,
            "eps_avg_yearly": 1.77,
            "eps_latest_yearly": 1.32,
            "eps_growth_yearly": 0.3
        },
        "20091": {
            "year_quarter": 20091,
            "year": 2009,
            "quarter": 1,
            "eps": 0.63,
            "eps_growth_year": -7.35,
            "eps_4q": 1.53,
            "eps_4q_growth_year": -14.26,
            "roe": 4.41,
            "roe_4q": 11.07,
            "gross_profit": 152019,
            "gross_margin": 31.88,
            "gross_margin_4q_avg": 30.33,
            "net_income": 54041,
            "revenue": 476852,
            "common_shares": 852312,
            "book_valuer_per_share": 14.62,
            "book_valuer_per_share_4q_avg": 14.03,
            "equity": 1246211,
            "current_ratio": 183.43,
            "debt_ratio": 31.07,
            "inventory_turnover_ratio": 1.82,
            "account_receivable_turnover_ratio": 1.38,
            "reinvestment_rate": 59.92,
            "research_to_sale_ratio": null,
            "price_fair": 26.46,
            "eps_avg_yearly": 1.68,
            "eps_latest_yearly": 2.52,
            "eps_growth_yearly": 5.75
        },
        "20092": {
            "year_quarter": 20092,
            "year": 2009,
            "quarter": 2,
            "eps": -0.03,
            "eps_growth_year": null,
            "eps_4q": 1.6,
            "eps_4q_growth_year": -5.21,
            "roe": -0.24,
            "roe_4q": 11.54,
            "gross_profit": 90002,
            "gross_margin": 29.72,
            "gross_margin_4q_avg": 32.05,
            "net_income": -2927,
            "revenue": 302878,
            "common_shares": 852312,
            "book_valuer_per_share": 13.52,
            "book_valuer_per_share_4q_avg": 14.01,
            "equity": 1152156,
            "current_ratio": 171.19,
            "debt_ratio": 29.91,
            "inventory_turnover_ratio": 1.46,
            "account_receivable_turnover_ratio": 1.24,
            "reinvestment_rate": 58.79,
            "research_to_sale_ratio": null,
            "price_fair": 26.46,
            "eps_avg_yearly": 1.68,
            "eps_latest_yearly": 2.52,
            "eps_growth_yearly": 5.75
        },
        "20093": {
            "year_quarter": 20093,
            "year": 2009,
            "quarter": 3,
            "eps": 0.53,
            "eps_growth_year": -20.9,
            "eps_4q": 1.46,
            "eps_4q_growth_year": -11.91,
            "roe": 3.84,
            "roe_4q": 10.35,
            "gross_profit": 167532,
            "gross_margin": 36.37,
            "gross_margin_4q_avg": 32.57,
            "net_income": 45094,
            "revenue": 460694,
            "common_shares": 852312,
            "book_valuer_per_share": 14.01,
            "book_valuer_per_share_4q_avg": 14.07,
            "equity": 1194074,
            "current_ratio": 148.57,
            "debt_ratio": 34.59,
            "inventory_turnover_ratio": 1.86,
            "account_receivable_turnover_ratio": 1.82,
            "reinvestment_rate": 76.03,
            "research_to_sale_ratio": null,
            "price_fair": 26.46,
            "eps_avg_yearly": 1.68,
            "eps_latest_yearly": 2.52,
            "eps_growth_yearly": 5.75
        },
        "20094": {
            "year_quarter": 20094,
            "year": 2009,
            "quarter": 4,
            "eps": 0.9,
            "eps_growth_year": 172.73,
            "eps_4q": 2.03,
            "eps_4q_growth_year": 29.39,
            "roe": 6.27,
            "roe_4q": 14.28,
            "gross_profit": 168848,
            "gross_margin": 33.32,
            "gross_margin_4q_avg": 32.82,
            "net_income": 77028,
            "revenue": 506694,
            "common_shares": 852312,
            "book_valuer_per_share": 14.83,
            "book_valuer_per_share_4q_avg": 14.25,
            "equity": 1264211,
            "current_ratio": 149.42,
            "debt_ratio": 34.67,
            "inventory_turnover_ratio": 1.72,
            "account_receivable_turnover_ratio": 3.22,
            "reinvestment_rate": 82.21,
            "research_to_sale_ratio": null,
            "price_fair": 64.4,
            "eps_avg_yearly": 1.84,
            "eps_latest_yearly": 3.6,
            "eps_growth_yearly": 55.72
        },
        "20101": {
            "year_quarter": 20101,
            "year": 2010,
            "quarter": 1,
            "eps": 1.01,
            "eps_growth_year": 60.32,
            "eps_4q": 2.41,
            "eps_4q_growth_year": 57.56,
            "roe": 6.58,
            "roe_4q": 16.45,
            "gross_profit": 219617,
            "gross_margin": 35.31,
            "gross_margin_4q_avg": 33.68,
            "net_income": 85981,
            "revenue": 621917,
            "common_shares": 852312,
            "book_valuer_per_share": 15.83,
            "book_valuer_per_share_4q_avg": 14.55,
            "equity": 1349132,
            "current_ratio": 157.94,
            "debt_ratio": 32.65,
            "inventory_turnover_ratio": 1.94,
            "account_receivable_turnover_ratio": 1.71,
            "reinvestment_rate": 79.71,
            "research_to_sale_ratio": null,
            "price_fair": 74.2,
            "eps_avg_yearly": 2.12,
            "eps_latest_yearly": 4.04,
            "eps_growth_yearly": 73.03
        },
        "20102": {
            "year_quarter": 20102,
            "year": 2010,
            "quarter": 2,
            "eps": -0.29,
            "eps_growth_year": null,
            "eps_4q": 1.97,
            "eps_4q_growth_year": 23.03,
            "roe": -2.09,
            "roe_4q": 14.6,
            "gross_profit": 64913,
            "gross_margin": 19.92,
            "gross_margin_4q_avg": 31.23,
            "net_income": -27054,
            "revenue": 325804,
            "common_shares": 852312,
            "book_valuer_per_share": 14.55,
            "book_valuer_per_share_4q_avg": 14.81,
            "equity": 1240165,
            "current_ratio": 141.77,
            "debt_ratio": 32.52,
            "inventory_turnover_ratio": 1.39,
            "account_receivable_turnover_ratio": 1.09,
            "reinvestment_rate": 103.88,
            "research_to_sale_ratio": null,
            "price_fair": 83.2,
            "eps_avg_yearly": 2.38,
            "eps_latest_yearly": 4.04,
            "eps_growth_yearly": 130.45
        },
        "20103": {
            "year_quarter": 20103,
            "year": 2010,
            "quarter": 3,
            "eps": 0.39,
            "eps_growth_year": -26.12,
            "eps_4q": 1.87,
            "eps_4q_growth_year": 28.22,
            "roe": 2.87,
            "roe_4q": 13.629999999999999,
            "gross_profit": 172791,
            "gross_margin": 31.86,
            "gross_margin_4q_avg": 30.1,
            "net_income": 36043,
            "revenue": 542393,
            "common_shares": 920497,
            "book_valuer_per_share": 13.84,
            "book_valuer_per_share_4q_avg": 14.76,
            "equity": 1273510,
            "current_ratio": 120.07,
            "debt_ratio": 38.78,
            "inventory_turnover_ratio": 1.93,
            "account_receivable_turnover_ratio": 2.07,
            "reinvestment_rate": 114.27,
            "research_to_sale_ratio": null,
            "price_fair": 93.57,
            "eps_avg_yearly": 2.67,
            "eps_latest_yearly": 4.04,
            "eps_growth_yearly": 93.86
        },
        "20104": {
            "year_quarter": 20104,
            "year": 2010,
            "quarter": 4,
            "eps": 0.54,
            "eps_growth_year": -39.5,
            "eps_4q": 1.58,
            "eps_4q_growth_year": -22.45,
            "roe": 3.87,
            "roe_4q": 11.23,
            "gross_profit": 191932,
            "gross_margin": 33.1,
            "gross_margin_4q_avg": 30.05,
            "net_income": 50120,
            "revenue": 579877,
            "common_shares": 920497,
            "book_valuer_per_share": 14.29,
            "book_valuer_per_share_4q_avg": 14.63,
            "equity": 1315440,
            "current_ratio": 118.6,
            "debt_ratio": 42.23,
            "inventory_turnover_ratio": 1.46,
            "account_receivable_turnover_ratio": 1.67,
            "reinvestment_rate": 84.9,
            "research_to_sale_ratio": null,
            "price_fair": 91,
            "eps_avg_yearly": 2.6,
            "eps_latest_yearly": 2.16,
            "eps_growth_yearly": 102.43
        },
        "20111": {
            "year_quarter": 20111,
            "year": 2011,
            "quarter": 1,
            "eps": 0.46,
            "eps_growth_year": -54.46,
            "eps_4q": 1.1,
            "eps_4q_growth_year": -54.38,
            "roe": 3.14,
            "roe_4q": 7.789999999999999,
            "gross_profit": 184011,
            "gross_margin": 27.32,
            "gross_margin_4q_avg": 28.05,
            "net_income": 41983,
            "revenue": 673559,
            "common_shares": 920497,
            "book_valuer_per_share": 14.77,
            "book_valuer_per_share_4q_avg": 14.36,
            "equity": 1359918,
            "current_ratio": 107.79,
            "debt_ratio": 41.55,
            "inventory_turnover_ratio": 1.77,
            "account_receivable_turnover_ratio": 1.72,
            "reinvestment_rate": 133.44,
            "research_to_sale_ratio": null,
            "price_fair": 87.68,
            "eps_avg_yearly": 2.51,
            "eps_latest_yearly": 1.84,
            "eps_growth_yearly": 82.22
        },
        "20112": {
            "year_quarter": 20112,
            "year": 2011,
            "quarter": 2,
            "eps": 0.11,
            "eps_growth_year": null,
            "eps_4q": 1.41,
            "eps_4q_growth_year": -28.09,
            "roe": 0.84,
            "roe_4q": 10.719999999999999,
            "gross_profit": 106734,
            "gross_margin": 24.39,
            "gross_margin_4q_avg": 29.17,
            "net_income": 11153,
            "revenue": 437651,
            "common_shares": 920497,
            "book_valuer_per_share": 14.18,
            "book_valuer_per_share_4q_avg": 14.27,
            "equity": 1305331,
            "current_ratio": 82.45,
            "debt_ratio": 42.24,
            "inventory_turnover_ratio": 1.41,
            "account_receivable_turnover_ratio": 1.43,
            "reinvestment_rate": 148.62,
            "research_to_sale_ratio": null,
            "price_fair": 79.64,
            "eps_avg_yearly": 2.28,
            "eps_latest_yearly": 0.44,
            "eps_growth_yearly": 39.27
        },
        "20113": {
            "year_quarter": 20113,
            "year": 2011,
            "quarter": 3,
            "eps": 0.24,
            "eps_growth_year": -39.89,
            "eps_4q": 1.28,
            "eps_4q_growth_year": -31.3,
            "roe": 1.75,
            "roe_4q": 9.600000000000001,
            "gross_profit": 155853,
            "gross_margin": 26.94,
            "gross_margin_4q_avg": 27.94,
            "net_income": 23182,
            "revenue": 578523,
            "common_shares": 984932,
            "book_valuer_per_share": 13.63,
            "book_valuer_per_share_4q_avg": 14.22,
            "equity": 1342415,
            "current_ratio": 97.65,
            "debt_ratio": 46.55,
            "inventory_turnover_ratio": 1.72,
            "account_receivable_turnover_ratio": 2.33,
            "reinvestment_rate": 175.39,
            "research_to_sale_ratio": null,
            "price_fair": 75.04,
            "eps_avg_yearly": 2.14,
            "eps_latest_yearly": 0.96,
            "eps_growth_yearly": 82.61
        },
        "20114": {
            "year_quarter": 20114,
            "year": 2011,
            "quarter": 4,
            "eps": 1.06,
            "eps_growth_year": 94,
            "eps_4q": 1.83,
            "eps_4q_growth_year": 16.17,
            "roe": 7.49,
            "roe_4q": 13.22,
            "gross_profit": 275810,
            "gross_margin": 34.87,
            "gross_margin_4q_avg": 28.38,
            "net_income": 104037,
            "revenue": 791034,
            "common_shares": 984932,
            "book_valuer_per_share": 14.57,
            "book_valuer_per_share_4q_avg": 14.29,
            "equity": 1434924,
            "current_ratio": 111.5,
            "debt_ratio": 50.02,
            "inventory_turnover_ratio": 1.84,
            "account_receivable_turnover_ratio": 2.15,
            "reinvestment_rate": 139.63,
            "research_to_sale_ratio": null,
            "price_fair": 83.44,
            "eps_avg_yearly": 2.38,
            "eps_latest_yearly": 4.24,
            "eps_growth_yearly": 230.97
        },
        "20121": {
            "year_quarter": 20121,
            "year": 2012,
            "quarter": 1,
            "eps": -0.04,
            "eps_growth_year": -108.7,
            "eps_4q": 1.36,
            "eps_4q_growth_year": 23.89,
            "roe": -0.3,
            "roe_4q": 9.780000000000001,
            "gross_profit": 116654,
            "gross_margin": 21.64,
            "gross_margin_4q_avg": 26.96,
            "net_income": -4364,
            "revenue": 539067,
            "common_shares": 984932,
            "book_valuer_per_share": 14.49,
            "book_valuer_per_share_4q_avg": 14.22,
            "equity": 1426961,
            "current_ratio": 104.11,
            "debt_ratio": 48.72,
            "inventory_turnover_ratio": 1.49,
            "account_receivable_turnover_ratio": 1.39,
            "reinvestment_rate": 176.93,
            "research_to_sale_ratio": null,
            "price_fair": 82.13,
            "eps_avg_yearly": 2.35,
            "eps_latest_yearly": 4.24,
            "eps_growth_yearly": 235.38
        },
        "20122": {
            "year_quarter": 20122,
            "year": 2012,
            "quarter": 2,
            "eps": -0.37,
            "eps_growth_year": -427.81,
            "eps_4q": 0.76,
            "eps_4q_growth_year": -46.07,
            "roe": -2.91,
            "roe_4q": 6.03,
            "gross_profit": 93472,
            "gross_margin": 23.15,
            "gross_margin_4q_avg": 26.65,
            "net_income": -40217,
            "revenue": 403841,
            "common_shares": 984932,
            "book_valuer_per_share": 13.6,
            "book_valuer_per_share_4q_avg": 14.07,
            "equity": 1339216,
            "current_ratio": 109.19,
            "debt_ratio": 49.19,
            "inventory_turnover_ratio": 1.31,
            "account_receivable_turnover_ratio": 1.49,
            "reinvestment_rate": 172.68,
            "research_to_sale_ratio": null,
            "price_fair": 82.13,
            "eps_avg_yearly": 2.35,
            "eps_latest_yearly": 4.24,
            "eps_growth_yearly": 235.38
        },
        "20123": {
            "year_quarter": 20123,
            "year": 2012,
            "quarter": 3,
            "eps": 0.47,
            "eps_growth_year": 99.27,
            "eps_4q": 1.02,
            "eps_4q_growth_year": -20.72,
            "roe": 3.73,
            "roe_4q": 8.01,
            "gross_profit": 211340,
            "gross_margin": 32.99,
            "gross_margin_4q_avg": 28.16,
            "net_income": 50814,
            "revenue": 640588,
            "common_shares": 1083425,
            "book_valuer_per_share": 12.81,
            "book_valuer_per_share_4q_avg": 13.87,
            "equity": 1387542,
            "current_ratio": 110.77,
            "debt_ratio": 51.56,
            "inventory_turnover_ratio": 1.92,
            "account_receivable_turnover_ratio": 2.38,
            "reinvestment_rate": 180.59,
            "research_to_sale_ratio": null,
            "price_fair": 82.13,
            "eps_avg_yearly": 2.35,
            "eps_latest_yearly": 4.24,
            "eps_growth_yearly": 235.38
        },
        "20124": {
            "year_quarter": 20124,
            "year": 2012,
            "quarter": 4,
            "eps": 1.22,
            "eps_growth_year": 15.95,
            "eps_4q": 1.28,
            "eps_4q_growth_year": -29.97,
            "roe": 9.29,
            "roe_4q": 9.809999999999999,
            "gross_profit": 268086,
            "gross_margin": 34.47,
            "gross_margin_4q_avg": 28.06,
            "net_income": 132699,
            "revenue": 777645,
            "common_shares": 1083425,
            "book_valuer_per_share": 13.57,
            "book_valuer_per_share_4q_avg": 13.62,
            "equity": 1469870,
            "current_ratio": 132.43,
            "debt_ratio": 49.51,
            "inventory_turnover_ratio": 1.88,
            "account_receivable_turnover_ratio": 2.24,
            "reinvestment_rate": 150.51,
            "research_to_sale_ratio": null,
            "price_fair": 95.98,
            "eps_avg_yearly": 2.74,
            "eps_latest_yearly": 4.88,
            "eps_growth_yearly": 328.86
        },
        "20131": {
            "year_quarter": 20131,
            "year": 2013,
            "quarter": 1,
            "eps": 0.58,
            "eps_growth_year": null,
            "eps_4q": 1.9,
            "eps_4q_growth_year": 39.84,
            "roe": 4.19,
            "roe_4q": 14.3,
            "gross_profit": 213197,
            "gross_margin": 29.35,
            "gross_margin_4q_avg": 29.99,
            "net_income": 62845,
            "revenue": 726305,
            "common_shares": 1083425,
            "book_valuer_per_share": 14.12,
            "book_valuer_per_share_4q_avg": 13.53,
            "equity": 1529635,
            "current_ratio": 134.35,
            "debt_ratio": 47.79,
            "inventory_turnover_ratio": 1.77,
            "account_receivable_turnover_ratio": 1.89,
            "reinvestment_rate": 120.96,
            "research_to_sale_ratio": null,
            "price_fair": 95.2,
            "eps_avg_yearly": 2.72,
            "eps_latest_yearly": 2.32,
            "eps_growth_yearly": 265.14
        },
        "20132": {
            "year_quarter": 20132,
            "year": 2013,
            "quarter": 2,
            "eps": -0.12,
            "eps_growth_year": null,
            "eps_4q": 2.16,
            "eps_4q_growth_year": 182.58,
            "roe": -0.86,
            "roe_4q": 16.349999999999998,
            "gross_profit": 102580,
            "gross_margin": 21.35,
            "gross_margin_4q_avg": 29.54,
            "net_income": -12840,
            "revenue": 480358,
            "common_shares": 1083425,
            "book_valuer_per_share": 13.29,
            "book_valuer_per_share_4q_avg": 13.45,
            "equity": 1439943,
            "current_ratio": 121.27,
            "debt_ratio": 44.64,
            "inventory_turnover_ratio": 1.65,
            "account_receivable_turnover_ratio": 1.56,
            "reinvestment_rate": 120.73,
            "research_to_sale_ratio": null,
            "price_fair": 95.2,
            "eps_avg_yearly": 2.72,
            "eps_latest_yearly": 2.32,
            "eps_growth_yearly": 265.14
        },
        "20133": {
            "year_quarter": 20133,
            "year": 2013,
            "quarter": 3,
            "eps": 0.02,
            "eps_growth_year": -95.74,
            "eps_4q": 1.71,
            "eps_4q_growth_year": 68.12,
            "roe": 0.18,
            "roe_4q": 12.8,
            "gross_profit": 196890,
            "gross_margin": 30.12,
            "gross_margin_4q_avg": 28.82,
            "net_income": 2682,
            "revenue": 653643,
            "common_shares": 1083425,
            "book_valuer_per_share": 13.68,
            "book_valuer_per_share_4q_avg": 13.67,
            "equity": 1482234,
            "current_ratio": 132.12,
            "debt_ratio": 44.92,
            "inventory_turnover_ratio": 2.2,
            "account_receivable_turnover_ratio": 2.54,
            "reinvestment_rate": 115.17,
            "research_to_sale_ratio": null,
            "price_fair": 95.2,
            "eps_avg_yearly": 2.72,
            "eps_latest_yearly": 2.32,
            "eps_growth_yearly": 265.14
        },
        "20134": {
            "year_quarter": 20134,
            "year": 2013,
            "quarter": 4,
            "eps": 0.77,
            "eps_growth_year": -37.09,
            "eps_4q": 1.26,
            "eps_4q_growth_year": -1.99,
            "roe": 5.5,
            "roe_4q": 9.01,
            "gross_profit": 273535,
            "gross_margin": 33.16,
            "gross_margin_4q_avg": 28.5,
            "net_income": 83481,
            "revenue": 824813,
            "common_shares": 1083425,
            "book_valuer_per_share": 14.36,
            "book_valuer_per_share_4q_avg": 13.86,
            "equity": 1555431,
            "current_ratio": 124.57,
            "debt_ratio": 46.35,
            "inventory_turnover_ratio": 2.22,
            "account_receivable_turnover_ratio": 2.17,
            "reinvestment_rate": 75.94,
            "research_to_sale_ratio": null,
            "price_fair": 93.18,
            "eps_avg_yearly": 2.66,
            "eps_latest_yearly": 3.08,
            "eps_growth_yearly": 1900.78
        },
        "20141": {
            "year_quarter": 20141,
            "year": 2014,
            "quarter": 1,
            "eps": 0.21,
            "eps_growth_year": -63.79,
            "eps_4q": 0.89,
            "eps_4q_growth_year": -53.16,
            "roe": 1.34,
            "roe_4q": 6.159999999999999,
            "gross_profit": 167747,
            "gross_margin": 25.34,
            "gross_margin_4q_avg": 27.49,
            "net_income": 23243,
            "revenue": 661979,
            "common_shares": 1083425,
            "book_valuer_per_share": 17.64,
            "book_valuer_per_share_4q_avg": 14.74,
            "equity": 1911473,
            "current_ratio": 120.18,
            "debt_ratio": 39.81,
            "inventory_turnover_ratio": 1.91,
            "account_receivable_turnover_ratio": 1.58,
            "reinvestment_rate": 177.9,
            "research_to_sale_ratio": null,
            "price_fair": 80.73,
            "eps_avg_yearly": 2.31,
            "eps_latest_yearly": 0.84,
            "eps_growth_yearly": 1863.02
        },
        "20142": {
            "year_quarter": 20142,
            "year": 2014,
            "quarter": 2,
            "eps": 0.87,
            "eps_growth_year": null,
            "eps_4q": 1.88,
            "eps_4q_growth_year": -12.92,
            "roe": 4.87,
            "roe_4q": 11.89,
            "gross_profit": 100598,
            "gross_margin": 21.4,
            "gross_margin_4q_avg": 27.51,
            "net_income": 93940,
            "revenue": 470184,
            "common_shares": 1083425,
            "book_valuer_per_share": 17.96,
            "book_valuer_per_share_4q_avg": 15.91,
            "equity": 1946329,
            "current_ratio": 133.48,
            "debt_ratio": 38.88,
            "inventory_turnover_ratio": 1.5,
            "account_receivable_turnover_ratio": 1.47,
            "reinvestment_rate": 129.9,
            "research_to_sale_ratio": null,
            "price_fair": 84.84,
            "eps_avg_yearly": 2.42,
            "eps_latest_yearly": 3.48,
            "eps_growth_yearly": 1802.43
        },
        "20143": {
            "year_quarter": 20143,
            "year": 2014,
            "quarter": 3,
            "eps": 0.11,
            "eps_growth_year": 450,
            "eps_4q": 1.96,
            "eps_4q_growth_year": 14.42,
            "roe": 0.6,
            "roe_4q": 12.309999999999999,
            "gross_profit": 161799,
            "gross_margin": 26.03,
            "gross_margin_4q_avg": 26.48,
            "net_income": 11461,
            "revenue": 621504,
            "common_shares": 1083425,
            "book_valuer_per_share": 17.42,
            "book_valuer_per_share_4q_avg": 16.85,
            "equity": 1887332,
            "current_ratio": 170.56,
            "debt_ratio": 38.81,
            "inventory_turnover_ratio": 1.93,
            "account_receivable_turnover_ratio": 2.27,
            "reinvestment_rate": 114.88,
            "research_to_sale_ratio": null,
            "price_fair": 78.53,
            "eps_avg_yearly": 2.24,
            "eps_latest_yearly": 0.44,
            "eps_growth_yearly": 1606.81
        },
        "20144": {
            "year_quarter": 20144,
            "year": 2014,
            "quarter": 4,
            "eps": 0.36,
            "eps_growth_year": -53.5,
            "eps_4q": 1.55,
            "eps_4q_growth_year": 22.98,
            "roe": 2.08,
            "roe_4q": 8.89,
            "gross_profit": 204465,
            "gross_margin": 33.09,
            "gross_margin_4q_avg": 26.47,
            "net_income": 38820,
            "revenue": 617946,
            "common_shares": 1083425,
            "book_valuer_per_share": 17.06,
            "book_valuer_per_share_4q_avg": 17.52,
            "equity": 1848397,
            "current_ratio": 133.43,
            "debt_ratio": 41.92,
            "inventory_turnover_ratio": 1.6,
            "account_receivable_turnover_ratio": 1.94,
            "reinvestment_rate": 111.72,
            "research_to_sale_ratio": null,
            "price_fair": 76.24,
            "eps_avg_yearly": 2.18,
            "eps_latest_yearly": 1.44,
            "eps_growth_yearly": 1675.47
        },
        "20151": {
            "year_quarter": 20151,
            "year": 2015,
            "quarter": 1,
            "eps": 0.67,
            "eps_growth_year": 219.05,
            "eps_4q": 2.01,
            "eps_4q_growth_year": 125.01,
            "roe": 3.91,
            "roe_4q": 11.46,
            "gross_profit": 213041,
            "gross_margin": 30.18,
            "gross_margin_4q_avg": 27.68,
            "net_income": 73060,
            "revenue": 705960,
            "common_shares": 1083425,
            "book_valuer_per_share": 17.44,
            "book_valuer_per_share_4q_avg": 17.47,
            "equity": 1889495,
            "current_ratio": 138.48,
            "debt_ratio": 39.15,
            "inventory_turnover_ratio": 1.82,
            "account_receivable_turnover_ratio": 1.89,
            "reinvestment_rate": 79.49,
            "research_to_sale_ratio": null,
            "price_fair": 78.91,
            "eps_avg_yearly": 2.25,
            "eps_latest_yearly": 2.68,
            "eps_growth_yearly": 1712.17
        },
        "20152": {
            "year_quarter": 20152,
            "year": 2015,
            "quarter": 2,
            "eps": -0.23,
            "eps_growth_year": -126.44,
            "eps_4q": 0.91,
            "eps_4q_growth_year": -51.65,
            "roe": -1.43,
            "roe_4q": 5.16,
            "gross_profit": 81835,
            "gross_margin": 19.82,
            "gross_margin_4q_avg": 27.28,
            "net_income": -25026,
            "revenue": 412806,
            "common_shares": 1083425,
            "book_valuer_per_share": 14.89,
            "book_valuer_per_share_4q_avg": 16.7,
            "equity": 1613435,
            "current_ratio": 113,
            "debt_ratio": 42.57,
            "inventory_turnover_ratio": 1.38,
            "account_receivable_turnover_ratio": 1.4,
            "reinvestment_rate": 52.84,
            "research_to_sale_ratio": null,
            "price_fair": 85.26,
            "eps_avg_yearly": 2.44,
            "eps_latest_yearly": 2.68,
            "eps_growth_yearly": 1913.82
        },
        "20153": {
            "year_quarter": 20153,
            "year": 2015,
            "quarter": 3,
            "eps": 0.09,
            "eps_growth_year": -18.18,
            "eps_4q": 0.89,
            "eps_4q_growth_year": -54.34,
            "roe": 0.61,
            "roe_4q": 5.17,
            "gross_profit": 155142,
            "gross_margin": 27.33,
            "gross_margin_4q_avg": 27.61,
            "net_income": 10008,
            "revenue": 567593,
            "common_shares": 1083425,
            "book_valuer_per_share": 15.27,
            "book_valuer_per_share_4q_avg": 16.17,
            "equity": 1654678,
            "current_ratio": 144.8,
            "debt_ratio": 45.25,
            "inventory_turnover_ratio": 1.9,
            "account_receivable_turnover_ratio": 2.07,
            "reinvestment_rate": 37.35,
            "research_to_sale_ratio": null,
            "price_fair": 91,
            "eps_avg_yearly": 2.6,
            "eps_latest_yearly": 2.68,
            "eps_growth_yearly": 2073.94
        },
        "20154": {
            "year_quarter": 20154,
            "year": 2015,
            "quarter": 4,
            "eps": 0.4,
            "eps_growth_year": 12.77,
            "eps_4q": 0.94,
            "eps_4q_growth_year": -39.2,
            "roe": 2.44,
            "roe_4q": 5.53,
            "gross_profit": 224360,
            "gross_margin": 35.57,
            "gross_margin_4q_avg": 28.23,
            "net_income": 43776,
            "revenue": 630711,
            "common_shares": 1083425,
            "book_valuer_per_share": 17.89,
            "book_valuer_per_share_4q_avg": 16.37,
            "equity": 1938486,
            "current_ratio": 126.25,
            "debt_ratio": 43.22,
            "inventory_turnover_ratio": 1.58,
            "account_receivable_turnover_ratio": 1.71,
            "reinvestment_rate": 75.55,
            "research_to_sale_ratio": null,
            "price_fair": 80.73,
            "eps_avg_yearly": 2.31,
            "eps_latest_yearly": 1.6,
            "eps_growth_yearly": 2075.18
        },
        "20161": {
            "year_quarter": 20161,
            "year": 2016,
            "quarter": 1,
            "eps": 0.3,
            "eps_growth_year": -55.22,
            "eps_4q": 0.57,
            "eps_4q_growth_year": -71.8,
            "roe": 1.68,
            "roe_4q": 3.3000000000000007,
            "gross_profit": 154508,
            "gross_margin": 25.56,
            "gross_margin_4q_avg": 27.07,
            "net_income": 32507,
            "revenue": 604459,
            "common_shares": 1083425,
            "book_valuer_per_share": 17.79,
            "book_valuer_per_share_4q_avg": 16.46,
            "equity": 1927205,
            "current_ratio": 135.78,
            "debt_ratio": 41.01,
            "inventory_turnover_ratio": 1.68,
            "account_receivable_turnover_ratio": 1.6,
            "reinvestment_rate": 41.78,
            "research_to_sale_ratio": null,
            "price_fair": 76.86,
            "eps_avg_yearly": 2.2,
            "eps_latest_yearly": 1.2,
            "eps_growth_yearly": 1857.66
        },
        "20162": {
            "year_quarter": 20162,
            "year": 2016,
            "quarter": 2,
            "eps": -0.37,
            "eps_growth_year": null,
            "eps_4q": 0.42,
            "eps_4q_growth_year": -53.45,
            "roe": -2.13,
            "roe_4q": 2.6,
            "gross_profit": 67134,
            "gross_margin": 19.36,
            "gross_margin_4q_avg": 26.96,
            "net_income": -40525,
            "revenue": 346699,
            "common_shares": 1083425,
            "book_valuer_per_share": 17.33,
            "book_valuer_per_share_4q_avg": 17.07,
            "equity": 1877125,
            "current_ratio": 93.12,
            "debt_ratio": 38.43,
            "inventory_turnover_ratio": 1.33,
            "account_receivable_turnover_ratio": 1.19,
            "reinvestment_rate": 62.36,
            "research_to_sale_ratio": null,
            "price_fair": 76.86,
            "eps_avg_yearly": 2.2,
            "eps_latest_yearly": 1.2,
            "eps_growth_yearly": 1857.66
        },
        "20163": {
            "year_quarter": 20163,
            "year": 2016,
            "quarter": 3,
            "eps": 0.15,
            "eps_growth_year": 66.67,
            "eps_4q": 0.48,
            "eps_4q_growth_year": -46.1,
            "roe": 0.88,
            "roe_4q": 2.87,
            "gross_profit": 142012,
            "gross_margin": 27.14,
            "gross_margin_4q_avg": 26.91,
            "net_income": 16447,
            "revenue": 523223,
            "common_shares": 1083425,
            "book_valuer_per_share": 17.23,
            "book_valuer_per_share_4q_avg": 17.56,
            "equity": 1867260,
            "current_ratio": 112.84,
            "debt_ratio": 40.85,
            "inventory_turnover_ratio": 1.83,
            "account_receivable_turnover_ratio": 2.05,
            "reinvestment_rate": 64.14,
            "research_to_sale_ratio": null,
            "price_fair": 76.86,
            "eps_avg_yearly": 2.2,
            "eps_latest_yearly": 1.2,
            "eps_growth_yearly": 1857.66
        },
        "20164": {
            "year_quarter": 20164,
            "year": 2016,
            "quarter": 4,
            "eps": 0.61,
            "eps_growth_year": 52.02,
            "eps_4q": 0.69,
            "eps_4q_growth_year": -26.36,
            "roe": 3.6,
            "roe_4q": 4.03,
            "gross_profit": 214153,
            "gross_margin": 32.68,
            "gross_margin_4q_avg": 26.19,
            "net_income": 66549,
            "revenue": 655339,
            "common_shares": 1083425,
            "book_valuer_per_share": 16.93,
            "book_valuer_per_share_4q_avg": 17.32,
            "equity": 1834109,
            "current_ratio": 164.4,
            "debt_ratio": 41.89,
            "inventory_turnover_ratio": 1.73,
            "account_receivable_turnover_ratio": 1.77,
            "reinvestment_rate": 46.64,
            "research_to_sale_ratio": null,
            "price_fair": 68.32,
            "eps_avg_yearly": 1.95,
            "eps_latest_yearly": 2.44,
            "eps_growth_yearly": 1916.5
        },
        "20171": {
            "year_quarter": 20171,
            "year": 2017,
            "quarter": 1,
            "eps": 0.07,
            "eps_growth_year": -76.67,
            "eps_4q": 0.33,
            "eps_4q_growth_year": -42.41,
            "roe": -0.39,
            "roe_4q": 1.96,
            "gross_profit": 97334,
            "gross_margin": 21.74,
            "gross_margin_4q_avg": 25.23,
            "net_income": -7191,
            "revenue": 447766,
            "common_shares": 1083425,
            "book_valuer_per_share": 16.76,
            "book_valuer_per_share_4q_avg": 17.06,
            "equity": 1815405,
            "current_ratio": 176.45,
            "debt_ratio": 37.02,
            "inventory_turnover_ratio": 1.32,
            "account_receivable_turnover_ratio": 1.3,
            "reinvestment_rate": 87.94,
            "research_to_sale_ratio": null,
            "price_fair": 61.18,
            "eps_avg_yearly": 1.75,
            "eps_latest_yearly": 0.28,
            "eps_growth_yearly": 1902.07
        },
        "20172": {
            "year_quarter": 20172,
            "year": 2017,
            "quarter": 2,
            "eps": -0.31,
            "eps_growth_year": null,
            "eps_4q": 0.39,
            "eps_4q_growth_year": -6.99,
            "roe": -1.88,
            "roe_4q": 2.21,
            "gross_profit": 64380,
            "gross_margin": 18.82,
            "gross_margin_4q_avg": 25.1,
            "net_income": -33240,
            "revenue": 342074,
            "common_shares": 1083425,
            "book_valuer_per_share": 15.95,
            "book_valuer_per_share_4q_avg": 16.72,
            "equity": 1727960,
            "current_ratio": 138.38,
            "debt_ratio": 37.16,
            "inventory_turnover_ratio": 1.18,
            "account_receivable_turnover_ratio": 1.6,
            "reinvestment_rate": 82.51,
            "research_to_sale_ratio": null,
            "price_fair": 61.18,
            "eps_avg_yearly": 1.75,
            "eps_latest_yearly": 0.28,
            "eps_growth_yearly": 1902.07
        },
        "20173": {
            "year_quarter": 20173,
            "year": 2017,
            "quarter": 3,
            "eps": 0.13,
            "eps_growth_year": -13.33,
            "eps_4q": 0.37,
            "eps_4q_growth_year": -22.61,
            "roe": 0.82,
            "roe_4q": 2.15,
            "gross_profit": 141388,
            "gross_margin": 28.25,
            "gross_margin_4q_avg": 25.37,
            "net_income": 14282,
            "revenue": 500555,
            "common_shares": 1083425,
            "book_valuer_per_share": 16.04,
            "book_valuer_per_share_4q_avg": 16.42,
            "equity": 1737667,
            "current_ratio": 185.71,
            "debt_ratio": 39.9,
            "inventory_turnover_ratio": 1.47,
            "account_receivable_turnover_ratio": 2.06,
            "reinvestment_rate": 75.28,
            "research_to_sale_ratio": null,
            "price_fair": 61.18,
            "eps_avg_yearly": 1.75,
            "eps_latest_yearly": 0.28,
            "eps_growth_yearly": 1902.07
        },
        "20174": {
            "year_quarter": 20174,
            "year": 2017,
            "quarter": 4,
            "eps": 0.29,
            "eps_growth_year": -53.09,
            "eps_4q": 0.05,
            "eps_4q_growth_year": -93.24,
            "roe": 1.79,
            "roe_4q": 0.33999999999999997,
            "gross_profit": 199642,
            "gross_margin": 33.92,
            "gross_margin_4q_avg": 25.68,
            "net_income": 31216,
            "revenue": 588578,
            "common_shares": 1083425,
            "book_valuer_per_share": 16.23,
            "book_valuer_per_share_4q_avg": 16.25,
            "equity": 1758224,
            "current_ratio": 173.66,
            "debt_ratio": 40.06,
            "inventory_turnover_ratio": 1.36,
            "account_receivable_turnover_ratio": 1.69,
            "reinvestment_rate": 81.92,
            "research_to_sale_ratio": null,
            "price_fair": 54.46,
            "eps_avg_yearly": 1.56,
            "eps_latest_yearly": 1.16,
            "eps_growth_yearly": 451.3
        },
        "20181": {
            "year_quarter": 20181,
            "year": 2018,
            "quarter": 1,
            "eps": 0.31,
            "eps_growth_year": 342.86,
            "eps_4q": 0.42,
            "eps_4q_growth_year": 29.99,
            "roe": 1.85,
            "roe_4q": 2.58,
            "gross_profit": 161160,
            "gross_margin": 28.2,
            "gross_margin_4q_avg": 27.3,
            "net_income": 33602,
            "revenue": 571543,
            "common_shares": 1083425,
            "book_valuer_per_share": 17.26,
            "book_valuer_per_share_4q_avg": 16.37,
            "equity": 1870263,
            "current_ratio": 219.73,
            "debt_ratio": 34.9,
            "inventory_turnover_ratio": 1.45,
            "account_receivable_turnover_ratio": 1.48,
            "reinvestment_rate": -133.46,
            "research_to_sale_ratio": null,
            "price_fair": 55.86,
            "eps_avg_yearly": 1.6,
            "eps_latest_yearly": 1.24,
            "eps_growth_yearly": 483.15
        },
        "20182": {
            "year_quarter": 20182,
            "year": 2018,
            "quarter": 2,
            "eps": -0.47,
            "eps_growth_year": null,
            "eps_4q": 0.26,
            "eps_4q_growth_year": -34.11,
            "roe": -2.74,
            "roe_4q": 1.7199999999999998,
            "gross_profit": 58193,
            "gross_margin": 17.78,
            "gross_margin_4q_avg": 27.04,
            "net_income": -51056,
            "revenue": 327364,
            "common_shares": 1083425,
            "book_valuer_per_share": 17.14,
            "book_valuer_per_share_4q_avg": 16.67,
            "equity": 1856932,
            "current_ratio": 189.58,
            "debt_ratio": 31.45,
            "inventory_turnover_ratio": 1.04,
            "account_receivable_turnover_ratio": 1.06,
            "reinvestment_rate": -262.5,
            "research_to_sale_ratio": null,
            "price_fair": 48.53,
            "eps_avg_yearly": 1.39,
            "eps_latest_yearly": 1.24,
            "eps_growth_yearly": 397.15
        },
        "20183": {
            "year_quarter": 20183,
            "year": 2018,
            "quarter": 3,
            "eps": -0.17,
            "eps_growth_year": -230.77,
            "eps_4q": -0.05,
            "eps_4q_growth_year": -112.26,
            "roe": -1.02,
            "roe_4q": -0.1200000000000001,
            "gross_profit": 119173,
            "gross_margin": 23.28,
            "gross_margin_4q_avg": 25.8,
            "net_income": -18716,
            "revenue": 511808,
            "common_shares": 1083425,
            "book_valuer_per_share": 16.59,
            "book_valuer_per_share_4q_avg": 16.81,
            "equity": 1797338,
            "current_ratio": 155.28,
            "debt_ratio": 32.44,
            "inventory_turnover_ratio": 1.68,
            "account_receivable_turnover_ratio": 1.93,
            "reinvestment_rate": -292.95,
            "research_to_sale_ratio": null,
            "price_fair": 52.68,
            "eps_avg_yearly": 1.51,
            "eps_latest_yearly": 1.24,
            "eps_growth_yearly": 490.47
        },
        "20184": {
            "year_quarter": 20184,
            "year": 2018,
            "quarter": 4,
            "eps": 0.46,
            "eps_growth_year": 58.37,
            "eps_4q": 0.12,
            "eps_4q_growth_year": 161.83,
            "roe": 2.72,
            "roe_4q": 0.81,
            "gross_profit": 188371,
            "gross_margin": 33.53,
            "gross_margin_4q_avg": 25.7,
            "net_income": 49437,
            "revenue": 561877,
            "common_shares": 1083425,
            "book_valuer_per_share": 16.93,
            "book_valuer_per_share_4q_avg": 16.98,
            "equity": 1834005,
            "current_ratio": 131.87,
            "debt_ratio": 34.32,
            "inventory_turnover_ratio": 1.59,
            "account_receivable_turnover_ratio": 1.57,
            "reinvestment_rate": -279.34,
            "research_to_sale_ratio": null,
            "price_fair": 53,
            "eps_avg_yearly": 1.51,
            "eps_latest_yearly": 1.24,
            "eps_growth_yearly": 430.67
        },
        "20191": {
            "year_quarter": 20191,
            "year": 2019,
            "quarter": 1,
            "eps": 0.08,
            "eps_growth_year": -74.19,
            "eps_4q": -0.11,
            "eps_4q_growth_year": -125.51,
            "roe": 0.47,
            "roe_4q": -0.5699999999999998,
            "gross_profit": 123815,
            "gross_margin": 24.77,
            "gross_margin_4q_avg": 24.84,
            "net_income": 8634,
            "revenue": 499948,
            "common_shares": 1083425,
            "book_valuer_per_share": 16.77,
            "book_valuer_per_share_4q_avg": 16.86,
            "equity": 1816567,
            "current_ratio": 204.95,
            "debt_ratio": 31.83,
            "inventory_turnover_ratio": 1.59,
            "account_receivable_turnover_ratio": 1.34,
            "reinvestment_rate": -399.61,
            "research_to_sale_ratio": null,
            "price_fair": 41.2,
            "eps_avg_yearly": 1.18,
            "eps_latest_yearly": 0.32,
            "eps_growth_yearly": 334.26
        },
        "20192": {
            "year_quarter": 20192,
            "year": 2019,
            "quarter": 2,
            "eps": -0.48,
            "eps_growth_year": null,
            "eps_4q": -0.12,
            "eps_4q_growth_year": -145.91,
            "roe": -3.02,
            "roe_4q": -0.8499999999999996,
            "gross_profit": 62488,
            "gross_margin": 19.47,
            "gross_margin_4q_avg": 25.26,
            "net_income": -52229,
            "revenue": 320873,
            "common_shares": 1083425,
            "book_valuer_per_share": 15.14,
            "book_valuer_per_share_4q_avg": 16.36,
            "equity": 1640338,
            "current_ratio": 142.85,
            "debt_ratio": 33.36,
            "inventory_turnover_ratio": 1.27,
            "account_receivable_turnover_ratio": 1.14,
            "reinvestment_rate": -448.18,
            "research_to_sale_ratio": null,
            "price_fair": 41.2,
            "eps_avg_yearly": 1.18,
            "eps_latest_yearly": 0.32,
            "eps_growth_yearly": 334.26
        },
        "20193": {
            "year_quarter": 20193,
            "year": 2019,
            "quarter": 3,
            "eps": 0.1,
            "eps_growth_year": null,
            "eps_4q": 0.16,
            "eps_4q_growth_year": null,
            "roe": 0.68,
            "roe_4q": 0.8500000000000003,
            "gross_profit": 138702,
            "gross_margin": 30.29,
            "gross_margin_4q_avg": 27.02,
            "net_income": 11152,
            "revenue": 457846,
            "common_shares": 1083425,
            "book_valuer_per_share": 15.08,
            "book_valuer_per_share_4q_avg": 15.98,
            "equity": 1634020,
            "current_ratio": 142.25,
            "debt_ratio": 35.03,
            "inventory_turnover_ratio": 1.52,
            "account_receivable_turnover_ratio": 1.68,
            "reinvestment_rate": -497.32,
            "research_to_sale_ratio": null,
            "price_fair": 41.2,
            "eps_avg_yearly": 1.18,
            "eps_latest_yearly": 0.32,
            "eps_growth_yearly": 334.26
        },
        "20194": {
            "year_quarter": 20194,
            "year": 2019,
            "quarter": 4,
            "eps": 0.45,
            "eps_growth_year": -2.46,
            "eps_4q": 0.15,
            "eps_4q_growth_year": 18.93,
            "roe": 2.91,
            "roe_4q": 1.0400000000000003,
            "gross_profit": 177566,
            "gross_margin": 30.3,
            "gross_margin_4q_avg": 26.21,
            "net_income": 48222,
            "revenue": 585996,
            "common_shares": 1083425,
            "book_valuer_per_share": 15.55,
            "book_valuer_per_share_4q_avg": 15.64,
            "equity": 1684512,
            "current_ratio": 144.97,
            "debt_ratio": 38.43,
            "inventory_turnover_ratio": 1.83,
            "account_receivable_turnover_ratio": 1.44,
            "reinvestment_rate": -717.19,
            "research_to_sale_ratio": null,
            "price_fair": 42.2,
            "eps_avg_yearly": 1.21,
            "eps_latest_yearly": 1.8,
            "eps_growth_yearly": 337.43
        },
        "20201": {
            "year_quarter": 20201,
            "year": 2020,
            "quarter": 1,
            "eps": 0.13,
            "eps_growth_year": 62.5,
            "eps_4q": 0.19,
            "eps_4q_growth_year": null,
            "roe": 0.86,
            "roe_4q": 1.4300000000000002,
            "gross_profit": 127148,
            "gross_margin": 29.07,
            "gross_margin_4q_avg": 27.28,
            "net_income": 13924,
            "revenue": 437389,
            "common_shares": 1083425,
            "book_valuer_per_share": 14.43,
            "book_valuer_per_share_4q_avg": 15.05,
            "equity": 1563112,
            "current_ratio": 159.55,
            "debt_ratio": 37.36,
            "inventory_turnover_ratio": 1.43,
            "account_receivable_turnover_ratio": 1.01,
            "reinvestment_rate": -838.12,
            "research_to_sale_ratio": null,
            "price_fair": 38.8,
            "eps_avg_yearly": 1.11,
            "eps_latest_yearly": 0.52,
            "eps_growth_yearly": 311.08
        },
        "20202": {
            "year_quarter": 20202,
            "year": 2020,
            "quarter": 2,
            "eps": -0.49,
            "eps_growth_year": null,
            "eps_4q": 0.19,
            "eps_4q_growth_year": null,
            "roe": -3.32,
            "roe_4q": 1.1300000000000003,
            "gross_profit": 46222,
            "gross_margin": 18.51,
            "gross_margin_4q_avg": 27.04,
            "net_income": -52993,
            "revenue": 249675,
            "common_shares": 1083425,
            "book_valuer_per_share": 15.04,
            "book_valuer_per_share_4q_avg": 15.03,
            "equity": 1629689,
            "current_ratio": 138.31,
            "debt_ratio": 36.31,
            "inventory_turnover_ratio": 0.96,
            "account_receivable_turnover_ratio": 0.85,
            "reinvestment_rate": -1076.66,
            "research_to_sale_ratio": null,
            "price_fair": 38.8,
            "eps_avg_yearly": 1.11,
            "eps_latest_yearly": 0.52,
            "eps_growth_yearly": 311.08
        },
        "20203": {
            "year_quarter": 20203,
            "year": 2020,
            "quarter": 3,
            "eps": 0.22,
            "eps_growth_year": 120,
            "eps_4q": 0.3,
            "eps_4q_growth_year": 94.16,
            "roe": 1.47,
            "roe_4q": 1.9200000000000004,
            "gross_profit": 138351,
            "gross_margin": 29.9,
            "gross_margin_4q_avg": 26.95,
            "net_income": 23842,
            "revenue": 462745,
            "common_shares": 1083425,
            "book_valuer_per_share": 14.91,
            "book_valuer_per_share_4q_avg": 14.98,
            "equity": 1615739,
            "current_ratio": 138.97,
            "debt_ratio": 39.44,
            "inventory_turnover_ratio": 1.43,
            "account_receivable_turnover_ratio": 1.92,
            "reinvestment_rate": -1010.61,
            "research_to_sale_ratio": 0.48,
            "price_fair": 38.8,
            "eps_avg_yearly": 1.11,
            "eps_latest_yearly": 0.52,
            "eps_growth_yearly": 311.08
        },
        "20204": {
            "year_quarter": 20204,
            "year": 2020,
            "quarter": 4,
            "eps": 0.14,
            "eps_growth_year": -68.05,
            "eps_4q": 0,
            "eps_4q_growth_year": -98.86,
            "roe": 0.96,
            "roe_4q": -0.030000000000000138,
            "gross_profit": 156655,
            "gross_margin": 32.14,
            "gross_margin_4q_avg": 27.41,
            "net_income": 15407,
            "revenue": 487471,
            "common_shares": 1083425,
            "book_valuer_per_share": 14.84,
            "book_valuer_per_share_4q_avg": 14.81,
            "equity": 1607981,
            "current_ratio": 127.18,
            "debt_ratio": 41.84,
            "inventory_turnover_ratio": 1.26,
            "account_receivable_turnover_ratio": 1.64,
            "reinvestment_rate": -2186.06,
            "research_to_sale_ratio": 0.73,
            "price_fair": 29.4,
            "eps_avg_yearly": 0.84,
            "eps_latest_yearly": 0.56,
            "eps_growth_yearly": 115.07
        },
        "20211": {
            "year_quarter": 20211,
            "year": 2021,
            "quarter": 1,
            "eps": 0.57,
            "eps_growth_year": 338.46,
            "eps_4q": 0.44,
            "eps_4q_growth_year": 125.58,
            "roe": 3.75,
            "roe_4q": 2.86,
            "gross_profit": 171992,
            "gross_margin": 31.81,
            "gross_margin_4q_avg": 28.09,
            "net_income": 61272,
            "revenue": 540610,
            "common_shares": 1083425,
            "book_valuer_per_share": 15.29,
            "book_valuer_per_share_4q_avg": 15.02,
            "equity": 1656860,
            "current_ratio": 141.72,
            "debt_ratio": 37.91,
            "inventory_turnover_ratio": 1.41,
            "account_receivable_turnover_ratio": 1.76,
            "reinvestment_rate": -700.95,
            "research_to_sale_ratio": 0.59,
            "price_fair": 39.4,
            "eps_avg_yearly": 1.13,
            "eps_latest_yearly": 2.28,
            "eps_growth_yearly": 341.16
        },
        "20212": {
            "year_quarter": 20212,
            "year": 2021,
            "quarter": 2,
            "eps": -0.68,
            "eps_growth_year": null,
            "eps_4q": 0.25,
            "eps_4q_growth_year": 32.25,
            "roe": -4.59,
            "roe_4q": 1.59,
            "gross_profit": 42916,
            "gross_margin": 15.21,
            "gross_margin_4q_avg": 27.27,
            "net_income": -73667,
            "revenue": 282125,
            "common_shares": 1083425,
            "book_valuer_per_share": 14.34,
            "book_valuer_per_share_4q_avg": 14.85,
            "equity": 1553598,
            "current_ratio": 131.85,
            "debt_ratio": 39.62,
            "inventory_turnover_ratio": 1.04,
            "account_receivable_turnover_ratio": 1.1,
            "reinvestment_rate": -1213.21,
            "research_to_sale_ratio": 1.43,
            "price_fair": 39.4,
            "eps_avg_yearly": 1.13,
            "eps_latest_yearly": 2.28,
            "eps_growth_yearly": 341.16
        },
        "20213": {
            "year_quarter": 20213,
            "year": 2021,
            "quarter": 3,
            "eps": -0.12,
            "eps_growth_year": -154.55,
            "eps_4q": -0.1,
            "eps_4q_growth_year": -131.54,
            "roe": -0.87,
            "roe_4q": -0.75,
            "gross_profit": 95687,
            "gross_margin": 23.71,
            "gross_margin_4q_avg": 25.72,
            "net_income": -13419,
            "revenue": 403610,
            "common_shares": 1083425,
            "book_valuer_per_share": 14.26,
            "book_valuer_per_share_4q_avg": 14.68,
            "equity": 1545421,
            "current_ratio": 131.46,
            "debt_ratio": 40.45,
            "inventory_turnover_ratio": 1.34,
            "account_receivable_turnover_ratio": 1.87,
            "reinvestment_rate": -1957,
            "research_to_sale_ratio": 0.86,
            "price_fair": 39.4,
            "eps_avg_yearly": 1.13,
            "eps_latest_yearly": 2.28,
            "eps_growth_yearly": 341.16
        },
        "20214": {
            "year_quarter": 20214,
            "year": 2021,
            "quarter": 4,
            "eps": -0.01,
            "eps_growth_year": -110.02,
            "eps_4q": -0.25,
            "eps_4q_growth_year": -15301.99,
            "roe": -0.08,
            "roe_4q": -1.79,
            "gross_profit": 141696,
            "gross_margin": 26.8,
            "gross_margin_4q_avg": 24.38,
            "net_income": -1543,
            "revenue": 528770,
            "common_shares": 1083425,
            "book_valuer_per_share": 19.65,
            "book_valuer_per_share_4q_avg": 15.89,
            "equity": 2128491,
            "current_ratio": 122.45,
            "debt_ratio": 38.42,
            "inventory_turnover_ratio": 1.61,
            "account_receivable_turnover_ratio": 1.78,
            "reinvestment_rate": -36920.65,
            "research_to_sale_ratio": 0.83,
            "price_fair": 39.2,
            "eps_avg_yearly": 1.12,
            "eps_latest_yearly": 2.28,
            "eps_growth_yearly": 315.97
        },
        "20221": {
            "year_quarter": 20221,
            "year": 2022,
            "quarter": 1,
            "eps": 3.89,
            "eps_growth_year": 582.46,
            "eps_4q": 3.08,
            "eps_4q_growth_year": 601.24,
            "roe": 18.04,
            "roe_4q": 12.5,
            "gross_profit": 149285,
            "gross_margin": 27.41,
            "gross_margin_4q_avg": 23.28,
            "net_income": 421913,
            "revenue": 544699,
            "common_shares": 1083425,
            "book_valuer_per_share": 23.52,
            "book_valuer_per_share_4q_avg": 17.94,
            "equity": 2548737,
            "current_ratio": 138.45,
            "debt_ratio": 37.74,
            "inventory_turnover_ratio": 1.74,
            "account_receivable_turnover_ratio": 1.57,
            "reinvestment_rate": 29.02,
            "research_to_sale_ratio": 0.82,
            "price_fair": 38.36,
            "eps_avg_yearly": 1.1,
            "eps_latest_yearly": 2.28,
            "eps_growth_yearly": 373.65
        },
        "20222": {
            "year_quarter": 20222,
            "year": 2022,
            "quarter": 2,
            "eps": -0.34,
            "eps_growth_year": null,
            "eps_4q": 3.42,
            "eps_4q_growth_year": 1279.02,
            "roe": -1.32,
            "roe_4q": 15.770000000000001,
            "gross_profit": 81991,
            "gross_margin": 21.36,
            "gross_margin_4q_avg": 24.82,
            "net_income": -36628,
            "revenue": 383860,
            "common_shares": 1083425,
            "book_valuer_per_share": 27.63,
            "book_valuer_per_share_4q_avg": 21.27,
            "equity": 2993726,
            "current_ratio": 107.12,
            "debt_ratio": 25.37,
            "inventory_turnover_ratio": 1.32,
            "account_receivable_turnover_ratio": 1.4,
            "reinvestment_rate": 32.09,
            "research_to_sale_ratio": 1.38,
            "price_fair": 38.36,
            "eps_avg_yearly": 1.1,
            "eps_latest_yearly": 2.28,
            "eps_growth_yearly": 373.65
        },
        "20223": {
            "year_quarter": 20223,
            "year": 2022,
            "quarter": 3,
            "eps": 0.14,
            "eps_growth_year": null,
            "eps_4q": 3.68,
            "eps_4q_growth_year": null,
            "roe": 0.5,
            "roe_4q": 17.14,
            "gross_profit": 143682,
            "gross_margin": 26.98,
            "gross_margin_4q_avg": 25.64,
            "net_income": 14922,
            "revenue": 532572,
            "common_shares": 1083425,
            "book_valuer_per_share": 27.08,
            "book_valuer_per_share_4q_avg": 24.47,
            "equity": 2933462,
            "current_ratio": 127.38,
            "debt_ratio": 25.74,
            "inventory_turnover_ratio": 1.55,
            "account_receivable_turnover_ratio": 2.09,
            "reinvestment_rate": 38.69,
            "research_to_sale_ratio": 0.81,
            "price_fair": 38.36,
            "eps_avg_yearly": 1.1,
            "eps_latest_yearly": 2.28,
            "eps_growth_yearly": 373.65
        },
        "20224": {
            "year_quarter": 20224,
            "year": 2022,
            "quarter": 4,
            "eps": 0.22,
            "eps_growth_year": null,
            "eps_4q": 3.91,
            "eps_4q_growth_year": null,
            "roe": 0.82,
            "roe_4q": 18.04,
            "gross_profit": 193772,
            "gross_margin": 29.93,
            "gross_margin_4q_avg": 26.42,
            "net_income": 23949,
            "revenue": 647522,
            "common_shares": 1083425,
            "book_valuer_per_share": 27.07,
            "book_valuer_per_share_4q_avg": 26.33,
            "equity": 2932606,
            "current_ratio": 124.07,
            "debt_ratio": 28.87,
            "inventory_turnover_ratio": 1.9,
            "account_receivable_turnover_ratio": 1.77,
            "reinvestment_rate": 52.36,
            "research_to_sale_ratio": 0.6,
            "price_fair": 37.1,
            "eps_avg_yearly": 1.06,
            "eps_latest_yearly": 0.88,
            "eps_growth_yearly": 349.47
        },
        "20231": {
            "year_quarter": 20231,
            "year": 2023,
            "quarter": 1,
            "eps": 0.03,
            "eps_growth_year": -99.23,
            "eps_4q": 0.05,
            "eps_4q_growth_year": -98.36,
            "roe": 0.11,
            "roe_4q": 0.10999999999999988,
            "gross_profit": 151823,
            "gross_margin": 31.01,
            "gross_margin_4q_avg": 27.32,
            "net_income": 3229,
            "revenue": 489616,
            "common_shares": 1083425,
            "book_valuer_per_share": 25.23,
            "book_valuer_per_share_4q_avg": 26.75,
            "equity": 2733367,
            "current_ratio": 111.21,
            "debt_ratio": 29.75,
            "inventory_turnover_ratio": 1.54,
            "account_receivable_turnover_ratio": 1.21,
            "reinvestment_rate": 46.64,
            "research_to_sale_ratio": 1.35,
            "price_fair": 35.93,
            "eps_avg_yearly": 1.03,
            "eps_latest_yearly": 0.12,
            "eps_growth_yearly": 346.96
        }
    },
    "months": {
        "2001-09": {
            "month": "2001-09",
            "price": "5.33",
            "revenue": 177217
        },
        "2001-10": {
            "month": "2001-10",
            "price": "5.21",
            "revenue": 90047
        },
        "2001-11": {
            "month": "2001-11",
            "price": "5.57",
            "revenue": 121778
        },
        "2001-12": {
            "month": "2001-12",
            "price": "6.18",
            "revenue": 149374
        },
        "2002-01": {
            "month": "2002-01",
            "price": "7.48",
            "revenue": 199505
        },
        "2002-02": {
            "month": "2002-02",
            "price": "9.47",
            "revenue": 96477
        },
        "2002-03": {
            "month": "2002-03",
            "price": "9.50",
            "revenue": 80481
        },
        "2002-04": {
            "month": "2002-04",
            "price": "10.69",
            "revenue": 77528
        },
        "2002-05": {
            "month": "2002-05",
            "price": "9.62",
            "revenue": 61780
        },
        "2002-06": {
            "month": "2002-06",
            "price": "11.75",
            "revenue": 58887
        },
        "2002-07": {
            "month": "2002-07",
            "price": "13.57",
            "revenue": 69911
        },
        "2002-08": {
            "month": "2002-08",
            "price": "10.59",
            "revenue": 77481
        },
        "2002-09": {
            "month": "2002-09",
            "price": "9.10",
            "revenue": 201930
        },
        "2002-10": {
            "month": "2002-10",
            "price": "8.78",
            "revenue": 96420
        },
        "2002-11": {
            "month": "2002-11",
            "price": "11.83",
            "revenue": 151165
        },
        "2002-12": {
            "month": "2002-12",
            "price": "13.32",
            "revenue": 163364
        },
        "2003-01": {
            "month": "2003-01",
            "price": "13.79",
            "revenue": 216269
        },
        "2003-02": {
            "month": "2003-02",
            "price": "15.68",
            "revenue": 38984
        },
        "2003-03": {
            "month": "2003-03",
            "price": "13.84",
            "revenue": 95579
        },
        "2003-04": {
            "month": "2003-04",
            "price": "13.33",
            "revenue": 85607
        },
        "2003-05": {
            "month": "2003-05",
            "price": "12.58",
            "revenue": 71810
        },
        "2003-06": {
            "month": "2003-06",
            "price": "13.33",
            "revenue": 72047
        },
        "2003-07": {
            "month": "2003-07",
            "price": "13.38",
            "revenue": 88973
        },
        "2003-08": {
            "month": "2003-08",
            "price": "13.46",
            "revenue": 108580
        },
        "2003-09": {
            "month": "2003-09",
            "price": "14.19",
            "revenue": 214826
        },
        "2003-10": {
            "month": "2003-10",
            "price": "15.52",
            "revenue": 122596
        },
        "2003-11": {
            "month": "2003-11",
            "price": "16.92",
            "revenue": 165753
        },
        "2003-12": {
            "month": "2003-12",
            "price": "18.41",
            "revenue": 234264
        },
        "2004-01": {
            "month": "2004-01",
            "price": "19.80",
            "revenue": 205457
        },
        "2004-02": {
            "month": "2004-02",
            "price": "20.96",
            "revenue": 73828
        },
        "2004-03": {
            "month": "2004-03",
            "price": "20.76",
            "revenue": 89282
        },
        "2004-04": {
            "month": "2004-04",
            "price": "19.46",
            "revenue": 106210
        },
        "2004-05": {
            "month": "2004-05",
            "price": "17.12",
            "revenue": 92571
        },
        "2004-06": {
            "month": "2004-06",
            "price": "17.53",
            "revenue": 82128
        },
        "2004-07": {
            "month": "2004-07",
            "price": "16.55",
            "revenue": 93393
        },
        "2004-08": {
            "month": "2004-08",
            "price": "15.46",
            "revenue": 106590
        },
        "2004-09": {
            "month": "2004-09",
            "price": "16.85",
            "revenue": 258515
        },
        "2004-10": {
            "month": "2004-10",
            "price": "17.30",
            "revenue": 139851
        },
        "2004-11": {
            "month": "2004-11",
            "price": "16.70",
            "revenue": 122468
        },
        "2004-12": {
            "month": "2004-12",
            "price": "16.68",
            "revenue": 179831
        },
        "2005-01": {
            "month": "2005-01",
            "price": "16.54",
            "revenue": 296753
        },
        "2005-02": {
            "month": "2005-02",
            "price": "16.80",
            "revenue": 98051
        },
        "2005-03": {
            "month": "2005-03",
            "price": "17.88",
            "revenue": 102297
        },
        "2005-04": {
            "month": "2005-04",
            "price": "17.28",
            "revenue": 115293
        },
        "2005-05": {
            "month": "2005-05",
            "price": "17.09",
            "revenue": 109299
        },
        "2005-06": {
            "month": "2005-06",
            "price": "17.64",
            "revenue": 109833
        },
        "2005-07": {
            "month": "2005-07",
            "price": "16.63",
            "revenue": 131807
        },
        "2005-08": {
            "month": "2005-08",
            "price": "16.17",
            "revenue": 105354
        },
        "2005-09": {
            "month": "2005-09",
            "price": "16.14",
            "revenue": 296416
        },
        "2005-10": {
            "month": "2005-10",
            "price": "16.26",
            "revenue": 143461
        },
        "2005-11": {
            "month": "2005-11",
            "price": "16.42",
            "revenue": 160346
        },
        "2005-12": {
            "month": "2005-12",
            "price": "16.98",
            "revenue": 239028
        },
        "2006-01": {
            "month": "2006-01",
            "price": "17.69",
            "revenue": 321218
        },
        "2006-02": {
            "month": "2006-02",
            "price": "17.93",
            "revenue": 65737
        },
        "2006-03": {
            "month": "2006-03",
            "price": "17.56",
            "revenue": 126236
        },
        "2006-04": {
            "month": "2006-04",
            "price": "18.23",
            "revenue": 120827
        },
        "2006-05": {
            "month": "2006-05",
            "price": "18.70",
            "revenue": 127671
        },
        "2006-06": {
            "month": "2006-06",
            "price": "18.20",
            "revenue": 122731
        },
        "2006-07": {
            "month": "2006-07",
            "price": "17.60",
            "revenue": 150306
        },
        "2006-08": {
            "month": "2006-08",
            "price": "16.28",
            "revenue": 62494
        },
        "2006-09": {
            "month": "2006-09",
            "price": "15.42",
            "revenue": 235556
        },
        "2006-10": {
            "month": "2006-10",
            "price": "15.88",
            "revenue": 193208
        },
        "2006-11": {
            "month": "2006-11",
            "price": "15.42",
            "revenue": 161029
        },
        "2006-12": {
            "month": "2006-12",
            "price": "15.86",
            "revenue": 207915
        },
        "2007-01": {
            "month": "2007-01",
            "price": "15.77",
            "revenue": 344823
        },
        "2007-02": {
            "month": "2007-02",
            "price": "15.70",
            "revenue": 180749
        },
        "2007-03": {
            "month": "2007-03",
            "price": "15.73",
            "revenue": 99665
        },
        "2007-04": {
            "month": "2007-04",
            "price": "15.92",
            "revenue": 110776
        },
        "2007-05": {
            "month": "2007-05",
            "price": "17.68",
            "revenue": 125852
        },
        "2007-06": {
            "month": "2007-06",
            "price": "17.37",
            "revenue": 106625
        },
        "2007-07": {
            "month": "2007-07",
            "price": "18.99",
            "revenue": 113339
        },
        "2007-08": {
            "month": "2007-08",
            "price": "16.78",
            "revenue": 144313
        },
        "2007-09": {
            "month": "2007-09",
            "price": "17.05",
            "revenue": 279227
        },
        "2007-10": {
            "month": "2007-10",
            "price": "17.00",
            "revenue": 137609
        },
        "2007-11": {
            "month": "2007-11",
            "price": "16.56",
            "revenue": 144263
        },
        "2007-12": {
            "month": "2007-12",
            "price": "16.07",
            "revenue": 245665
        },
        "2008-01": {
            "month": "2008-01",
            "price": "15.47",
            "revenue": 346179
        },
        "2008-02": {
            "month": "2008-02",
            "price": "15.47",
            "revenue": 90504
        },
        "2008-03": {
            "month": "2008-03",
            "price": "16.69",
            "revenue": 133400
        },
        "2008-04": {
            "month": "2008-04",
            "price": "17.41",
            "revenue": 112738
        },
        "2008-05": {
            "month": "2008-05",
            "price": "19.14",
            "revenue": 128141
        },
        "2008-06": {
            "month": "2008-06",
            "price": "17.48",
            "revenue": 109058
        },
        "2008-07": {
            "month": "2008-07",
            "price": "15.87",
            "revenue": 180469
        },
        "2008-08": {
            "month": "2008-08",
            "price": "15.11",
            "revenue": 111293
        },
        "2008-09": {
            "month": "2008-09",
            "price": "12.38",
            "revenue": 234763
        },
        "2008-10": {
            "month": "2008-10",
            "price": "10.31",
            "revenue": 133399
        },
        "2008-11": {
            "month": "2008-11",
            "price": "10.26",
            "revenue": 199243
        },
        "2008-12": {
            "month": "2008-12",
            "price": "11.64",
            "revenue": 251760
        },
        "2009-01": {
            "month": "2009-01",
            "price": "12.25",
            "revenue": 254381
        },
        "2009-02": {
            "month": "2009-02",
            "price": "12.13",
            "revenue": 97664
        },
        "2009-03": {
            "month": "2009-03",
            "price": "13.07",
            "revenue": 124762
        },
        "2009-04": {
            "month": "2009-04",
            "price": "15.21",
            "revenue": 107533
        },
        "2009-05": {
            "month": "2009-05",
            "price": "16.02",
            "revenue": 108216
        },
        "2009-06": {
            "month": "2009-06",
            "price": "16.38",
            "revenue": 87129
        },
        "2009-07": {
            "month": "2009-07",
            "price": "16.50",
            "revenue": 101655
        },
        "2009-08": {
            "month": "2009-08",
            "price": "15.84",
            "revenue": 155101
        },
        "2009-09": {
            "month": "2009-09",
            "price": "16.12",
            "revenue": 203944
        },
        "2009-10": {
            "month": "2009-10",
            "price": "16.36",
            "revenue": 143359
        },
        "2009-11": {
            "month": "2009-11",
            "price": "16.80",
            "revenue": 157919
        },
        "2009-12": {
            "month": "2009-12",
            "price": "17.20",
            "revenue": 205411
        },
        "2010-01": {
            "month": "2010-01",
            "price": "17.77",
            "revenue": 343481
        },
        "2010-02": {
            "month": "2010-02",
            "price": "17.52",
            "revenue": 151078
        },
        "2010-03": {
            "month": "2010-03",
            "price": "20.60",
            "revenue": 127358
        },
        "2010-04": {
            "month": "2010-04",
            "price": "23.41",
            "revenue": 118641
        },
        "2010-05": {
            "month": "2010-05",
            "price": "25.15",
            "revenue": 109513
        },
        "2010-06": {
            "month": "2010-06",
            "price": "24.70",
            "revenue": 97360
        },
        "2010-07": {
            "month": "2010-07",
            "price": "25.91",
            "revenue": 154515
        },
        "2010-08": {
            "month": "2010-08",
            "price": "28.13",
            "revenue": 131894
        },
        "2010-09": {
            "month": "2010-09",
            "price": "23.62",
            "revenue": 255692
        },
        "2010-10": {
            "month": "2010-10",
            "price": "23.67",
            "revenue": 147844
        },
        "2010-11": {
            "month": "2010-11",
            "price": "23.92",
            "revenue": 190877
        },
        "2010-12": {
            "month": "2010-12",
            "price": "23.92",
            "revenue": 241737
        },
        "2011-01": {
            "month": "2011-01",
            "price": "24.62",
            "revenue": 420437
        },
        "2011-02": {
            "month": "2011-02",
            "price": "23.88",
            "revenue": 104736
        },
        "2011-03": {
            "month": "2011-03",
            "price": "23.05",
            "revenue": 148386
        },
        "2011-04": {
            "month": "2011-04",
            "price": "23.75",
            "revenue": 145430
        },
        "2011-05": {
            "month": "2011-05",
            "price": "24.44",
            "revenue": 166322
        },
        "2011-06": {
            "month": "2011-06",
            "price": "23.85",
            "revenue": 125899
        },
        "2011-07": {
            "month": "2011-07",
            "price": "24.45",
            "revenue": 158619
        },
        "2011-08": {
            "month": "2011-08",
            "price": "27.67",
            "revenue": 160035
        },
        "2011-09": {
            "month": "2011-09",
            "price": "22.74",
            "revenue": 259868
        },
        "2011-10": {
            "month": "2011-10",
            "price": "21.94",
            "revenue": 223247
        },
        "2011-11": {
            "month": "2011-11",
            "price": "22.65",
            "revenue": 243416
        },
        "2011-12": {
            "month": "2011-12",
            "price": "22.46",
            "revenue": 324372
        },
        "2012-01": {
            "month": "2012-01",
            "price": "22.62",
            "revenue": 256873
        },
        "2012-02": {
            "month": "2012-02",
            "price": "24.52",
            "revenue": 132180
        },
        "2012-03": {
            "month": "2012-03",
            "price": "25.15",
            "revenue": 150016
        },
        "2012-04": {
            "month": "2012-04",
            "price": "24.56",
            "revenue": 128476
        },
        "2012-05": {
            "month": "2012-05",
            "price": "23.25",
            "revenue": 142236
        },
        "2012-06": {
            "month": "2012-06",
            "price": "22.52",
            "revenue": 133126
        },
        "2012-07": {
            "month": "2012-07",
            "price": "22.49",
            "revenue": 155381
        },
        "2012-08": {
            "month": "2012-08",
            "price": "21.72",
            "revenue": 198683
        },
        "2012-09": {
            "month": "2012-09",
            "price": "21.37",
            "revenue": 286525
        },
        "2012-10": {
            "month": "2012-10",
            "price": "21.20",
            "revenue": 217329
        },
        "2012-11": {
            "month": "2012-11",
            "price": "20.75",
            "revenue": 274172
        },
        "2012-12": {
            "month": "2012-12",
            "price": "21.24",
            "revenue": 286144
        },
        "2013-01": {
            "month": "2013-01",
            "price": "21.51",
            "revenue": 397763
        },
        "2013-02": {
            "month": "2013-02",
            "price": "21.80",
            "revenue": 145587
        },
        "2013-03": {
            "month": "2013-03",
            "price": "21.86",
            "revenue": 182954
        },
        "2013-04": {
            "month": "2013-04",
            "price": "22.86",
            "revenue": 166077
        },
        "2013-05": {
            "month": "2013-05",
            "price": "25.30",
            "revenue": 165683
        },
        "2013-06": {
            "month": "2013-06",
            "price": "24.62",
            "revenue": 148599
        },
        "2013-07": {
            "month": "2013-07",
            "price": "26.60",
            "revenue": 172541
        },
        "2013-08": {
            "month": "2013-08",
            "price": "26.54",
            "revenue": 175940
        },
        "2013-09": {
            "month": "2013-09",
            "price": "26.78",
            "revenue": 305164
        },
        "2013-10": {
            "month": "2013-10",
            "price": "27.53",
            "revenue": 220710
        },
        "2013-11": {
            "month": "2013-11",
            "price": "27.15",
            "revenue": 237069
        },
        "2013-12": {
            "month": "2013-12",
            "price": "26.60",
            "revenue": 367032
        },
        "2014-01": {
            "month": "2014-01",
            "price": "26.38",
            "revenue": 340337
        },
        "2014-02": {
            "month": "2014-02",
            "price": "26.67",
            "revenue": 143780
        },
        "2014-03": {
            "month": "2014-03",
            "price": "26.89",
            "revenue": 177862
        },
        "2014-04": {
            "month": "2014-04",
            "price": "26.26",
            "revenue": 160036
        },
        "2014-05": {
            "month": "2014-05",
            "price": "25.53",
            "revenue": 163176
        },
        "2014-06": {
            "month": "2014-06",
            "price": "25.93",
            "revenue": 146972
        },
        "2014-07": {
            "month": "2014-07",
            "price": "25.98",
            "revenue": 179418
        },
        "2014-08": {
            "month": "2014-08",
            "price": "25.32",
            "revenue": 232611
        },
        "2014-09": {
            "month": "2014-09",
            "price": "25.17",
            "revenue": 209475
        },
        "2014-10": {
            "month": "2014-10",
            "price": "24.63",
            "revenue": 165886
        },
        "2014-11": {
            "month": "2014-11",
            "price": "24.07",
            "revenue": 185684
        },
        "2014-12": {
            "month": "2014-12",
            "price": "24.31",
            "revenue": 266376
        },
        "2015-01": {
            "month": "2015-01",
            "price": "24.26",
            "revenue": 376832
        },
        "2015-02": {
            "month": "2015-02",
            "price": "24.71",
            "revenue": 178806
        },
        "2015-03": {
            "month": "2015-03",
            "price": "25.14",
            "revenue": 150322
        },
        "2015-04": {
            "month": "2015-04",
            "price": "25.31",
            "revenue": 137663
        },
        "2015-05": {
            "month": "2015-05",
            "price": "25.60",
            "revenue": 150839
        },
        "2015-06": {
            "month": "2015-06",
            "price": "24.76",
            "revenue": 124304
        },
        "2015-07": {
            "month": "2015-07",
            "price": "23.91",
            "revenue": 165934
        },
        "2015-08": {
            "month": "2015-08",
            "price": "21.80",
            "revenue": 149983
        },
        "2015-09": {
            "month": "2015-09",
            "price": "20.68",
            "revenue": 261371
        },
        "2015-10": {
            "month": "2015-10",
            "price": "21.75",
            "revenue": 178990
        },
        "2015-11": {
            "month": "2015-11",
            "price": "21.19",
            "revenue": 159281
        },
        "2015-12": {
            "month": "2015-12",
            "price": "20.58",
            "revenue": 282745
        },
        "2016-01": {
            "month": "2016-01",
            "price": "20.85",
            "revenue": 330388
        },
        "2016-02": {
            "month": "2016-02",
            "price": "21.04",
            "revenue": 132389
        },
        "2016-03": {
            "month": "2016-03",
            "price": "20.92",
            "revenue": 141682
        },
        "2016-04": {
            "month": "2016-04",
            "price": "20.61",
            "revenue": 114886
        },
        "2016-05": {
            "month": "2016-05",
            "price": "19.96",
            "revenue": 113256
        },
        "2016-06": {
            "month": "2016-06",
            "price": "20.11",
            "revenue": 118557
        },
        "2016-07": {
            "month": "2016-07",
            "price": "19.82",
            "revenue": 144478
        },
        "2016-08": {
            "month": "2016-08",
            "price": "19.44",
            "revenue": 154371
        },
        "2016-09": {
            "month": "2016-09",
            "price": "19.29",
            "revenue": 224374
        },
        "2016-10": {
            "month": "2016-10",
            "price": "19.01",
            "revenue": 158127
        },
        "2016-11": {
            "month": "2016-11",
            "price": "18.44",
            "revenue": 170042
        },
        "2016-12": {
            "month": "2016-12",
            "price": "18.42",
            "revenue": 327170
        },
        "2017-01": {
            "month": "2017-01",
            "price": "18.33",
            "revenue": 224932
        },
        "2017-02": {
            "month": "2017-02",
            "price": "18.51",
            "revenue": 106142
        },
        "2017-03": {
            "month": "2017-03",
            "price": "18.35",
            "revenue": 116692
        },
        "2017-04": {
            "month": "2017-04",
            "price": "17.84",
            "revenue": 117521
        },
        "2017-05": {
            "month": "2017-05",
            "price": "17.31",
            "revenue": 114563
        },
        "2017-06": {
            "month": "2017-06",
            "price": "17.35",
            "revenue": 109990
        },
        "2017-07": {
            "month": "2017-07",
            "price": "17.05",
            "revenue": 122414
        },
        "2017-08": {
            "month": "2017-08",
            "price": "16.86",
            "revenue": 144395
        },
        "2017-09": {
            "month": "2017-09",
            "price": "17.04",
            "revenue": 233746
        },
        "2017-10": {
            "month": "2017-10",
            "price": "17.05",
            "revenue": 155260
        },
        "2017-11": {
            "month": "2017-11",
            "price": "16.88",
            "revenue": 165377
        },
        "2017-12": {
            "month": "2017-12",
            "price": "16.95",
            "revenue": 267939
        },
        "2018-01": {
            "month": "2018-01",
            "price": "17.54",
            "revenue": 270908
        },
        "2018-02": {
            "month": "2018-02",
            "price": "17.46",
            "revenue": 157336
        },
        "2018-03": {
            "month": "2018-03",
            "price": "17.69",
            "revenue": 143298
        },
        "2018-04": {
            "month": "2018-04",
            "price": "17.56",
            "revenue": 122198
        },
        "2018-05": {
            "month": "2018-05",
            "price": "17.67",
            "revenue": 98968
        },
        "2018-06": {
            "month": "2018-06",
            "price": "17.12",
            "revenue": 106199
        },
        "2018-07": {
            "month": "2018-07",
            "price": "16.85",
            "revenue": 168979
        },
        "2018-08": {
            "month": "2018-08",
            "price": "16.88",
            "revenue": 164105
        },
        "2018-09": {
            "month": "2018-09",
            "price": "16.23",
            "revenue": 178724
        },
        "2018-10": {
            "month": "2018-10",
            "price": "14.50",
            "revenue": 152475
        },
        "2018-11": {
            "month": "2018-11",
            "price": "13.65",
            "revenue": 153437
        },
        "2018-12": {
            "month": "2018-12",
            "price": "13.71",
            "revenue": 255964
        },
        "2019-01": {
            "month": "2019-01",
            "price": "13.61",
            "revenue": 326947
        },
        "2019-02": {
            "month": "2019-02",
            "price": "13.84",
            "revenue": 78912
        },
        "2019-03": {
            "month": "2019-03",
            "price": "14.25",
            "revenue": 94089
        },
        "2019-04": {
            "month": "2019-04",
            "price": "14.34",
            "revenue": 123213
        },
        "2019-05": {
            "month": "2019-05",
            "price": "13.55",
            "revenue": 99992
        },
        "2019-06": {
            "month": "2019-06",
            "price": "13.53",
            "revenue": 97300
        },
        "2019-07": {
            "month": "2019-07",
            "price": "13.61",
            "revenue": 145523
        },
        "2019-08": {
            "month": "2019-08",
            "price": "13.23",
            "revenue": 170372
        },
        "2019-09": {
            "month": "2019-09",
            "price": "12.95",
            "revenue": 139678
        },
        "2019-10": {
            "month": "2019-10",
            "price": "12.90",
            "revenue": 149497
        },
        "2019-11": {
            "month": "2019-11",
            "price": "12.76",
            "revenue": 165237
        },
        "2019-12": {
            "month": "2019-12",
            "price": "13.24",
            "revenue": 273232
        },
        "2020-01": {
            "month": "2020-01",
            "price": "13.47",
            "revenue": 208484
        },
        "2020-02": {
            "month": "2020-02",
            "price": "13.16",
            "revenue": 86037
        },
        "2020-03": {
            "month": "2020-03",
            "price": "11.45",
            "revenue": 142868
        },
        "2020-04": {
            "month": "2020-04",
            "price": "11.45",
            "revenue": 102352
        },
        "2020-05": {
            "month": "2020-05",
            "price": "12.05",
            "revenue": 66599
        },
        "2020-06": {
            "month": "2020-06",
            "price": "12.24",
            "revenue": 80724
        },
        "2020-07": {
            "month": "2020-07",
            "price": "12.92",
            "revenue": 122704
        },
        "2020-08": {
            "month": "2020-08",
            "price": "13.19",
            "revenue": 146991
        },
        "2020-09": {
            "month": "2020-09",
            "price": "13.33",
            "revenue": 193049
        },
        "2020-10": {
            "month": "2020-10",
            "price": "13.36",
            "revenue": 112963
        },
        "2020-11": {
            "month": "2020-11",
            "price": "13.54",
            "revenue": 143333
        },
        "2020-12": {
            "month": "2020-12",
            "price": "14.01",
            "revenue": 231166
        },
        "2021-01": {
            "month": "2021-01",
            "price": "13.84",
            "revenue": 329513
        },
        "2021-02": {
            "month": "2021-02",
            "price": "13.54",
            "revenue": 95806
        },
        "2021-03": {
            "month": "2021-03",
            "price": "13.89",
            "revenue": 115293
        },
        "2021-04": {
            "month": "2021-04",
            "price": "14.68",
            "revenue": 100156
        },
        "2021-05": {
            "month": "2021-05",
            "price": "15.50",
            "revenue": 98044
        },
        "2021-06": {
            "month": "2021-06",
            "price": "15.79",
            "revenue": 83920
        },
        "2021-07": {
            "month": "2021-07",
            "price": "15.31",
            "revenue": 119197
        },
        "2021-08": {
            "month": "2021-08",
            "price": "14.47",
            "revenue": 107836
        },
        "2021-09": {
            "month": "2021-09",
            "price": "14.02",
            "revenue": 174351
        },
        "2021-10": {
            "month": "2021-10",
            "price": "13.98",
            "revenue": 119686
        },
        "2021-11": {
            "month": "2021-11",
            "price": "17.50",
            "revenue": 147790
        },
        "2021-12": {
            "month": "2021-12",
            "price": "27.36",
            "revenue": 263522
        },
        "2022-01": {
            "month": "2022-01",
            "price": "27.28",
            "revenue": 283748
        },
        "2022-02": {
            "month": "2022-02",
            "price": "26.93",
            "revenue": 96993
        },
        "2022-03": {
            "month": "2022-03",
            "price": "27.04",
            "revenue": 163958
        },
        "2022-04": {
            "month": "2022-04",
            "price": "26.33",
            "revenue": 130046
        },
        "2022-05": {
            "month": "2022-05",
            "price": "26.14",
            "revenue": 138780
        },
        "2022-06": {
            "month": "2022-06",
            "price": "27.33",
            "revenue": 114716
        },
        "2022-07": {
            "month": "2022-07",
            "price": "26.68",
            "revenue": 170333
        },
        "2022-08": {
            "month": "2022-08",
            "price": "26.12",
            "revenue": 221454
        },
        "2022-09": {
            "month": "2022-09",
            "price": "24.32",
            "revenue": 141089
        },
        "2022-10": {
            "month": "2022-10",
            "price": "19.27",
            "revenue": 137410
        },
        "2022-11": {
            "month": "2022-11",
            "price": "20.58",
            "revenue": 190090
        },
        "2022-12": {
            "month": "2022-12",
            "price": "21.85",
            "revenue": 320009
        },
        "2023-01": {
            "month": "2023-01",
            "price": "22.54",
            "revenue": 220785
        },
        "2023-02": {
            "month": "2023-02",
            "price": "24.07",
            "revenue": 110189
        },
        "2023-03": {
            "month": "2023-03",
            "price": "24.08",
            "revenue": 158593
        },
        "2023-04": {
            "month": "2023-04",
            "price": "23.69",
            "revenue": 133452
        },
        "2023-05": {
            "month": "2023-05",
            "price": "23.62",
            "revenue": 131830
        }
    }
}
