{
    "summary": {
        "stock_name": "鮮活果汁-KY",
        "stock_id": "1256",
        "category": "食品",
        "main_business": "果汁、果粒、果粉類等產品之生產與銷售",
        "website_url": "http://www.myfreshjuice.com",
        "ceo": "吳明憲",
        "pe_ratio": 26,
        "report_year_from": 2010,
        "report_year_to": 2023,
        "age": 13,
        "eps_negative_percentage": 0,
        "eps_growth_avg": {
            "last_all": 13.22,
            "last_2y": -4.15,
            "last_4y": 8.88,
            "last_8y": 3.58,
            "last_12y": null,
            "last_16y": null,
            "last_20y": null,
            "at_2006_last_3y": null,
            "at_2007_last_3y": null,
            "at_2008_last_3y": null,
            "at_2009_last_3y": null,
            "at_2010_last_3y": null,
            "at_2011_last_3y": null,
            "at_2012_last_3y": null,
            "at_2013_last_3y": null,
            "at_2014_last_3y": null,
            "at_2015_last_3y": null,
            "at_2016_last_3y": 16.7,
            "at_2017_last_3y": -3.06,
            "at_2018_last_3y": 10.53,
            "at_2019_last_3y": 20.81,
            "at_2020_last_3y": 29.35,
            "at_2021_last_3y": 21.89,
            "at_2022_last_3y": 0.56,
            "at_2023_last_3y": 0.56,
            "at_2006_last_all": null,
            "at_2007_last_all": null,
            "at_2008_last_all": null,
            "at_2009_last_all": null,
            "at_2010_last_all": null,
            "at_2011_last_all": null,
            "at_2012_last_all": null,
            "at_2013_last_all": null,
            "at_2014_last_all": 43.92,
            "at_2015_last_all": 20.46,
            "at_2016_last_all": 16.7,
            "at_2017_last_all": 17.55,
            "at_2018_last_all": 21.66,
            "at_2019_last_all": 20.66,
            "at_2020_last_all": 23.03,
            "at_2021_last_all": 19.48,
            "at_2022_last_all": 13.22,
            "at_2023_last_all": 13.22
        },
        "latest_eps": 11.95,
        "latest_price": 309.5,
        "latest_roe": 11.09,
        "latest_gross_margin": 27.25,
        "latest_equity": 4174475,
        "latest_revenue": 825284,
        "latest_gross_profit": 224916,
        "latest_net_income": 53155,
        "latest_debt_ratio": 13.78,
        "latest_current_ratio": 423.22,
        "latest_account_receivable_turnover_ratio": 2.07,
        "latest_inventory_turnover_ratio": 1.19,
        "latest_reinvestment_rate": 28.14,
        "latest_research_to_sale_ratio": 1.52
    },
    "eps_dividends": {
        "2001": {
            "cash": 0,
            "stock": 0,
            "eps": 0
        },
        "2002": {
            "cash": 0,
            "stock": 0,
            "eps": 0
        },
        "2003": {
            "cash": 0,
            "stock": 0,
            "eps": 0
        },
        "2004": {
            "cash": 0,
            "stock": 0,
            "eps": 0
        },
        "2005": {
            "cash": 0,
            "stock": 0,
            "eps": 0
        },
        "2006": {
            "cash": 0,
            "stock": 0,
            "eps": 0
        },
        "2007": {
            "cash": 0,
            "stock": 0,
            "eps": 0
        },
        "2008": {
            "cash": 0,
            "stock": 0,
            "eps": 0
        },
        "2009": {
            "cash": 0,
            "stock": 0,
            "eps": 0
        },
        "2010": {
            "cash": 0,
            "stock": 0,
            "eps": 0
        },
        "2011": {
            "cash": 0.56,
            "stock": 0.56,
            "eps": 0
        },
        "2012": {
            "cash": 0,
            "stock": 0,
            "eps": 4.73
        },
        "2013": {
            "cash": 2,
            "stock": 0,
            "eps": 12.26
        },
        "2014": {
            "cash": 5,
            "stock": 4,
            "eps": 10.77
        },
        "2015": {
            "cash": 5.5,
            "stock": 1,
            "eps": 7.92
        },
        "2016": {
            "cash": 4,
            "stock": 0,
            "eps": 8.35
        },
        "2017": {
            "cash": 4.2,
            "stock": 0,
            "eps": 10.1
        },
        "2018": {
            "cash": 5,
            "stock": 0,
            "eps": 14.36
        },
        "2019": {
            "cash": 6.2,
            "stock": 1,
            "eps": 16.47
        },
        "2020": {
            "cash": 6.2,
            "stock": 0,
            "eps": 22.99
        },
        "2021": {
            "cash": 12,
            "stock": 0,
            "eps": 20.94
        },
        "2022": {
            "cash": 13,
            "stock": 0,
            "eps": 11.91
        },
        "2023": {
            "cash": 6.5,
            "stock": 0,
            "eps": 1.34
        }
    },
    "dividends": {
        "2011-01-01": {
            "cash": 0.56,
            "stock": 0.56
        },
        "2013-03-15": {
            "cash": 2,
            "stock": 0
        },
        "2014-06-06": {
            "cash": 5,
            "stock": 4
        },
        "2015-08-12": {
            "cash": 5.5,
            "stock": 1
        },
        "2016-08-04": {
            "cash": 4,
            "stock": 0
        },
        "2017-07-20": {
            "cash": 4.2,
            "stock": 0
        },
        "2018-07-31": {
            "cash": 5,
            "stock": 0
        },
        "2019-08-08": {
            "cash": 6.2,
            "stock": 1
        },
        "2020-08-06": {
            "cash": 6.2,
            "stock": 0
        },
        "2021-08-25": {
            "cash": 12,
            "stock": 0
        },
        "2022-08-18": {
            "cash": 13,
            "stock": 0
        },
        "2023-08-18": {
            "cash": 6.5,
            "stock": 0
        }
    },
    "prices": {
        "200101": "無",
        "200102": "無",
        "200103": "無",
        "200104": "無",
        "200105": "無",
        "200106": "無",
        "200107": "無",
        "200108": "無",
        "200109": "無",
        "200110": "無",
        "200111": "無",
        "200112": "無",
        "200201": "無",
        "200202": "無",
        "200203": "無",
        "200204": "無",
        "200205": "無",
        "200206": "無",
        "200207": "無",
        "200208": "無",
        "200209": "無",
        "200210": "無",
        "200211": "無",
        "200212": "無",
        "200301": "無",
        "200302": "無",
        "200303": "無",
        "200304": "無",
        "200305": "無",
        "200306": "無",
        "200307": "無",
        "200308": "無",
        "200309": "無",
        "200310": "無",
        "200311": "無",
        "200312": "無",
        "200401": "無",
        "200402": "無",
        "200403": "無",
        "200404": "無",
        "200405": "無",
        "200406": "無",
        "200407": "無",
        "200408": "無",
        "200409": "無",
        "200410": "無",
        "200411": "無",
        "200412": "無",
        "200501": "無",
        "200502": "無",
        "200503": "無",
        "200504": "無",
        "200505": "無",
        "200506": "無",
        "200507": "無",
        "200508": "無",
        "200509": "無",
        "200510": "無",
        "200511": "無",
        "200512": "無",
        "200601": "無",
        "200602": "無",
        "200603": "無",
        "200604": "無",
        "200605": "無",
        "200606": "無",
        "200607": "無",
        "200608": "無",
        "200609": "無",
        "200610": "無",
        "200611": "無",
        "200612": "無",
        "200701": "無",
        "200702": "無",
        "200703": "無",
        "200704": "無",
        "200705": "無",
        "200706": "無",
        "200707": "無",
        "200708": "無",
        "200709": "無",
        "200710": "無",
        "200711": "無",
        "200712": "無",
        "200801": "無",
        "200802": "無",
        "200803": "無",
        "200804": "無",
        "200805": "無",
        "200806": "無",
        "200807": "無",
        "200808": "無",
        "200809": "無",
        "200810": "無",
        "200811": "無",
        "200812": "無",
        "200901": "無",
        "200902": "無",
        "200903": "無",
        "200904": "無",
        "200905": "無",
        "200906": "無",
        "200907": "無",
        "200908": "無",
        "200909": "無",
        "200910": "無",
        "200911": "無",
        "200912": "無",
        "201001": "無",
        "201002": "無",
        "201003": "無",
        "201004": "無",
        "201005": "無",
        "201006": "無",
        "201007": "無",
        "201008": "無",
        "201009": "無",
        "201010": "無",
        "201011": "無",
        "201012": "無",
        "201101": "無",
        "201102": "無",
        "201103": "無",
        "201104": "無",
        "201105": "無",
        "201106": "無",
        "201107": "無",
        "201108": "無",
        "201109": "無",
        "201110": "無",
        "201111": "無",
        "201112": "無",
        "201201": "無",
        "201202": "無",
        "201203": "無",
        "201204": "無",
        "201205": "無",
        "201206": "無",
        "201207": "無",
        "201208": "無",
        "201209": "82.59",
        "201210": "68.58",
        "201211": "62.52",
        "201212": "61.37",
        "201301": "63.75",
        "201302": "70.72",
        "201303": "68.83",
        "201304": "68.56",
        "201305": "93.95",
        "201306": "155.11",
        "201307": "158.61",
        "201308": "183.88",
        "201309": "162.38",
        "201310": "154.73",
        "201311": "160.17",
        "201312": "218.32",
        "201401": "213.42",
        "201402": "226.12",
        "201403": "289.74",
        "201404": "326.67",
        "201405": "330.71",
        "201406": "366.65",
        "201407": "303.98",
        "201408": "232.81",
        "201409": "223.02",
        "201410": "199.50",
        "201411": "205.00",
        "201412": "209.31",
        "201501": "208.68",
        "201502": "215.96",
        "201503": "216.16",
        "201504": "216.18",
        "201505": "204.75",
        "201506": "197.38",
        "201507": "174.86",
        "201508": "137.48",
        "201509": "144.70",
        "201510": "155.90",
        "201511": "144.95",
        "201512": "136.33",
        "201601": "124.74",
        "201602": "125.00",
        "201603": "134.50",
        "201604": "120.55",
        "201605": "112.48",
        "201606": "109.38",
        "201607": "105.22",
        "201608": "121.93",
        "201609": "155.45",
        "201610": "140.20",
        "201611": "127.00",
        "201612": "124.93",
        "201701": "125.16",
        "201702": "133.81",
        "201703": "145.09",
        "201704": "138.36",
        "201705": "140.52",
        "201706": "139.89",
        "201707": "137.60",
        "201708": "130.35",
        "201709": "149.80",
        "201710": "138.82",
        "201711": "144.50",
        "201712": "140.29",
        "201801": "143.00",
        "201802": "146.42",
        "201803": "165.72",
        "201804": "164.42",
        "201805": "181.68",
        "201806": "180.12",
        "201807": "161.02",
        "201808": "171.74",
        "201809": "159.11",
        "201810": "141.91",
        "201811": "140.05",
        "201812": "139.76",
        "201901": "151.93",
        "201902": "163.35",
        "201903": "171.62",
        "201904": "171.95",
        "201905": "175.77",
        "201906": "184.79",
        "201907": "215.02",
        "201908": "205.79",
        "201909": "192.68",
        "201910": "201.33",
        "201911": "216.55",
        "201912": "218.02",
        "202001": "224.30",
        "202002": "204.63",
        "202003": "185.70",
        "202004": "190.42",
        "202005": "202.70",
        "202006": "211.82",
        "202007": "208.37",
        "202008": "214.88",
        "202009": "251.45",
        "202010": "281.95",
        "202011": "304.00",
        "202012": "299.48",
        "202101": "292.80",
        "202102": "329.19",
        "202103": "422.70",
        "202104": "447.32",
        "202105": "444.74",
        "202106": "444.50",
        "202107": "488.89",
        "202108": "447.45",
        "202109": "402.32",
        "202110": "369.70",
        "202111": "365.00",
        "202112": "325.70",
        "202201": "322.44",
        "202202": "320.13",
        "202203": "301.65",
        "202204": "280.79",
        "202205": "276.36",
        "202206": "282.90",
        "202207": "275.75",
        "202208": "247.68",
        "202209": "234.50",
        "202210": "218.26",
        "202211": "219.84",
        "202212": "270.16",
        "202301": "270.42",
        "202302": "306.06",
        "202303": "336.72",
        "202304": "313.06",
        "202305": "318.88",
        "202306": "314.13"
    },
    "quarters": {
        "20011": {
            "year_quarter": 20011,
            "year": 2001,
            "quarter": 1,
            "eps": null,
            "eps_growth_year": null,
            "eps_4q": null,
            "eps_4q_growth_year": null,
            "roe": null,
            "roe_4q": 0,
            "gross_profit": null,
            "gross_margin": null,
            "gross_margin_4q_avg": 0,
            "net_income": null,
            "revenue": null,
            "common_shares": null,
            "book_valuer_per_share": null,
            "book_valuer_per_share_4q_avg": 0,
            "equity": null,
            "current_ratio": null,
            "debt_ratio": null,
            "inventory_turnover_ratio": null,
            "account_receivable_turnover_ratio": null,
            "reinvestment_rate": null,
            "research_to_sale_ratio": null,
            "price_fair": 0,
            "eps_avg_yearly": 0,
            "eps_latest_yearly": 0,
            "eps_growth_yearly": 0
        },
        "20012": {
            "year_quarter": 20012,
            "year": 2001,
            "quarter": 2,
            "eps": null,
            "eps_growth_year": null,
            "eps_4q": null,
            "eps_4q_growth_year": null,
            "roe": null,
            "roe_4q": 0,
            "gross_profit": null,
            "gross_margin": null,
            "gross_margin_4q_avg": 0,
            "net_income": null,
            "revenue": null,
            "common_shares": null,
            "book_valuer_per_share": null,
            "book_valuer_per_share_4q_avg": 0,
            "equity": null,
            "current_ratio": null,
            "debt_ratio": null,
            "inventory_turnover_ratio": null,
            "account_receivable_turnover_ratio": null,
            "reinvestment_rate": null,
            "research_to_sale_ratio": null,
            "price_fair": 0,
            "eps_avg_yearly": 0,
            "eps_latest_yearly": 0,
            "eps_growth_yearly": 0
        },
        "20013": {
            "year_quarter": 20013,
            "year": 2001,
            "quarter": 3,
            "eps": null,
            "eps_growth_year": null,
            "eps_4q": null,
            "eps_4q_growth_year": null,
            "roe": null,
            "roe_4q": 0,
            "gross_profit": null,
            "gross_margin": null,
            "gross_margin_4q_avg": 0,
            "net_income": null,
            "revenue": null,
            "common_shares": null,
            "book_valuer_per_share": null,
            "book_valuer_per_share_4q_avg": 0,
            "equity": null,
            "current_ratio": null,
            "debt_ratio": null,
            "inventory_turnover_ratio": null,
            "account_receivable_turnover_ratio": null,
            "reinvestment_rate": null,
            "research_to_sale_ratio": null,
            "price_fair": 0,
            "eps_avg_yearly": 0,
            "eps_latest_yearly": 0,
            "eps_growth_yearly": 0
        },
        "20014": {
            "year_quarter": 20014,
            "year": 2001,
            "quarter": 4,
            "eps": null,
            "eps_growth_year": null,
            "eps_4q": null,
            "eps_4q_growth_year": null,
            "roe": null,
            "roe_4q": 0,
            "gross_profit": null,
            "gross_margin": null,
            "gross_margin_4q_avg": 0,
            "net_income": null,
            "revenue": null,
            "common_shares": null,
            "book_valuer_per_share": null,
            "book_valuer_per_share_4q_avg": 0,
            "equity": null,
            "current_ratio": null,
            "debt_ratio": null,
            "inventory_turnover_ratio": null,
            "account_receivable_turnover_ratio": null,
            "reinvestment_rate": null,
            "research_to_sale_ratio": null,
            "price_fair": 0,
            "eps_avg_yearly": 0,
            "eps_latest_yearly": 0,
            "eps_growth_yearly": 0
        },
        "20021": {
            "year_quarter": 20021,
            "year": 2002,
            "quarter": 1,
            "eps": null,
            "eps_growth_year": null,
            "eps_4q": null,
            "eps_4q_growth_year": null,
            "roe": null,
            "roe_4q": 0,
            "gross_profit": null,
            "gross_margin": null,
            "gross_margin_4q_avg": 0,
            "net_income": null,
            "revenue": null,
            "common_shares": null,
            "book_valuer_per_share": null,
            "book_valuer_per_share_4q_avg": 0,
            "equity": null,
            "current_ratio": null,
            "debt_ratio": null,
            "inventory_turnover_ratio": null,
            "account_receivable_turnover_ratio": null,
            "reinvestment_rate": null,
            "research_to_sale_ratio": null,
            "price_fair": 0,
            "eps_avg_yearly": 0,
            "eps_latest_yearly": 0,
            "eps_growth_yearly": 0
        },
        "20022": {
            "year_quarter": 20022,
            "year": 2002,
            "quarter": 2,
            "eps": null,
            "eps_growth_year": null,
            "eps_4q": null,
            "eps_4q_growth_year": null,
            "roe": null,
            "roe_4q": 0,
            "gross_profit": null,
            "gross_margin": null,
            "gross_margin_4q_avg": 0,
            "net_income": null,
            "revenue": null,
            "common_shares": null,
            "book_valuer_per_share": null,
            "book_valuer_per_share_4q_avg": 0,
            "equity": null,
            "current_ratio": null,
            "debt_ratio": null,
            "inventory_turnover_ratio": null,
            "account_receivable_turnover_ratio": null,
            "reinvestment_rate": null,
            "research_to_sale_ratio": null,
            "price_fair": 0,
            "eps_avg_yearly": 0,
            "eps_latest_yearly": 0,
            "eps_growth_yearly": 0
        },
        "20023": {
            "year_quarter": 20023,
            "year": 2002,
            "quarter": 3,
            "eps": null,
            "eps_growth_year": null,
            "eps_4q": null,
            "eps_4q_growth_year": null,
            "roe": null,
            "roe_4q": 0,
            "gross_profit": null,
            "gross_margin": null,
            "gross_margin_4q_avg": 0,
            "net_income": null,
            "revenue": null,
            "common_shares": null,
            "book_valuer_per_share": null,
            "book_valuer_per_share_4q_avg": 0,
            "equity": null,
            "current_ratio": null,
            "debt_ratio": null,
            "inventory_turnover_ratio": null,
            "account_receivable_turnover_ratio": null,
            "reinvestment_rate": null,
            "research_to_sale_ratio": null,
            "price_fair": 0,
            "eps_avg_yearly": 0,
            "eps_latest_yearly": 0,
            "eps_growth_yearly": 0
        },
        "20024": {
            "year_quarter": 20024,
            "year": 2002,
            "quarter": 4,
            "eps": null,
            "eps_growth_year": null,
            "eps_4q": null,
            "eps_4q_growth_year": null,
            "roe": null,
            "roe_4q": 0,
            "gross_profit": null,
            "gross_margin": null,
            "gross_margin_4q_avg": 0,
            "net_income": null,
            "revenue": null,
            "common_shares": null,
            "book_valuer_per_share": null,
            "book_valuer_per_share_4q_avg": 0,
            "equity": null,
            "current_ratio": null,
            "debt_ratio": null,
            "inventory_turnover_ratio": null,
            "account_receivable_turnover_ratio": null,
            "reinvestment_rate": null,
            "research_to_sale_ratio": null,
            "price_fair": 0,
            "eps_avg_yearly": 0,
            "eps_latest_yearly": 0,
            "eps_growth_yearly": 0
        },
        "20031": {
            "year_quarter": 20031,
            "year": 2003,
            "quarter": 1,
            "eps": null,
            "eps_growth_year": null,
            "eps_4q": null,
            "eps_4q_growth_year": null,
            "roe": null,
            "roe_4q": 0,
            "gross_profit": null,
            "gross_margin": null,
            "gross_margin_4q_avg": 0,
            "net_income": null,
            "revenue": null,
            "common_shares": null,
            "book_valuer_per_share": null,
            "book_valuer_per_share_4q_avg": 0,
            "equity": null,
            "current_ratio": null,
            "debt_ratio": null,
            "inventory_turnover_ratio": null,
            "account_receivable_turnover_ratio": null,
            "reinvestment_rate": null,
            "research_to_sale_ratio": null,
            "price_fair": 0,
            "eps_avg_yearly": 0,
            "eps_latest_yearly": 0,
            "eps_growth_yearly": 0
        },
        "20032": {
            "year_quarter": 20032,
            "year": 2003,
            "quarter": 2,
            "eps": null,
            "eps_growth_year": null,
            "eps_4q": null,
            "eps_4q_growth_year": null,
            "roe": null,
            "roe_4q": 0,
            "gross_profit": null,
            "gross_margin": null,
            "gross_margin_4q_avg": 0,
            "net_income": null,
            "revenue": null,
            "common_shares": null,
            "book_valuer_per_share": null,
            "book_valuer_per_share_4q_avg": 0,
            "equity": null,
            "current_ratio": null,
            "debt_ratio": null,
            "inventory_turnover_ratio": null,
            "account_receivable_turnover_ratio": null,
            "reinvestment_rate": null,
            "research_to_sale_ratio": null,
            "price_fair": 0,
            "eps_avg_yearly": 0,
            "eps_latest_yearly": 0,
            "eps_growth_yearly": 0
        },
        "20033": {
            "year_quarter": 20033,
            "year": 2003,
            "quarter": 3,
            "eps": null,
            "eps_growth_year": null,
            "eps_4q": null,
            "eps_4q_growth_year": null,
            "roe": null,
            "roe_4q": 0,
            "gross_profit": null,
            "gross_margin": null,
            "gross_margin_4q_avg": 0,
            "net_income": null,
            "revenue": null,
            "common_shares": null,
            "book_valuer_per_share": null,
            "book_valuer_per_share_4q_avg": 0,
            "equity": null,
            "current_ratio": null,
            "debt_ratio": null,
            "inventory_turnover_ratio": null,
            "account_receivable_turnover_ratio": null,
            "reinvestment_rate": null,
            "research_to_sale_ratio": null,
            "price_fair": 0,
            "eps_avg_yearly": 0,
            "eps_latest_yearly": 0,
            "eps_growth_yearly": 0
        },
        "20034": {
            "year_quarter": 20034,
            "year": 2003,
            "quarter": 4,
            "eps": null,
            "eps_growth_year": null,
            "eps_4q": null,
            "eps_4q_growth_year": null,
            "roe": null,
            "roe_4q": 0,
            "gross_profit": null,
            "gross_margin": null,
            "gross_margin_4q_avg": 0,
            "net_income": null,
            "revenue": null,
            "common_shares": null,
            "book_valuer_per_share": null,
            "book_valuer_per_share_4q_avg": 0,
            "equity": null,
            "current_ratio": null,
            "debt_ratio": null,
            "inventory_turnover_ratio": null,
            "account_receivable_turnover_ratio": null,
            "reinvestment_rate": null,
            "research_to_sale_ratio": null,
            "price_fair": 0,
            "eps_avg_yearly": 0,
            "eps_latest_yearly": 0,
            "eps_growth_yearly": 0
        },
        "20041": {
            "year_quarter": 20041,
            "year": 2004,
            "quarter": 1,
            "eps": null,
            "eps_growth_year": null,
            "eps_4q": null,
            "eps_4q_growth_year": null,
            "roe": null,
            "roe_4q": 0,
            "gross_profit": null,
            "gross_margin": null,
            "gross_margin_4q_avg": 0,
            "net_income": null,
            "revenue": null,
            "common_shares": null,
            "book_valuer_per_share": null,
            "book_valuer_per_share_4q_avg": 0,
            "equity": null,
            "current_ratio": null,
            "debt_ratio": null,
            "inventory_turnover_ratio": null,
            "account_receivable_turnover_ratio": null,
            "reinvestment_rate": null,
            "research_to_sale_ratio": null,
            "price_fair": 0,
            "eps_avg_yearly": 0,
            "eps_latest_yearly": 0,
            "eps_growth_yearly": 0
        },
        "20042": {
            "year_quarter": 20042,
            "year": 2004,
            "quarter": 2,
            "eps": null,
            "eps_growth_year": null,
            "eps_4q": null,
            "eps_4q_growth_year": null,
            "roe": null,
            "roe_4q": 0,
            "gross_profit": null,
            "gross_margin": null,
            "gross_margin_4q_avg": 0,
            "net_income": null,
            "revenue": null,
            "common_shares": null,
            "book_valuer_per_share": null,
            "book_valuer_per_share_4q_avg": 0,
            "equity": null,
            "current_ratio": null,
            "debt_ratio": null,
            "inventory_turnover_ratio": null,
            "account_receivable_turnover_ratio": null,
            "reinvestment_rate": null,
            "research_to_sale_ratio": null,
            "price_fair": 0,
            "eps_avg_yearly": 0,
            "eps_latest_yearly": 0,
            "eps_growth_yearly": 0
        },
        "20043": {
            "year_quarter": 20043,
            "year": 2004,
            "quarter": 3,
            "eps": null,
            "eps_growth_year": null,
            "eps_4q": null,
            "eps_4q_growth_year": null,
            "roe": null,
            "roe_4q": 0,
            "gross_profit": null,
            "gross_margin": null,
            "gross_margin_4q_avg": 0,
            "net_income": null,
            "revenue": null,
            "common_shares": null,
            "book_valuer_per_share": null,
            "book_valuer_per_share_4q_avg": 0,
            "equity": null,
            "current_ratio": null,
            "debt_ratio": null,
            "inventory_turnover_ratio": null,
            "account_receivable_turnover_ratio": null,
            "reinvestment_rate": null,
            "research_to_sale_ratio": null,
            "price_fair": 0,
            "eps_avg_yearly": 0,
            "eps_latest_yearly": 0,
            "eps_growth_yearly": 0
        },
        "20044": {
            "year_quarter": 20044,
            "year": 2004,
            "quarter": 4,
            "eps": null,
            "eps_growth_year": null,
            "eps_4q": null,
            "eps_4q_growth_year": null,
            "roe": null,
            "roe_4q": 0,
            "gross_profit": null,
            "gross_margin": null,
            "gross_margin_4q_avg": 0,
            "net_income": null,
            "revenue": null,
            "common_shares": null,
            "book_valuer_per_share": null,
            "book_valuer_per_share_4q_avg": 0,
            "equity": null,
            "current_ratio": null,
            "debt_ratio": null,
            "inventory_turnover_ratio": null,
            "account_receivable_turnover_ratio": null,
            "reinvestment_rate": null,
            "research_to_sale_ratio": null,
            "price_fair": 0,
            "eps_avg_yearly": 0,
            "eps_latest_yearly": 0,
            "eps_growth_yearly": 0
        },
        "20051": {
            "year_quarter": 20051,
            "year": 2005,
            "quarter": 1,
            "eps": null,
            "eps_growth_year": null,
            "eps_4q": null,
            "eps_4q_growth_year": null,
            "roe": null,
            "roe_4q": 0,
            "gross_profit": null,
            "gross_margin": null,
            "gross_margin_4q_avg": 0,
            "net_income": null,
            "revenue": null,
            "common_shares": null,
            "book_valuer_per_share": null,
            "book_valuer_per_share_4q_avg": 0,
            "equity": null,
            "current_ratio": null,
            "debt_ratio": null,
            "inventory_turnover_ratio": null,
            "account_receivable_turnover_ratio": null,
            "reinvestment_rate": null,
            "research_to_sale_ratio": null,
            "price_fair": 0,
            "eps_avg_yearly": 0,
            "eps_latest_yearly": 0,
            "eps_growth_yearly": 0
        },
        "20052": {
            "year_quarter": 20052,
            "year": 2005,
            "quarter": 2,
            "eps": null,
            "eps_growth_year": null,
            "eps_4q": null,
            "eps_4q_growth_year": null,
            "roe": null,
            "roe_4q": 0,
            "gross_profit": null,
            "gross_margin": null,
            "gross_margin_4q_avg": 0,
            "net_income": null,
            "revenue": null,
            "common_shares": null,
            "book_valuer_per_share": null,
            "book_valuer_per_share_4q_avg": 0,
            "equity": null,
            "current_ratio": null,
            "debt_ratio": null,
            "inventory_turnover_ratio": null,
            "account_receivable_turnover_ratio": null,
            "reinvestment_rate": null,
            "research_to_sale_ratio": null,
            "price_fair": 0,
            "eps_avg_yearly": 0,
            "eps_latest_yearly": 0,
            "eps_growth_yearly": 0
        },
        "20053": {
            "year_quarter": 20053,
            "year": 2005,
            "quarter": 3,
            "eps": null,
            "eps_growth_year": null,
            "eps_4q": null,
            "eps_4q_growth_year": null,
            "roe": null,
            "roe_4q": 0,
            "gross_profit": null,
            "gross_margin": null,
            "gross_margin_4q_avg": 0,
            "net_income": null,
            "revenue": null,
            "common_shares": null,
            "book_valuer_per_share": null,
            "book_valuer_per_share_4q_avg": 0,
            "equity": null,
            "current_ratio": null,
            "debt_ratio": null,
            "inventory_turnover_ratio": null,
            "account_receivable_turnover_ratio": null,
            "reinvestment_rate": null,
            "research_to_sale_ratio": null,
            "price_fair": 0,
            "eps_avg_yearly": 0,
            "eps_latest_yearly": 0,
            "eps_growth_yearly": 0
        },
        "20054": {
            "year_quarter": 20054,
            "year": 2005,
            "quarter": 4,
            "eps": null,
            "eps_growth_year": null,
            "eps_4q": null,
            "eps_4q_growth_year": null,
            "roe": null,
            "roe_4q": 0,
            "gross_profit": null,
            "gross_margin": null,
            "gross_margin_4q_avg": 0,
            "net_income": null,
            "revenue": null,
            "common_shares": null,
            "book_valuer_per_share": null,
            "book_valuer_per_share_4q_avg": 0,
            "equity": null,
            "current_ratio": null,
            "debt_ratio": null,
            "inventory_turnover_ratio": null,
            "account_receivable_turnover_ratio": null,
            "reinvestment_rate": null,
            "research_to_sale_ratio": null,
            "price_fair": 0,
            "eps_avg_yearly": 0,
            "eps_latest_yearly": 0,
            "eps_growth_yearly": 0
        },
        "20061": {
            "year_quarter": 20061,
            "year": 2006,
            "quarter": 1,
            "eps": null,
            "eps_growth_year": null,
            "eps_4q": null,
            "eps_4q_growth_year": null,
            "roe": null,
            "roe_4q": 0,
            "gross_profit": null,
            "gross_margin": null,
            "gross_margin_4q_avg": 0,
            "net_income": null,
            "revenue": null,
            "common_shares": null,
            "book_valuer_per_share": null,
            "book_valuer_per_share_4q_avg": 0,
            "equity": null,
            "current_ratio": null,
            "debt_ratio": null,
            "inventory_turnover_ratio": null,
            "account_receivable_turnover_ratio": null,
            "reinvestment_rate": null,
            "research_to_sale_ratio": null,
            "price_fair": 0,
            "eps_avg_yearly": 0,
            "eps_latest_yearly": 0,
            "eps_growth_yearly": 0
        },
        "20062": {
            "year_quarter": 20062,
            "year": 2006,
            "quarter": 2,
            "eps": null,
            "eps_growth_year": null,
            "eps_4q": null,
            "eps_4q_growth_year": null,
            "roe": null,
            "roe_4q": 0,
            "gross_profit": null,
            "gross_margin": null,
            "gross_margin_4q_avg": 0,
            "net_income": null,
            "revenue": null,
            "common_shares": null,
            "book_valuer_per_share": null,
            "book_valuer_per_share_4q_avg": 0,
            "equity": null,
            "current_ratio": null,
            "debt_ratio": null,
            "inventory_turnover_ratio": null,
            "account_receivable_turnover_ratio": null,
            "reinvestment_rate": null,
            "research_to_sale_ratio": null,
            "price_fair": 0,
            "eps_avg_yearly": 0,
            "eps_latest_yearly": 0,
            "eps_growth_yearly": 0
        },
        "20063": {
            "year_quarter": 20063,
            "year": 2006,
            "quarter": 3,
            "eps": null,
            "eps_growth_year": null,
            "eps_4q": null,
            "eps_4q_growth_year": null,
            "roe": null,
            "roe_4q": 0,
            "gross_profit": null,
            "gross_margin": null,
            "gross_margin_4q_avg": 0,
            "net_income": null,
            "revenue": null,
            "common_shares": null,
            "book_valuer_per_share": null,
            "book_valuer_per_share_4q_avg": 0,
            "equity": null,
            "current_ratio": null,
            "debt_ratio": null,
            "inventory_turnover_ratio": null,
            "account_receivable_turnover_ratio": null,
            "reinvestment_rate": null,
            "research_to_sale_ratio": null,
            "price_fair": 0,
            "eps_avg_yearly": 0,
            "eps_latest_yearly": 0,
            "eps_growth_yearly": 0
        },
        "20064": {
            "year_quarter": 20064,
            "year": 2006,
            "quarter": 4,
            "eps": null,
            "eps_growth_year": null,
            "eps_4q": null,
            "eps_4q_growth_year": null,
            "roe": null,
            "roe_4q": 0,
            "gross_profit": null,
            "gross_margin": null,
            "gross_margin_4q_avg": 0,
            "net_income": null,
            "revenue": null,
            "common_shares": null,
            "book_valuer_per_share": null,
            "book_valuer_per_share_4q_avg": 0,
            "equity": null,
            "current_ratio": null,
            "debt_ratio": null,
            "inventory_turnover_ratio": null,
            "account_receivable_turnover_ratio": null,
            "reinvestment_rate": null,
            "research_to_sale_ratio": null,
            "price_fair": 0,
            "eps_avg_yearly": 0,
            "eps_latest_yearly": 0,
            "eps_growth_yearly": 0
        },
        "20071": {
            "year_quarter": 20071,
            "year": 2007,
            "quarter": 1,
            "eps": null,
            "eps_growth_year": null,
            "eps_4q": null,
            "eps_4q_growth_year": null,
            "roe": null,
            "roe_4q": 0,
            "gross_profit": null,
            "gross_margin": null,
            "gross_margin_4q_avg": 0,
            "net_income": null,
            "revenue": null,
            "common_shares": null,
            "book_valuer_per_share": null,
            "book_valuer_per_share_4q_avg": 0,
            "equity": null,
            "current_ratio": null,
            "debt_ratio": null,
            "inventory_turnover_ratio": null,
            "account_receivable_turnover_ratio": null,
            "reinvestment_rate": null,
            "research_to_sale_ratio": null,
            "price_fair": 0,
            "eps_avg_yearly": 0,
            "eps_latest_yearly": 0,
            "eps_growth_yearly": 0
        },
        "20072": {
            "year_quarter": 20072,
            "year": 2007,
            "quarter": 2,
            "eps": null,
            "eps_growth_year": null,
            "eps_4q": null,
            "eps_4q_growth_year": null,
            "roe": null,
            "roe_4q": 0,
            "gross_profit": null,
            "gross_margin": null,
            "gross_margin_4q_avg": 0,
            "net_income": null,
            "revenue": null,
            "common_shares": null,
            "book_valuer_per_share": null,
            "book_valuer_per_share_4q_avg": 0,
            "equity": null,
            "current_ratio": null,
            "debt_ratio": null,
            "inventory_turnover_ratio": null,
            "account_receivable_turnover_ratio": null,
            "reinvestment_rate": null,
            "research_to_sale_ratio": null,
            "price_fair": 0,
            "eps_avg_yearly": 0,
            "eps_latest_yearly": 0,
            "eps_growth_yearly": 0
        },
        "20073": {
            "year_quarter": 20073,
            "year": 2007,
            "quarter": 3,
            "eps": null,
            "eps_growth_year": null,
            "eps_4q": null,
            "eps_4q_growth_year": null,
            "roe": null,
            "roe_4q": 0,
            "gross_profit": null,
            "gross_margin": null,
            "gross_margin_4q_avg": 0,
            "net_income": null,
            "revenue": null,
            "common_shares": null,
            "book_valuer_per_share": null,
            "book_valuer_per_share_4q_avg": 0,
            "equity": null,
            "current_ratio": null,
            "debt_ratio": null,
            "inventory_turnover_ratio": null,
            "account_receivable_turnover_ratio": null,
            "reinvestment_rate": null,
            "research_to_sale_ratio": null,
            "price_fair": 0,
            "eps_avg_yearly": 0,
            "eps_latest_yearly": 0,
            "eps_growth_yearly": 0
        },
        "20074": {
            "year_quarter": 20074,
            "year": 2007,
            "quarter": 4,
            "eps": null,
            "eps_growth_year": null,
            "eps_4q": null,
            "eps_4q_growth_year": null,
            "roe": null,
            "roe_4q": 0,
            "gross_profit": null,
            "gross_margin": null,
            "gross_margin_4q_avg": 0,
            "net_income": null,
            "revenue": null,
            "common_shares": null,
            "book_valuer_per_share": null,
            "book_valuer_per_share_4q_avg": 0,
            "equity": null,
            "current_ratio": null,
            "debt_ratio": null,
            "inventory_turnover_ratio": null,
            "account_receivable_turnover_ratio": null,
            "reinvestment_rate": null,
            "research_to_sale_ratio": null,
            "price_fair": 0,
            "eps_avg_yearly": 0,
            "eps_latest_yearly": 0,
            "eps_growth_yearly": 0
        },
        "20081": {
            "year_quarter": 20081,
            "year": 2008,
            "quarter": 1,
            "eps": null,
            "eps_growth_year": null,
            "eps_4q": null,
            "eps_4q_growth_year": null,
            "roe": null,
            "roe_4q": 0,
            "gross_profit": null,
            "gross_margin": null,
            "gross_margin_4q_avg": 0,
            "net_income": null,
            "revenue": null,
            "common_shares": null,
            "book_valuer_per_share": null,
            "book_valuer_per_share_4q_avg": 0,
            "equity": null,
            "current_ratio": null,
            "debt_ratio": null,
            "inventory_turnover_ratio": null,
            "account_receivable_turnover_ratio": null,
            "reinvestment_rate": null,
            "research_to_sale_ratio": null,
            "price_fair": 0,
            "eps_avg_yearly": 0,
            "eps_latest_yearly": 0,
            "eps_growth_yearly": 0
        },
        "20082": {
            "year_quarter": 20082,
            "year": 2008,
            "quarter": 2,
            "eps": null,
            "eps_growth_year": null,
            "eps_4q": null,
            "eps_4q_growth_year": null,
            "roe": null,
            "roe_4q": 0,
            "gross_profit": null,
            "gross_margin": null,
            "gross_margin_4q_avg": 0,
            "net_income": null,
            "revenue": null,
            "common_shares": null,
            "book_valuer_per_share": null,
            "book_valuer_per_share_4q_avg": 0,
            "equity": null,
            "current_ratio": null,
            "debt_ratio": null,
            "inventory_turnover_ratio": null,
            "account_receivable_turnover_ratio": null,
            "reinvestment_rate": null,
            "research_to_sale_ratio": null,
            "price_fair": 0,
            "eps_avg_yearly": 0,
            "eps_latest_yearly": 0,
            "eps_growth_yearly": 0
        },
        "20083": {
            "year_quarter": 20083,
            "year": 2008,
            "quarter": 3,
            "eps": null,
            "eps_growth_year": null,
            "eps_4q": null,
            "eps_4q_growth_year": null,
            "roe": null,
            "roe_4q": 0,
            "gross_profit": null,
            "gross_margin": null,
            "gross_margin_4q_avg": 0,
            "net_income": null,
            "revenue": null,
            "common_shares": null,
            "book_valuer_per_share": null,
            "book_valuer_per_share_4q_avg": 0,
            "equity": null,
            "current_ratio": null,
            "debt_ratio": null,
            "inventory_turnover_ratio": null,
            "account_receivable_turnover_ratio": null,
            "reinvestment_rate": null,
            "research_to_sale_ratio": null,
            "price_fair": 0,
            "eps_avg_yearly": 0,
            "eps_latest_yearly": 0,
            "eps_growth_yearly": 0
        },
        "20084": {
            "year_quarter": 20084,
            "year": 2008,
            "quarter": 4,
            "eps": null,
            "eps_growth_year": null,
            "eps_4q": null,
            "eps_4q_growth_year": null,
            "roe": null,
            "roe_4q": 0,
            "gross_profit": null,
            "gross_margin": null,
            "gross_margin_4q_avg": 0,
            "net_income": null,
            "revenue": null,
            "common_shares": null,
            "book_valuer_per_share": null,
            "book_valuer_per_share_4q_avg": 0,
            "equity": null,
            "current_ratio": null,
            "debt_ratio": null,
            "inventory_turnover_ratio": null,
            "account_receivable_turnover_ratio": null,
            "reinvestment_rate": null,
            "research_to_sale_ratio": null,
            "price_fair": 0,
            "eps_avg_yearly": 0,
            "eps_latest_yearly": 0,
            "eps_growth_yearly": 0
        },
        "20091": {
            "year_quarter": 20091,
            "year": 2009,
            "quarter": 1,
            "eps": null,
            "eps_growth_year": null,
            "eps_4q": null,
            "eps_4q_growth_year": null,
            "roe": null,
            "roe_4q": 0,
            "gross_profit": null,
            "gross_margin": null,
            "gross_margin_4q_avg": 0,
            "net_income": null,
            "revenue": null,
            "common_shares": null,
            "book_valuer_per_share": null,
            "book_valuer_per_share_4q_avg": 0,
            "equity": null,
            "current_ratio": null,
            "debt_ratio": null,
            "inventory_turnover_ratio": null,
            "account_receivable_turnover_ratio": null,
            "reinvestment_rate": null,
            "research_to_sale_ratio": null,
            "price_fair": 0,
            "eps_avg_yearly": 0,
            "eps_latest_yearly": 0,
            "eps_growth_yearly": 0
        },
        "20092": {
            "year_quarter": 20092,
            "year": 2009,
            "quarter": 2,
            "eps": null,
            "eps_growth_year": null,
            "eps_4q": null,
            "eps_4q_growth_year": null,
            "roe": null,
            "roe_4q": 0,
            "gross_profit": null,
            "gross_margin": null,
            "gross_margin_4q_avg": 0,
            "net_income": null,
            "revenue": null,
            "common_shares": null,
            "book_valuer_per_share": null,
            "book_valuer_per_share_4q_avg": 0,
            "equity": null,
            "current_ratio": null,
            "debt_ratio": null,
            "inventory_turnover_ratio": null,
            "account_receivable_turnover_ratio": null,
            "reinvestment_rate": null,
            "research_to_sale_ratio": null,
            "price_fair": 0,
            "eps_avg_yearly": 0,
            "eps_latest_yearly": 0,
            "eps_growth_yearly": 0
        },
        "20093": {
            "year_quarter": 20093,
            "year": 2009,
            "quarter": 3,
            "eps": null,
            "eps_growth_year": null,
            "eps_4q": null,
            "eps_4q_growth_year": null,
            "roe": null,
            "roe_4q": 0,
            "gross_profit": null,
            "gross_margin": null,
            "gross_margin_4q_avg": 0,
            "net_income": null,
            "revenue": null,
            "common_shares": null,
            "book_valuer_per_share": null,
            "book_valuer_per_share_4q_avg": 0,
            "equity": null,
            "current_ratio": null,
            "debt_ratio": null,
            "inventory_turnover_ratio": null,
            "account_receivable_turnover_ratio": null,
            "reinvestment_rate": null,
            "research_to_sale_ratio": null,
            "price_fair": 0,
            "eps_avg_yearly": 0,
            "eps_latest_yearly": 0,
            "eps_growth_yearly": 0
        },
        "20094": {
            "year_quarter": 20094,
            "year": 2009,
            "quarter": 4,
            "eps": null,
            "eps_growth_year": null,
            "eps_4q": null,
            "eps_4q_growth_year": null,
            "roe": null,
            "roe_4q": 0,
            "gross_profit": null,
            "gross_margin": null,
            "gross_margin_4q_avg": 0,
            "net_income": null,
            "revenue": null,
            "common_shares": 0,
            "book_valuer_per_share": null,
            "book_valuer_per_share_4q_avg": 0,
            "equity": 0,
            "current_ratio": null,
            "debt_ratio": null,
            "inventory_turnover_ratio": null,
            "account_receivable_turnover_ratio": null,
            "reinvestment_rate": null,
            "research_to_sale_ratio": null,
            "price_fair": 0,
            "eps_avg_yearly": 0,
            "eps_latest_yearly": 0,
            "eps_growth_yearly": 0
        },
        "20101": {
            "year_quarter": 20101,
            "year": 2010,
            "quarter": 1,
            "eps": null,
            "eps_growth_year": null,
            "eps_4q": null,
            "eps_4q_growth_year": null,
            "roe": null,
            "roe_4q": 0,
            "gross_profit": null,
            "gross_margin": null,
            "gross_margin_4q_avg": 0,
            "net_income": null,
            "revenue": null,
            "common_shares": null,
            "book_valuer_per_share": null,
            "book_valuer_per_share_4q_avg": 0,
            "equity": null,
            "current_ratio": null,
            "debt_ratio": null,
            "inventory_turnover_ratio": null,
            "account_receivable_turnover_ratio": null,
            "reinvestment_rate": null,
            "research_to_sale_ratio": null,
            "price_fair": 0,
            "eps_avg_yearly": 0,
            "eps_latest_yearly": 0,
            "eps_growth_yearly": 0
        },
        "20102": {
            "year_quarter": 20102,
            "year": 2010,
            "quarter": 2,
            "eps": null,
            "eps_growth_year": null,
            "eps_4q": null,
            "eps_4q_growth_year": null,
            "roe": null,
            "roe_4q": 0,
            "gross_profit": null,
            "gross_margin": null,
            "gross_margin_4q_avg": 0,
            "net_income": null,
            "revenue": null,
            "common_shares": null,
            "book_valuer_per_share": null,
            "book_valuer_per_share_4q_avg": 0,
            "equity": null,
            "current_ratio": null,
            "debt_ratio": null,
            "inventory_turnover_ratio": null,
            "account_receivable_turnover_ratio": null,
            "reinvestment_rate": null,
            "research_to_sale_ratio": null,
            "price_fair": 0,
            "eps_avg_yearly": 0,
            "eps_latest_yearly": 0,
            "eps_growth_yearly": 0
        },
        "20103": {
            "year_quarter": 20103,
            "year": 2010,
            "quarter": 3,
            "eps": null,
            "eps_growth_year": null,
            "eps_4q": null,
            "eps_4q_growth_year": null,
            "roe": null,
            "roe_4q": 0,
            "gross_profit": null,
            "gross_margin": null,
            "gross_margin_4q_avg": 0,
            "net_income": null,
            "revenue": null,
            "common_shares": null,
            "book_valuer_per_share": null,
            "book_valuer_per_share_4q_avg": 0,
            "equity": null,
            "current_ratio": null,
            "debt_ratio": null,
            "inventory_turnover_ratio": null,
            "account_receivable_turnover_ratio": null,
            "reinvestment_rate": null,
            "research_to_sale_ratio": null,
            "price_fair": 0,
            "eps_avg_yearly": 0,
            "eps_latest_yearly": 0,
            "eps_growth_yearly": 0
        },
        "20104": {
            "year_quarter": 20104,
            "year": 2010,
            "quarter": 4,
            "eps": null,
            "eps_growth_year": null,
            "eps_4q": null,
            "eps_4q_growth_year": null,
            "roe": null,
            "roe_4q": 0,
            "gross_profit": null,
            "gross_margin": null,
            "gross_margin_4q_avg": 0,
            "net_income": null,
            "revenue": null,
            "common_shares": 150000,
            "book_valuer_per_share": 11.56,
            "book_valuer_per_share_4q_avg": 2.89,
            "equity": 173333,
            "current_ratio": 103.54,
            "debt_ratio": 46.67,
            "inventory_turnover_ratio": null,
            "account_receivable_turnover_ratio": null,
            "reinvestment_rate": null,
            "research_to_sale_ratio": null,
            "price_fair": 0,
            "eps_avg_yearly": 0,
            "eps_latest_yearly": 0,
            "eps_growth_yearly": 0
        },
        "20111": {
            "year_quarter": 20111,
            "year": 2011,
            "quarter": 1,
            "eps": null,
            "eps_growth_year": null,
            "eps_4q": null,
            "eps_4q_growth_year": null,
            "roe": null,
            "roe_4q": 0,
            "gross_profit": null,
            "gross_margin": null,
            "gross_margin_4q_avg": 0,
            "net_income": null,
            "revenue": null,
            "common_shares": null,
            "book_valuer_per_share": null,
            "book_valuer_per_share_4q_avg": 2.89,
            "equity": null,
            "current_ratio": null,
            "debt_ratio": null,
            "inventory_turnover_ratio": null,
            "account_receivable_turnover_ratio": null,
            "reinvestment_rate": null,
            "research_to_sale_ratio": null,
            "price_fair": 0,
            "eps_avg_yearly": 0,
            "eps_latest_yearly": 0,
            "eps_growth_yearly": 0
        },
        "20112": {
            "year_quarter": 20112,
            "year": 2011,
            "quarter": 2,
            "eps": null,
            "eps_growth_year": null,
            "eps_4q": null,
            "eps_4q_growth_year": null,
            "roe": null,
            "roe_4q": 0,
            "gross_profit": null,
            "gross_margin": null,
            "gross_margin_4q_avg": 0,
            "net_income": null,
            "revenue": null,
            "common_shares": 150000,
            "book_valuer_per_share": null,
            "book_valuer_per_share_4q_avg": 2.89,
            "equity": 217476,
            "current_ratio": null,
            "debt_ratio": null,
            "inventory_turnover_ratio": null,
            "account_receivable_turnover_ratio": null,
            "reinvestment_rate": null,
            "research_to_sale_ratio": null,
            "price_fair": 0,
            "eps_avg_yearly": 0,
            "eps_latest_yearly": 0,
            "eps_growth_yearly": 0
        },
        "20113": {
            "year_quarter": 20113,
            "year": 2011,
            "quarter": 3,
            "eps": null,
            "eps_growth_year": null,
            "eps_4q": null,
            "eps_4q_growth_year": null,
            "roe": null,
            "roe_4q": 0,
            "gross_profit": 57201,
            "gross_margin": null,
            "gross_margin_4q_avg": 0,
            "net_income": 32612,
            "revenue": 295863,
            "common_shares": 150000,
            "book_valuer_per_share": 17.83,
            "book_valuer_per_share_4q_avg": 7.35,
            "equity": 268398,
            "current_ratio": 108.15,
            "debt_ratio": 52.36,
            "inventory_turnover_ratio": null,
            "account_receivable_turnover_ratio": null,
            "reinvestment_rate": null,
            "research_to_sale_ratio": null,
            "price_fair": 0,
            "eps_avg_yearly": 0,
            "eps_latest_yearly": 0,
            "eps_growth_yearly": 0
        },
        "20114": {
            "year_quarter": 20114,
            "year": 2011,
            "quarter": 4,
            "eps": null,
            "eps_growth_year": null,
            "eps_4q": null,
            "eps_4q_growth_year": null,
            "roe": null,
            "roe_4q": 0,
            "gross_profit": 49873,
            "gross_margin": null,
            "gross_margin_4q_avg": 0,
            "net_income": 8446,
            "revenue": 231779,
            "common_shares": 150000,
            "book_valuer_per_share": 18.38,
            "book_valuer_per_share_4q_avg": 9.05,
            "equity": 276820,
            "current_ratio": 106.78,
            "debt_ratio": 52.94,
            "inventory_turnover_ratio": null,
            "account_receivable_turnover_ratio": null,
            "reinvestment_rate": null,
            "research_to_sale_ratio": null,
            "price_fair": 0,
            "eps_avg_yearly": 0,
            "eps_latest_yearly": 0,
            "eps_growth_yearly": 0
        },
        "20121": {
            "year_quarter": 20121,
            "year": 2012,
            "quarter": 1,
            "eps": null,
            "eps_growth_year": null,
            "eps_4q": null,
            "eps_4q_growth_year": null,
            "roe": null,
            "roe_4q": 0,
            "gross_profit": 48748,
            "gross_margin": null,
            "gross_margin_4q_avg": 0,
            "net_income": 12601,
            "revenue": 248034,
            "common_shares": 150000,
            "book_valuer_per_share": 18.75,
            "book_valuer_per_share_4q_avg": 13.74,
            "equity": 282540,
            "current_ratio": 111.81,
            "debt_ratio": 50.22,
            "inventory_turnover_ratio": null,
            "account_receivable_turnover_ratio": null,
            "reinvestment_rate": null,
            "research_to_sale_ratio": null,
            "price_fair": 0,
            "eps_avg_yearly": 0,
            "eps_latest_yearly": 0,
            "eps_growth_yearly": 0
        },
        "20122": {
            "year_quarter": 20122,
            "year": 2012,
            "quarter": 2,
            "eps": 1.44,
            "eps_growth_year": null,
            "eps_4q": 1.44,
            "eps_4q_growth_year": null,
            "roe": 7.84,
            "roe_4q": 7.84,
            "gross_profit": 76972,
            "gross_margin": 20.64,
            "gross_margin_4q_avg": 5.16,
            "net_income": 22754,
            "revenue": 372863,
            "common_shares": 158400,
            "book_valuer_per_share": 18.71,
            "book_valuer_per_share_4q_avg": 18.42,
            "equity": 297954,
            "current_ratio": 110.64,
            "debt_ratio": 52.17,
            "inventory_turnover_ratio": 2.99,
            "account_receivable_turnover_ratio": 6.59,
            "reinvestment_rate": null,
            "research_to_sale_ratio": null,
            "price_fair": 0,
            "eps_avg_yearly": 0,
            "eps_latest_yearly": 0,
            "eps_growth_yearly": 0
        },
        "20123": {
            "year_quarter": 20123,
            "year": 2012,
            "quarter": 3,
            "eps": 2.04,
            "eps_growth_year": null,
            "eps_4q": 3.33,
            "eps_4q_growth_year": null,
            "roe": 10.23,
            "roe_4q": 18.07,
            "gross_profit": 96635,
            "gross_margin": 23.71,
            "gross_margin_4q_avg": 11.09,
            "net_income": 36143,
            "revenue": 407494,
            "common_shares": 176400,
            "book_valuer_per_share": 23.06,
            "book_valuer_per_share_4q_avg": 19.73,
            "equity": 408372,
            "current_ratio": 148.62,
            "debt_ratio": 44.27,
            "inventory_turnover_ratio": 3.62,
            "account_receivable_turnover_ratio": 3.99,
            "reinvestment_rate": null,
            "research_to_sale_ratio": 0.41,
            "price_fair": 285.6,
            "eps_avg_yearly": 8.16,
            "eps_latest_yearly": 8.16,
            "eps_growth_yearly": 166.67
        },
        "20124": {
            "year_quarter": 20124,
            "year": 2012,
            "quarter": 4,
            "eps": 1.25,
            "eps_growth_year": null,
            "eps_4q": 4.58,
            "eps_4q_growth_year": null,
            "roe": 5.29,
            "roe_4q": 23.36,
            "gross_profit": 72982,
            "gross_margin": 26.59,
            "gross_margin_4q_avg": 17.74,
            "net_income": 22184,
            "revenue": 274464,
            "common_shares": 176400,
            "book_valuer_per_share": 24.3,
            "book_valuer_per_share_4q_avg": 21.21,
            "equity": 430514,
            "current_ratio": 159.9,
            "debt_ratio": 41.25,
            "inventory_turnover_ratio": 2.52,
            "account_receivable_turnover_ratio": 3.55,
            "reinvestment_rate": null,
            "research_to_sale_ratio": 1.77,
            "price_fair": 104.51,
            "eps_avg_yearly": 6.58,
            "eps_latest_yearly": 5,
            "eps_growth_yearly": 5.88
        },
        "20131": {
            "year_quarter": 20131,
            "year": 2013,
            "quarter": 1,
            "eps": 2.59,
            "eps_growth_year": null,
            "eps_4q": 7.17,
            "eps_4q_growth_year": null,
            "roe": 9.95,
            "roe_4q": 33.31,
            "gross_profit": 99725,
            "gross_margin": 29.2,
            "gross_margin_4q_avg": 25.04,
            "net_income": 45783,
            "revenue": 341578,
            "common_shares": 176400,
            "book_valuer_per_share": 27.68,
            "book_valuer_per_share_4q_avg": 23.44,
            "equity": 490150,
            "current_ratio": 182.94,
            "debt_ratio": 39.04,
            "inventory_turnover_ratio": 3.11,
            "account_receivable_turnover_ratio": 4.34,
            "reinvestment_rate": null,
            "research_to_sale_ratio": 0.71,
            "price_fair": 274.4,
            "eps_avg_yearly": 7.84,
            "eps_latest_yearly": 10.36,
            "eps_growth_yearly": 146.85
        },
        "20132": {
            "year_quarter": 20132,
            "year": 2013,
            "quarter": 2,
            "eps": 3.44,
            "eps_growth_year": 139.47,
            "eps_4q": 9.32,
            "eps_4q_growth_year": 549.04,
            "roe": 11.98,
            "roe_4q": 37.45,
            "gross_profit": 135783,
            "gross_margin": 29.03,
            "gross_margin_4q_avg": 27.13,
            "net_income": 60805,
            "revenue": 467750,
            "common_shares": 176400,
            "book_valuer_per_share": 29.63,
            "book_valuer_per_share_4q_avg": 26.17,
            "equity": 524812,
            "current_ratio": 166.58,
            "debt_ratio": 43.57,
            "inventory_turnover_ratio": 4.19,
            "account_receivable_turnover_ratio": 4.02,
            "reinvestment_rate": null,
            "research_to_sale_ratio": 0.72,
            "price_fair": 326.2,
            "eps_avg_yearly": 9.32,
            "eps_latest_yearly": 13.76,
            "eps_growth_yearly": 142.96
        },
        "20133": {
            "year_quarter": 20133,
            "year": 2013,
            "quarter": 3,
            "eps": 4.06,
            "eps_growth_year": 98.76,
            "eps_4q": 11.34,
            "eps_4q_growth_year": 240.36,
            "roe": 12.89,
            "roe_4q": 40.11,
            "gross_profit": 168652,
            "gross_margin": 30.18,
            "gross_margin_4q_avg": 28.75,
            "net_income": 71878,
            "revenue": 558784,
            "common_shares": 176400,
            "book_valuer_per_share": 33.34,
            "book_valuer_per_share_4q_avg": 28.74,
            "equity": 590401,
            "current_ratio": 162.52,
            "debt_ratio": 44.53,
            "inventory_turnover_ratio": 4.58,
            "account_receivable_turnover_ratio": 3.98,
            "reinvestment_rate": null,
            "research_to_sale_ratio": 0.61,
            "price_fair": 374.64,
            "eps_avg_yearly": 10.7,
            "eps_latest_yearly": 16.24,
            "eps_growth_yearly": 128.79
        },
        "20134": {
            "year_quarter": 20134,
            "year": 2013,
            "quarter": 4,
            "eps": 2.17,
            "eps_growth_year": 74.39,
            "eps_4q": 12.27,
            "eps_4q_growth_year": 167.93,
            "roe": 6.22,
            "roe_4q": 41.04,
            "gross_profit": 103827,
            "gross_margin": 28.72,
            "gross_margin_4q_avg": 29.28,
            "net_income": 38286,
            "revenue": 361529,
            "common_shares": 176400,
            "book_valuer_per_share": 36.15,
            "book_valuer_per_share_4q_avg": 31.7,
            "equity": 639858,
            "current_ratio": 188.5,
            "debt_ratio": 38.39,
            "inventory_turnover_ratio": 2.88,
            "account_receivable_turnover_ratio": 2.98,
            "reinvestment_rate": null,
            "research_to_sale_ratio": 1.01,
            "price_fair": 362.83,
            "eps_avg_yearly": 10.37,
            "eps_latest_yearly": 8.68,
            "eps_growth_yearly": 76.29
        },
        "20141": {
            "year_quarter": 20141,
            "year": 2014,
            "quarter": 1,
            "eps": 3.21,
            "eps_growth_year": 23.94,
            "eps_4q": 12.89,
            "eps_4q_growth_year": 79.72,
            "roe": 8.51,
            "roe_4q": 39.6,
            "gross_profit": 135303,
            "gross_margin": 31.34,
            "gross_margin_4q_avg": 29.82,
            "net_income": 56727,
            "revenue": 431753,
            "common_shares": 176400,
            "book_valuer_per_share": 39.17,
            "book_valuer_per_share_4q_avg": 34.57,
            "equity": 693262,
            "current_ratio": 191.37,
            "debt_ratio": 37.24,
            "inventory_turnover_ratio": 3.04,
            "account_receivable_turnover_ratio": 4.08,
            "reinvestment_rate": null,
            "research_to_sale_ratio": 0.87,
            "price_fair": 375.2,
            "eps_avg_yearly": 10.72,
            "eps_latest_yearly": 12.84,
            "eps_growth_yearly": 92.78
        },
        "20142": {
            "year_quarter": 20142,
            "year": 2014,
            "quarter": 2,
            "eps": 3.04,
            "eps_growth_year": -11.63,
            "eps_4q": 9.79,
            "eps_4q_growth_year": 4.98,
            "roe": 11.07,
            "roe_4q": 38.69,
            "gross_profit": 193703,
            "gross_margin": 31.99,
            "gross_margin_4q_avg": 30.56,
            "net_income": 75316,
            "revenue": 605485,
            "common_shares": 176400,
            "book_valuer_per_share": 37.69,
            "book_valuer_per_share_4q_avg": 36.59,
            "equity": 667355,
            "current_ratio": 154.05,
            "debt_ratio": 46.93,
            "inventory_turnover_ratio": 3.86,
            "account_receivable_turnover_ratio": 4.64,
            "reinvestment_rate": null,
            "research_to_sale_ratio": 0.67,
            "price_fair": 381.5,
            "eps_avg_yearly": 10.9,
            "eps_latest_yearly": 12.16,
            "eps_growth_yearly": 78.53
        },
        "20143": {
            "year_quarter": 20143,
            "year": 2014,
            "quarter": 3,
            "eps": 3.21,
            "eps_growth_year": -20.94,
            "eps_4q": 10.1,
            "eps_4q_growth_year": -10.98,
            "roe": 11.09,
            "roe_4q": 36.89,
            "gross_profit": 195365,
            "gross_margin": 31.47,
            "gross_margin_4q_avg": 30.88,
            "net_income": 79405,
            "revenue": 620809,
            "common_shares": 246960,
            "book_valuer_per_share": 30.86,
            "book_valuer_per_share_4q_avg": 35.97,
            "equity": 764918,
            "current_ratio": 172.35,
            "debt_ratio": 43.26,
            "inventory_turnover_ratio": 3.59,
            "account_receivable_turnover_ratio": 4.09,
            "reinvestment_rate": null,
            "research_to_sale_ratio": 0.85,
            "price_fair": 389.04,
            "eps_avg_yearly": 11.12,
            "eps_latest_yearly": 12.84,
            "eps_growth_yearly": 72.29
        },
        "20144": {
            "year_quarter": 20144,
            "year": 2014,
            "quarter": 4,
            "eps": 1.31,
            "eps_growth_year": -39.96,
            "eps_4q": 9.85,
            "eps_4q_growth_year": -19.73,
            "roe": 4.09,
            "roe_4q": 34.76,
            "gross_profit": 113875,
            "gross_margin": 28.79,
            "gross_margin_4q_avg": 30.9,
            "net_income": 32442,
            "revenue": 395525,
            "common_shares": 246960,
            "book_valuer_per_share": 33.18,
            "book_valuer_per_share_4q_avg": 35.23,
            "equity": 822132,
            "current_ratio": 171.97,
            "debt_ratio": 41.62,
            "inventory_turnover_ratio": 2.09,
            "account_receivable_turnover_ratio": 2.95,
            "reinvestment_rate": null,
            "research_to_sale_ratio": 1.23,
            "price_fair": 368.48,
            "eps_avg_yearly": 10.53,
            "eps_latest_yearly": 5.24,
            "eps_growth_yearly": 41.39
        },
        "20151": {
            "year_quarter": 20151,
            "year": 2015,
            "quarter": 1,
            "eps": 1.91,
            "eps_growth_year": -40.5,
            "eps_4q": 9.47,
            "eps_4q_growth_year": -26.5,
            "roe": 5.64,
            "roe_4q": 31.89,
            "gross_profit": 147451,
            "gross_margin": 29.12,
            "gross_margin_4q_avg": 30.34,
            "net_income": 47510,
            "revenue": 506333,
            "common_shares": 246960,
            "book_valuer_per_share": 34.78,
            "book_valuer_per_share_4q_avg": 34.13,
            "equity": 861850,
            "current_ratio": 165.69,
            "debt_ratio": 43.03,
            "inventory_turnover_ratio": 2.48,
            "account_receivable_turnover_ratio": 4.1,
            "reinvestment_rate": null,
            "research_to_sale_ratio": 1.25,
            "price_fair": 359.29,
            "eps_avg_yearly": 10.27,
            "eps_latest_yearly": 7.64,
            "eps_growth_yearly": 54.28
        },
        "20152": {
            "year_quarter": 20152,
            "year": 2015,
            "quarter": 2,
            "eps": 3.02,
            "eps_growth_year": -0.66,
            "eps_4q": 8.87,
            "eps_4q_growth_year": -9.36,
            "roe": 9.93,
            "roe_4q": 30.75,
            "gross_profit": 208916,
            "gross_margin": 29.8,
            "gross_margin_4q_avg": 29.8,
            "net_income": 83100,
            "revenue": 701170,
            "common_shares": 246960,
            "book_valuer_per_share": 32.1,
            "book_valuer_per_share_4q_avg": 32.73,
            "equity": 811626,
            "current_ratio": 137.18,
            "debt_ratio": 51.84,
            "inventory_turnover_ratio": 2.95,
            "account_receivable_turnover_ratio": 4.34,
            "reinvestment_rate": 26.91,
            "research_to_sale_ratio": 1.17,
            "price_fair": 364.58,
            "eps_avg_yearly": 10.42,
            "eps_latest_yearly": 12.08,
            "eps_growth_yearly": 69.13
        },
        "20153": {
            "year_quarter": 20153,
            "year": 2015,
            "quarter": 3,
            "eps": 2.58,
            "eps_growth_year": -19.63,
            "eps_4q": 8.53,
            "eps_4q_growth_year": -15.5,
            "roe": 7.86,
            "roe_4q": 27.52,
            "gross_profit": 201293,
            "gross_margin": 26.89,
            "gross_margin_4q_avg": 28.65,
            "net_income": 67828,
            "revenue": 748648,
            "common_shares": 271656,
            "book_valuer_per_share": 33.04,
            "book_valuer_per_share_4q_avg": 33.28,
            "equity": 914915,
            "current_ratio": 150.5,
            "debt_ratio": 47.8,
            "inventory_turnover_ratio": 2.89,
            "account_receivable_turnover_ratio": 3.45,
            "reinvestment_rate": 25.12,
            "research_to_sale_ratio": 0.95,
            "price_fair": 364.32,
            "eps_avg_yearly": 10.41,
            "eps_latest_yearly": 10.32,
            "eps_growth_yearly": 59.33
        },
        "20154": {
            "year_quarter": 20154,
            "year": 2015,
            "quarter": 4,
            "eps": 0.41,
            "eps_growth_year": -68.52,
            "eps_4q": 7.76,
            "eps_4q_growth_year": -21.26,
            "roe": 1.12,
            "roe_4q": 24.55,
            "gross_profit": 117167,
            "gross_margin": 26.08,
            "gross_margin_4q_avg": 27.97,
            "net_income": 10013,
            "revenue": 449308,
            "common_shares": 271656,
            "book_valuer_per_share": 32.15,
            "book_valuer_per_share_4q_avg": 33.02,
            "equity": 876595,
            "current_ratio": 150.95,
            "debt_ratio": 46.65,
            "inventory_turnover_ratio": 1.73,
            "account_receivable_turnover_ratio": 2.35,
            "reinvestment_rate": 28.72,
            "research_to_sale_ratio": 1.78,
            "price_fair": 342.4,
            "eps_avg_yearly": 9.78,
            "eps_latest_yearly": 1.64,
            "eps_growth_yearly": 31.06
        },
        "20161": {
            "year_quarter": 20161,
            "year": 2016,
            "quarter": 1,
            "eps": 1.44,
            "eps_growth_year": -24.61,
            "eps_4q": 7.46,
            "eps_4q_growth_year": -21.27,
            "roe": 4.39,
            "roe_4q": 23.3,
            "gross_profit": 150206,
            "gross_margin": 28.04,
            "gross_margin_4q_avg": 27.7,
            "net_income": 39253,
            "revenue": 535660,
            "common_shares": 271656,
            "book_valuer_per_share": 33.42,
            "book_valuer_per_share_4q_avg": 32.68,
            "equity": 911206,
            "current_ratio": 156.88,
            "debt_ratio": 48.22,
            "inventory_turnover_ratio": 2,
            "account_receivable_turnover_ratio": 3.42,
            "reinvestment_rate": 28.71,
            "research_to_sale_ratio": 1.31,
            "price_fair": 333.01,
            "eps_avg_yearly": 9.51,
            "eps_latest_yearly": 5.76,
            "eps_growth_yearly": 95.98
        },
        "20162": {
            "year_quarter": 20162,
            "year": 2016,
            "quarter": 2,
            "eps": 2.69,
            "eps_growth_year": -10.93,
            "eps_4q": 7.12,
            "eps_4q_growth_year": -19.73,
            "roe": 8.29,
            "roe_4q": 21.66,
            "gross_profit": 235375,
            "gross_margin": 30.65,
            "gross_margin_4q_avg": 27.92,
            "net_income": 73125,
            "revenue": 767875,
            "common_shares": 271656,
            "book_valuer_per_share": 31.25,
            "book_valuer_per_share_4q_avg": 32.47,
            "equity": 852390,
            "current_ratio": 135.91,
            "debt_ratio": 55.81,
            "inventory_turnover_ratio": 2.53,
            "account_receivable_turnover_ratio": 4,
            "reinvestment_rate": 26.36,
            "research_to_sale_ratio": 0.93,
            "price_fair": 335.74,
            "eps_avg_yearly": 9.59,
            "eps_latest_yearly": 10.76,
            "eps_growth_yearly": 111.68
        },
        "20163": {
            "year_quarter": 20163,
            "year": 2016,
            "quarter": 3,
            "eps": 3.45,
            "eps_growth_year": 33.72,
            "eps_4q": 7.99,
            "eps_4q_growth_year": -6.37,
            "roe": 10.62,
            "roe_4q": 24.419999999999998,
            "gross_profit": 275505,
            "gross_margin": 30.52,
            "gross_margin_4q_avg": 28.82,
            "net_income": 94068,
            "revenue": 902558,
            "common_shares": 271656,
            "book_valuer_per_share": 33.68,
            "book_valuer_per_share_4q_avg": 32.63,
            "equity": 918575,
            "current_ratio": 151.27,
            "debt_ratio": 49.73,
            "inventory_turnover_ratio": 2.96,
            "account_receivable_turnover_ratio": 3.91,
            "reinvestment_rate": 25.14,
            "research_to_sale_ratio": 0.91,
            "price_fair": 348.08,
            "eps_avg_yearly": 9.95,
            "eps_latest_yearly": 13.8,
            "eps_growth_yearly": 108.33
        },
        "20164": {
            "year_quarter": 20164,
            "year": 2016,
            "quarter": 4,
            "eps": 0.77,
            "eps_growth_year": 88.05,
            "eps_4q": 8.35,
            "eps_4q_growth_year": 7.66,
            "roe": 2.33,
            "roe_4q": 25.63,
            "gross_profit": 124274,
            "gross_margin": 26.26,
            "gross_margin_4q_avg": 28.87,
            "net_income": 21459,
            "revenue": 473201,
            "common_shares": 271656,
            "book_valuer_per_share": 33.9,
            "book_valuer_per_share_4q_avg": 33.06,
            "equity": 925025,
            "current_ratio": 164.2,
            "debt_ratio": 46.57,
            "inventory_turnover_ratio": 1.67,
            "account_receivable_turnover_ratio": 2.41,
            "reinvestment_rate": 22.99,
            "research_to_sale_ratio": 1.52,
            "price_fair": 343.88,
            "eps_avg_yearly": 9.83,
            "eps_latest_yearly": 3.08,
            "eps_growth_yearly": 98.59
        },
        "20171": {
            "year_quarter": 20171,
            "year": 2017,
            "quarter": 1,
            "eps": 1.59,
            "eps_growth_year": 10.42,
            "eps_4q": 8.49,
            "eps_4q_growth_year": 13.9,
            "roe": 4.66,
            "roe_4q": 25.9,
            "gross_profit": 181691,
            "gross_margin": 29.24,
            "gross_margin_4q_avg": 29.17,
            "net_income": 43057,
            "revenue": 621417,
            "common_shares": 271656,
            "book_valuer_per_share": 33.9,
            "book_valuer_per_share_4q_avg": 33.18,
            "equity": 924536,
            "current_ratio": 172.86,
            "debt_ratio": 44.77,
            "inventory_turnover_ratio": 2.1,
            "account_receivable_turnover_ratio": 4.13,
            "reinvestment_rate": 21.91,
            "research_to_sale_ratio": 1.59,
            "price_fair": 335.13,
            "eps_avg_yearly": 9.58,
            "eps_latest_yearly": 6.36,
            "eps_growth_yearly": 98.41
        },
        "20172": {
            "year_quarter": 20172,
            "year": 2017,
            "quarter": 2,
            "eps": 3.52,
            "eps_growth_year": 30.86,
            "eps_4q": 9.33,
            "eps_4q_growth_year": 31,
            "roe": 10.41,
            "roe_4q": 28.019999999999996,
            "gross_profit": 246800,
            "gross_margin": 30.82,
            "gross_margin_4q_avg": 29.21,
            "net_income": 96104,
            "revenue": 800749,
            "common_shares": 271656,
            "book_valuer_per_share": 33.77,
            "book_valuer_per_share_4q_avg": 33.81,
            "equity": 921434,
            "current_ratio": 131.41,
            "debt_ratio": 57.33,
            "inventory_turnover_ratio": 2.79,
            "account_receivable_turnover_ratio": 3.83,
            "reinvestment_rate": 18.16,
            "research_to_sale_ratio": 1.52,
            "price_fair": 335.83,
            "eps_avg_yearly": 9.6,
            "eps_latest_yearly": 14.08,
            "eps_growth_yearly": 120.55
        },
        "20173": {
            "year_quarter": 20173,
            "year": 2017,
            "quarter": 3,
            "eps": 4.07,
            "eps_growth_year": 17.97,
            "eps_4q": 9.09,
            "eps_4q_growth_year": 13.77,
            "roe": 10.09,
            "roe_4q": 27.490000000000002,
            "gross_profit": 306173,
            "gross_margin": 31.14,
            "gross_margin_4q_avg": 29.37,
            "net_income": 120282,
            "revenue": 983084,
            "common_shares": 307656,
            "book_valuer_per_share": 47.39,
            "book_valuer_per_share_4q_avg": 37.24,
            "equity": 1462577,
            "current_ratio": 176.4,
            "debt_ratio": 45.59,
            "inventory_turnover_ratio": 3.48,
            "account_receivable_turnover_ratio": 3.49,
            "reinvestment_rate": 27.59,
            "research_to_sale_ratio": 1.15,
            "price_fair": 335.91,
            "eps_avg_yearly": 9.6,
            "eps_latest_yearly": 16.28,
            "eps_growth_yearly": 119.95
        },
        "20174": {
            "year_quarter": 20174,
            "year": 2017,
            "quarter": 4,
            "eps": 0.92,
            "eps_growth_year": 18.43,
            "eps_4q": 9.32,
            "eps_4q_growth_year": 11.62,
            "roe": 1.86,
            "roe_4q": 27.02,
            "gross_profit": 138126,
            "gross_margin": 26.98,
            "gross_margin_4q_avg": 29.55,
            "net_income": 27719,
            "revenue": 511933,
            "common_shares": 307656,
            "book_valuer_per_share": 48.46,
            "book_valuer_per_share_4q_avg": 40.88,
            "equity": 1525251,
            "current_ratio": 213.49,
            "debt_ratio": 34.32,
            "inventory_turnover_ratio": 1.8,
            "account_receivable_turnover_ratio": 2.28,
            "reinvestment_rate": 30.75,
            "research_to_sale_ratio": 1.55,
            "price_fair": 324.98,
            "eps_avg_yearly": 9.29,
            "eps_latest_yearly": 3.68,
            "eps_growth_yearly": 112.24
        },
        "20181": {
            "year_quarter": 20181,
            "year": 2018,
            "quarter": 1,
            "eps": 2.13,
            "eps_growth_year": 33.96,
            "eps_4q": 10.05,
            "eps_4q_growth_year": 18.3,
            "roe": 4.15,
            "roe_4q": 26.51,
            "gross_profit": 221370,
            "gross_margin": 31.63,
            "gross_margin_4q_avg": 30.14,
            "net_income": 65229,
            "revenue": 699961,
            "common_shares": 307656,
            "book_valuer_per_share": 51.47,
            "book_valuer_per_share_4q_avg": 45.27,
            "equity": 1618026,
            "current_ratio": 207.5,
            "debt_ratio": 34.03,
            "inventory_turnover_ratio": 2.01,
            "account_receivable_turnover_ratio": 3.78,
            "reinvestment_rate": 39.16,
            "research_to_sale_ratio": 2.6,
            "price_fair": 315.53,
            "eps_avg_yearly": 9.02,
            "eps_latest_yearly": 8.52,
            "eps_growth_yearly": 133.14
        },
        "20182": {
            "year_quarter": 20182,
            "year": 2018,
            "quarter": 2,
            "eps": 5.08,
            "eps_growth_year": 44.32,
            "eps_4q": 12.02,
            "eps_4q_growth_year": 28.84,
            "roe": 9.74,
            "roe_4q": 25.84,
            "gross_profit": 332324,
            "gross_margin": 35.57,
            "gross_margin_4q_avg": 31.33,
            "net_income": 156748,
            "revenue": 934377,
            "common_shares": 307656,
            "book_valuer_per_share": 50.87,
            "book_valuer_per_share_4q_avg": 49.55,
            "equity": 1599592,
            "current_ratio": 183.77,
            "debt_ratio": 37.03,
            "inventory_turnover_ratio": 2.37,
            "account_receivable_turnover_ratio": 3.8,
            "reinvestment_rate": 48.74,
            "research_to_sale_ratio": 2.32,
            "price_fair": 333.38,
            "eps_avg_yearly": 9.53,
            "eps_latest_yearly": 20.32,
            "eps_growth_yearly": 169.09
        },
        "20183": {
            "year_quarter": 20183,
            "year": 2018,
            "quarter": 3,
            "eps": 5.26,
            "eps_growth_year": 29.24,
            "eps_4q": 13.38,
            "eps_4q_growth_year": 47.29,
            "roe": 9.8,
            "roe_4q": 25.549999999999997,
            "gross_profit": 390641,
            "gross_margin": 38.01,
            "gross_margin_4q_avg": 33.05,
            "net_income": 162008,
            "revenue": 1027603,
            "common_shares": 307656,
            "book_valuer_per_share": 54.41,
            "book_valuer_per_share_4q_avg": 51.3,
            "equity": 1707532,
            "current_ratio": 183.89,
            "debt_ratio": 35.6,
            "inventory_turnover_ratio": 2.6,
            "account_receivable_turnover_ratio": 3.64,
            "reinvestment_rate": 49.15,
            "research_to_sale_ratio": 2.42,
            "price_fair": 351.31,
            "eps_avg_yearly": 10.04,
            "eps_latest_yearly": 21.04,
            "eps_growth_yearly": 168.58
        },
        "20184": {
            "year_quarter": 20184,
            "year": 2018,
            "quarter": 4,
            "eps": 1.89,
            "eps_growth_year": 105.99,
            "eps_4q": 14.35,
            "eps_4q_growth_year": 54.02,
            "roe": 3.31,
            "roe_4q": 27,
            "gross_profit": 199761,
            "gross_margin": 35.72,
            "gross_margin_4q_avg": 35.23,
            "net_income": 57750,
            "revenue": 559298,
            "common_shares": 307656,
            "book_valuer_per_share": 56.74,
            "book_valuer_per_share_4q_avg": 53.37,
            "equity": 1779307,
            "current_ratio": 190.38,
            "debt_ratio": 31.77,
            "inventory_turnover_ratio": 1.48,
            "account_receivable_turnover_ratio": 2.26,
            "reinvestment_rate": 58.38,
            "research_to_sale_ratio": 4.02,
            "price_fair": 356.39,
            "eps_avg_yearly": 10.18,
            "eps_latest_yearly": 7.56,
            "eps_growth_yearly": 167.36
        },
        "20191": {
            "year_quarter": 20191,
            "year": 2019,
            "quarter": 1,
            "eps": 2.96,
            "eps_growth_year": 38.97,
            "eps_4q": 15.19,
            "eps_4q_growth_year": 51.15,
            "roe": 4.92,
            "roe_4q": 27.770000000000003,
            "gross_profit": 247025,
            "gross_margin": 35.96,
            "gross_margin_4q_avg": 36.32,
            "net_income": 90830,
            "revenue": 686855,
            "common_shares": 307656,
            "book_valuer_per_share": 61.08,
            "book_valuer_per_share_4q_avg": 55.78,
            "equity": 1913010,
            "current_ratio": 182.63,
            "debt_ratio": 30.81,
            "inventory_turnover_ratio": 1.72,
            "account_receivable_turnover_ratio": 3.35,
            "reinvestment_rate": 70.2,
            "research_to_sale_ratio": 4.69,
            "price_fair": 365.58,
            "eps_avg_yearly": 10.45,
            "eps_latest_yearly": 11.84,
            "eps_growth_yearly": 170.06
        },
        "20192": {
            "year_quarter": 20192,
            "year": 2019,
            "quarter": 2,
            "eps": 5.47,
            "eps_growth_year": 7.68,
            "eps_4q": 14.65,
            "eps_4q_growth_year": 21.93,
            "roe": 9.76,
            "roe_4q": 27.79,
            "gross_profit": 412515,
            "gross_margin": 39.55,
            "gross_margin_4q_avg": 37.31,
            "net_income": 185297,
            "revenue": 1043017,
            "common_shares": 307656,
            "book_valuer_per_share": 60.11,
            "book_valuer_per_share_4q_avg": 58.09,
            "equity": 1882902,
            "current_ratio": 142.21,
            "debt_ratio": 39.66,
            "inventory_turnover_ratio": 2.39,
            "account_receivable_turnover_ratio": 3.77,
            "reinvestment_rate": 72.34,
            "research_to_sale_ratio": 3.1,
            "price_fair": 387.01,
            "eps_avg_yearly": 11.06,
            "eps_latest_yearly": 21.88,
            "eps_growth_yearly": 176.73
        },
        "20193": {
            "year_quarter": 20193,
            "year": 2019,
            "quarter": 3,
            "eps": 5.5,
            "eps_growth_year": 4.56,
            "eps_4q": 15.38,
            "eps_4q_growth_year": 14.88,
            "roe": 9.62,
            "roe_4q": 27.609999999999996,
            "gross_profit": 438245,
            "gross_margin": 39.56,
            "gross_margin_4q_avg": 37.7,
            "net_income": 186431,
            "revenue": 1107873,
            "common_shares": 338422,
            "book_valuer_per_share": 57.97,
            "book_valuer_per_share_4q_avg": 58.98,
            "equity": 1994294,
            "current_ratio": 149.46,
            "debt_ratio": 38.39,
            "inventory_turnover_ratio": 2.82,
            "account_receivable_turnover_ratio": 3.1,
            "reinvestment_rate": 66.54,
            "research_to_sale_ratio": 2.66,
            "price_fair": 412.56,
            "eps_avg_yearly": 11.79,
            "eps_latest_yearly": 22,
            "eps_growth_yearly": 180.51
        },
        "20194": {
            "year_quarter": 20194,
            "year": 2019,
            "quarter": 4,
            "eps": 2.54,
            "eps_growth_year": 34.45,
            "eps_4q": 16.2,
            "eps_4q_growth_year": 12.83,
            "roe": 4.2,
            "roe_4q": 28.5,
            "gross_profit": 259074,
            "gross_margin": 37.92,
            "gross_margin_4q_avg": 38.25,
            "net_income": 85158,
            "revenue": 683134,
            "common_shares": 338422,
            "book_valuer_per_share": 59.89,
            "book_valuer_per_share_4q_avg": 59.76,
            "equity": 2058369,
            "current_ratio": 153.43,
            "debt_ratio": 34.59,
            "inventory_turnover_ratio": 2.03,
            "account_receivable_turnover_ratio": 2.08,
            "reinvestment_rate": 70.54,
            "research_to_sale_ratio": 2.94,
            "price_fair": 431.2,
            "eps_avg_yearly": 12.32,
            "eps_latest_yearly": 10.16,
            "eps_growth_yearly": 188.08
        },
        "20201": {
            "year_quarter": 20201,
            "year": 2020,
            "quarter": 1,
            "eps": 0.35,
            "eps_growth_year": -88.18,
            "eps_4q": 13.86,
            "eps_4q_growth_year": -8.75,
            "roe": 0.56,
            "roe_4q": 24.14,
            "gross_profit": 125987,
            "gross_margin": 34.42,
            "gross_margin_4q_avg": 37.86,
            "net_income": 11515,
            "revenue": 366058,
            "common_shares": 338422,
            "book_valuer_per_share": 59.54,
            "book_valuer_per_share_4q_avg": 59.38,
            "equity": 2045832,
            "current_ratio": 157.65,
            "debt_ratio": 31.82,
            "inventory_turnover_ratio": 1.12,
            "account_receivable_turnover_ratio": 1.39,
            "reinvestment_rate": 74.14,
            "research_to_sale_ratio": 3.05,
            "price_fair": 421.66,
            "eps_avg_yearly": 12.05,
            "eps_latest_yearly": 1.4,
            "eps_growth_yearly": 103.72
        },
        "20202": {
            "year_quarter": 20202,
            "year": 2020,
            "quarter": 2,
            "eps": 6.26,
            "eps_growth_year": 14.44,
            "eps_4q": 14.65,
            "eps_4q_growth_year": -0.01,
            "roe": 10.44,
            "roe_4q": 24.82,
            "gross_profit": 415227,
            "gross_margin": 45.67,
            "gross_margin_4q_avg": 39.39,
            "net_income": 212036,
            "revenue": 909158,
            "common_shares": 338422,
            "book_valuer_per_share": 58.67,
            "book_valuer_per_share_4q_avg": 59.02,
            "equity": 2015882,
            "current_ratio": 141.34,
            "debt_ratio": 37.93,
            "inventory_turnover_ratio": 2.04,
            "account_receivable_turnover_ratio": 3.16,
            "reinvestment_rate": 66.1,
            "research_to_sale_ratio": 2.29,
            "price_fair": 452.9,
            "eps_avg_yearly": 12.94,
            "eps_latest_yearly": 25.04,
            "eps_growth_yearly": 504.17
        },
        "20203": {
            "year_quarter": 20203,
            "year": 2020,
            "quarter": 3,
            "eps": 11.62,
            "eps_growth_year": 111.27,
            "eps_4q": 20.77,
            "eps_4q_growth_year": 35.06,
            "roe": 17.6,
            "roe_4q": 32.8,
            "gross_profit": 700707,
            "gross_margin": 48.9,
            "gross_margin_4q_avg": 41.73,
            "net_income": 392767,
            "revenue": 1432982,
            "common_shares": 338422,
            "book_valuer_per_share": 71.41,
            "book_valuer_per_share_4q_avg": 62.38,
            "equity": 2447276,
            "current_ratio": 189.77,
            "debt_ratio": 31.22,
            "inventory_turnover_ratio": 2.68,
            "account_receivable_turnover_ratio": 3.41,
            "reinvestment_rate": 58.22,
            "research_to_sale_ratio": 2.56,
            "price_fair": 524.39,
            "eps_avg_yearly": 14.98,
            "eps_latest_yearly": 46.48,
            "eps_growth_yearly": 518.51
        },
        "20204": {
            "year_quarter": 20204,
            "year": 2020,
            "quarter": 4,
            "eps": 4.76,
            "eps_growth_year": 87.91,
            "eps_4q": 22.99,
            "eps_4q_growth_year": 41.97,
            "roe": 6.27,
            "roe_4q": 34.870000000000005,
            "gross_profit": 357045,
            "gross_margin": 46.28,
            "gross_margin_4q_avg": 43.82,
            "net_income": 160488,
            "revenue": 771485,
            "common_shares": 338422,
            "book_valuer_per_share": 78.01,
            "book_valuer_per_share_4q_avg": 66.91,
            "equity": 2670735,
            "current_ratio": 222.22,
            "debt_ratio": 24.93,
            "inventory_turnover_ratio": 1.43,
            "account_receivable_turnover_ratio": 1.94,
            "reinvestment_rate": 55.68,
            "research_to_sale_ratio": 5.39,
            "price_fair": 559.3,
            "eps_avg_yearly": 15.98,
            "eps_latest_yearly": 19.04,
            "eps_growth_yearly": 523.17
        },
        "20211": {
            "year_quarter": 20211,
            "year": 2021,
            "quarter": 1,
            "eps": 5.88,
            "eps_growth_year": 1580,
            "eps_4q": 28.53,
            "eps_4q_growth_year": 105.84,
            "roe": 7.19,
            "roe_4q": 41.5,
            "gross_profit": 445519,
            "gross_margin": 44.82,
            "gross_margin_4q_avg": 46.42,
            "net_income": 198249,
            "revenue": 993986,
            "common_shares": 338422,
            "book_valuer_per_share": 83.26,
            "book_valuer_per_share_4q_avg": 72.84,
            "equity": 2846872,
            "current_ratio": 220.77,
            "debt_ratio": 25.46,
            "inventory_turnover_ratio": 1.61,
            "account_receivable_turnover_ratio": 3.26,
            "reinvestment_rate": 51.59,
            "research_to_sale_ratio": 4.9,
            "price_fair": 596.84,
            "eps_avg_yearly": 17.05,
            "eps_latest_yearly": 23.52,
            "eps_growth_yearly": 502.43
        },
        "20212": {
            "year_quarter": 20212,
            "year": 2021,
            "quarter": 2,
            "eps": 6.98,
            "eps_growth_year": 11.5,
            "eps_4q": 29.24,
            "eps_4q_growth_year": 99.58,
            "roe": 8.57,
            "roe_4q": 39.63,
            "gross_profit": 521617,
            "gross_margin": 39.6,
            "gross_margin_4q_avg": 44.9,
            "net_income": 235945,
            "revenue": 1317342,
            "common_shares": 338422,
            "book_valuer_per_share": 77.67,
            "book_valuer_per_share_4q_avg": 77.59,
            "equity": 2657068,
            "current_ratio": 148.48,
            "debt_ratio": 35.13,
            "inventory_turnover_ratio": 1.99,
            "account_receivable_turnover_ratio": 3.16,
            "reinvestment_rate": 48.8,
            "research_to_sale_ratio": 0.86,
            "price_fair": 627.11,
            "eps_avg_yearly": 17.92,
            "eps_latest_yearly": 27.92,
            "eps_growth_yearly": 476.76
        },
        "20213": {
            "year_quarter": 20213,
            "year": 2021,
            "quarter": 3,
            "eps": 7.78,
            "eps_growth_year": -33.05,
            "eps_4q": 25.41,
            "eps_4q_growth_year": 22.35,
            "roe": 9.43,
            "roe_4q": 31.46,
            "gross_profit": 572970,
            "gross_margin": 36.43,
            "gross_margin_4q_avg": 41.78,
            "net_income": 262834,
            "revenue": 1572611,
            "common_shares": 338422,
            "book_valuer_per_share": 85.38,
            "book_valuer_per_share_4q_avg": 81.08,
            "equity": 2917415,
            "current_ratio": 186.99,
            "debt_ratio": 26.81,
            "inventory_turnover_ratio": 2.23,
            "account_receivable_turnover_ratio": 3.28,
            "reinvestment_rate": 44.55,
            "research_to_sale_ratio": 0.55,
            "price_fair": 659.58,
            "eps_avg_yearly": 18.85,
            "eps_latest_yearly": 31.12,
            "eps_growth_yearly": 475.72
        },
        "20214": {
            "year_quarter": 20214,
            "year": 2021,
            "quarter": 4,
            "eps": 0.3,
            "eps_growth_year": -93.76,
            "eps_4q": 20.94,
            "eps_4q_growth_year": -8.93,
            "roe": 0.24,
            "roe_4q": 25.430000000000003,
            "gross_profit": 120749,
            "gross_margin": 17.3,
            "gross_margin_4q_avg": 34.54,
            "net_income": 8263,
            "revenue": 698031,
            "common_shares": 338422,
            "book_valuer_per_share": 107.63,
            "book_valuer_per_share_4q_avg": 88.49,
            "equity": 4021185,
            "current_ratio": 388.85,
            "debt_ratio": 16.6,
            "inventory_turnover_ratio": 1.24,
            "account_receivable_turnover_ratio": 1.93,
            "reinvestment_rate": 43.1,
            "research_to_sale_ratio": -0.47,
            "price_fair": 654.15,
            "eps_avg_yearly": 18.69,
            "eps_latest_yearly": 1.2,
            "eps_growth_yearly": 471.03
        },
        "20221": {
            "year_quarter": 20221,
            "year": 2022,
            "quarter": 1,
            "eps": 1.31,
            "eps_growth_year": -77.72,
            "eps_4q": 16.37,
            "eps_4q_growth_year": -42.61,
            "roe": 1.27,
            "roe_4q": 19.509999999999998,
            "gross_profit": 236362,
            "gross_margin": 26.58,
            "gross_margin_4q_avg": 29.98,
            "net_income": 52218,
            "revenue": 889235,
            "common_shares": 338422,
            "book_valuer_per_share": 112.99,
            "book_valuer_per_share_4q_avg": 95.92,
            "equity": 4224662,
            "current_ratio": 383.8,
            "debt_ratio": 16.94,
            "inventory_turnover_ratio": 1.37,
            "account_receivable_turnover_ratio": 2.89,
            "reinvestment_rate": 43.45,
            "research_to_sale_ratio": 1.6,
            "price_fair": 646.98,
            "eps_avg_yearly": 18.49,
            "eps_latest_yearly": 5.24,
            "eps_growth_yearly": 522.32
        },
        "20222": {
            "year_quarter": 20222,
            "year": 2022,
            "quarter": 2,
            "eps": 2.05,
            "eps_growth_year": -70.63,
            "eps_4q": 11.45,
            "eps_4q_growth_year": -60.85,
            "roe": 2.03,
            "roe_4q": 12.969999999999999,
            "gross_profit": 278897,
            "gross_margin": 27.66,
            "gross_margin_4q_avg": 26.99,
            "net_income": 81253,
            "revenue": 1008380,
            "common_shares": 338422,
            "book_valuer_per_share": 100.14,
            "book_valuer_per_share_4q_avg": 101.54,
            "equity": 3795661,
            "current_ratio": 246.39,
            "debt_ratio": 25.25,
            "inventory_turnover_ratio": 1.42,
            "account_receivable_turnover_ratio": 2.28,
            "reinvestment_rate": 37.05,
            "research_to_sale_ratio": 2.19,
            "price_fair": 620.46,
            "eps_avg_yearly": 17.73,
            "eps_latest_yearly": 8.2,
            "eps_growth_yearly": 501.82
        },
        "20223": {
            "year_quarter": 20223,
            "year": 2022,
            "quarter": 3,
            "eps": 6.57,
            "eps_growth_year": -15.55,
            "eps_4q": 10.23,
            "eps_4q_growth_year": -59.73,
            "roe": 6.43,
            "roe_4q": 9.969999999999999,
            "gross_profit": 472727,
            "gross_margin": 30.7,
            "gross_margin_4q_avg": 25.56,
            "net_income": 253270,
            "revenue": 1539700,
            "common_shares": 338422,
            "book_valuer_per_share": 107.54,
            "book_valuer_per_share_4q_avg": 107.08,
            "equity": 4080403,
            "current_ratio": 331.88,
            "debt_ratio": 16.61,
            "inventory_turnover_ratio": 2.05,
            "account_receivable_turnover_ratio": 2.94,
            "reinvestment_rate": 39.97,
            "research_to_sale_ratio": 0.7,
            "price_fair": 631.93,
            "eps_avg_yearly": 18.06,
            "eps_latest_yearly": 26.28,
            "eps_growth_yearly": 556.05
        },
        "20224": {
            "year_quarter": 20224,
            "year": 2022,
            "quarter": 4,
            "eps": 1.98,
            "eps_growth_year": 566.49,
            "eps_4q": 11.92,
            "eps_4q_growth_year": -43.09,
            "roe": 1.91,
            "roe_4q": 11.639999999999999,
            "gross_profit": 181572,
            "gross_margin": 27.34,
            "gross_margin_4q_avg": 28.07,
            "net_income": 77951,
            "revenue": 664078,
            "common_shares": 338422,
            "book_valuer_per_share": 107.98,
            "book_valuer_per_share_4q_avg": 107.16,
            "equity": 4100050,
            "current_ratio": 482.13,
            "debt_ratio": 12.26,
            "inventory_turnover_ratio": 0.99,
            "account_receivable_turnover_ratio": 1.56,
            "reinvestment_rate": 35.18,
            "research_to_sale_ratio": 2.06,
            "price_fair": 632.71,
            "eps_avg_yearly": 18.08,
            "eps_latest_yearly": 7.92,
            "eps_growth_yearly": 554.6
        },
        "20231": {
            "year_quarter": 20231,
            "year": 2023,
            "quarter": 1,
            "eps": 1.34,
            "eps_growth_year": 2.29,
            "eps_4q": 11.95,
            "eps_4q_growth_year": -27.04,
            "roe": 1.28,
            "roe_4q": 11.649999999999999,
            "gross_profit": 224916,
            "gross_margin": 27.25,
            "gross_margin_4q_avg": 28.24,
            "net_income": 53155,
            "revenue": 825284,
            "common_shares": 338422,
            "book_valuer_per_share": 109.88,
            "book_valuer_per_share_4q_avg": 106.39,
            "equity": 4174475,
            "current_ratio": 423.22,
            "debt_ratio": 13.78,
            "inventory_turnover_ratio": 1.19,
            "account_receivable_turnover_ratio": 2.07,
            "reinvestment_rate": 28.14,
            "research_to_sale_ratio": 1.52,
            "price_fair": 618.54,
            "eps_avg_yearly": 17.67,
            "eps_latest_yearly": 5.36,
            "eps_growth_yearly": 532.37
        }
    },
    "months": {
        "2012-09": {
            "month": "2012-09",
            "price": "82.59",
            "revenue": 138930
        },
        "2012-10": {
            "month": "2012-10",
            "price": "68.58",
            "revenue": 81880
        },
        "2012-11": {
            "month": "2012-11",
            "price": "62.52",
            "revenue": 84646
        },
        "2012-12": {
            "month": "2012-12",
            "price": "61.37",
            "revenue": 108133
        },
        "2013-01": {
            "month": "2013-01",
            "price": "63.75",
            "revenue": 151268
        },
        "2013-02": {
            "month": "2013-02",
            "price": "70.72",
            "revenue": 63660
        },
        "2013-03": {
            "month": "2013-03",
            "price": "68.83",
            "revenue": 126997
        },
        "2013-04": {
            "month": "2013-04",
            "price": "68.56",
            "revenue": 139138
        },
        "2013-05": {
            "month": "2013-05",
            "price": "93.95",
            "revenue": 175299
        },
        "2013-06": {
            "month": "2013-06",
            "price": "155.11",
            "revenue": 153377
        },
        "2013-07": {
            "month": "2013-07",
            "price": "158.61",
            "revenue": 195832
        },
        "2013-08": {
            "month": "2013-08",
            "price": "183.88",
            "revenue": 183963
        },
        "2013-09": {
            "month": "2013-09",
            "price": "162.38",
            "revenue": 181554
        },
        "2013-10": {
            "month": "2013-10",
            "price": "154.73",
            "revenue": 114506
        },
        "2013-11": {
            "month": "2013-11",
            "price": "160.17",
            "revenue": 114480
        },
        "2013-12": {
            "month": "2013-12",
            "price": "218.32",
            "revenue": 134463
        },
        "2014-01": {
            "month": "2014-01",
            "price": "213.42",
            "revenue": 154455
        },
        "2014-02": {
            "month": "2014-02",
            "price": "226.12",
            "revenue": 110486
        },
        "2014-03": {
            "month": "2014-03",
            "price": "289.74",
            "revenue": 166608
        },
        "2014-04": {
            "month": "2014-04",
            "price": "326.67",
            "revenue": 210694
        },
        "2014-05": {
            "month": "2014-05",
            "price": "330.71",
            "revenue": 204105
        },
        "2014-06": {
            "month": "2014-06",
            "price": "366.65",
            "revenue": 190474
        },
        "2014-07": {
            "month": "2014-07",
            "price": "303.98",
            "revenue": 219298
        },
        "2014-08": {
            "month": "2014-08",
            "price": "232.81",
            "revenue": 208084
        },
        "2014-09": {
            "month": "2014-09",
            "price": "223.02",
            "revenue": 193070
        },
        "2014-10": {
            "month": "2014-10",
            "price": "199.50",
            "revenue": 135402
        },
        "2014-11": {
            "month": "2014-11",
            "price": "205.00",
            "revenue": 114516
        },
        "2014-12": {
            "month": "2014-12",
            "price": "209.31",
            "revenue": 148468
        },
        "2015-01": {
            "month": "2015-01",
            "price": "208.68",
            "revenue": 209686
        },
        "2015-02": {
            "month": "2015-02",
            "price": "215.96",
            "revenue": 87092
        },
        "2015-03": {
            "month": "2015-03",
            "price": "216.16",
            "revenue": 210052
        },
        "2015-04": {
            "month": "2015-04",
            "price": "216.18",
            "revenue": 233015
        },
        "2015-05": {
            "month": "2015-05",
            "price": "204.75",
            "revenue": 239549
        },
        "2015-06": {
            "month": "2015-06",
            "price": "197.38",
            "revenue": 227120
        },
        "2015-07": {
            "month": "2015-07",
            "price": "174.86",
            "revenue": 231460
        },
        "2015-08": {
            "month": "2015-08",
            "price": "137.48",
            "revenue": 250951
        },
        "2015-09": {
            "month": "2015-09",
            "price": "144.70",
            "revenue": 270495
        },
        "2015-10": {
            "month": "2015-10",
            "price": "155.90",
            "revenue": 146755
        },
        "2015-11": {
            "month": "2015-11",
            "price": "144.95",
            "revenue": 120064
        },
        "2015-12": {
            "month": "2015-12",
            "price": "136.33",
            "revenue": 187136
        },
        "2016-01": {
            "month": "2016-01",
            "price": "124.74",
            "revenue": 228905
        },
        "2016-02": {
            "month": "2016-02",
            "price": "125.00",
            "revenue": 94528
        },
        "2016-03": {
            "month": "2016-03",
            "price": "134.50",
            "revenue": 212552
        },
        "2016-04": {
            "month": "2016-04",
            "price": "120.55",
            "revenue": 239515
        },
        "2016-05": {
            "month": "2016-05",
            "price": "112.48",
            "revenue": 262424
        },
        "2016-06": {
            "month": "2016-06",
            "price": "109.38",
            "revenue": 264414
        },
        "2016-07": {
            "month": "2016-07",
            "price": "105.22",
            "revenue": 287373
        },
        "2016-08": {
            "month": "2016-08",
            "price": "121.93",
            "revenue": 314099
        },
        "2016-09": {
            "month": "2016-09",
            "price": "155.45",
            "revenue": 300264
        },
        "2016-10": {
            "month": "2016-10",
            "price": "140.20",
            "revenue": 131744
        },
        "2016-11": {
            "month": "2016-11",
            "price": "127.00",
            "revenue": 137480
        },
        "2016-12": {
            "month": "2016-12",
            "price": "124.93",
            "revenue": 204822
        },
        "2017-01": {
            "month": "2017-01",
            "price": "125.16",
            "revenue": 210190
        },
        "2017-02": {
            "month": "2017-02",
            "price": "133.81",
            "revenue": 213094
        },
        "2017-03": {
            "month": "2017-03",
            "price": "145.09",
            "revenue": 197645
        },
        "2017-04": {
            "month": "2017-04",
            "price": "138.36",
            "revenue": 226345
        },
        "2017-05": {
            "month": "2017-05",
            "price": "140.52",
            "revenue": 278124
        },
        "2017-06": {
            "month": "2017-06",
            "price": "139.89",
            "revenue": 296192
        },
        "2017-07": {
            "month": "2017-07",
            "price": "137.60",
            "revenue": 301057
        },
        "2017-08": {
            "month": "2017-08",
            "price": "130.35",
            "revenue": 338792
        },
        "2017-09": {
            "month": "2017-09",
            "price": "149.80",
            "revenue": 343372
        },
        "2017-10": {
            "month": "2017-10",
            "price": "138.82",
            "revenue": 172155
        },
        "2017-11": {
            "month": "2017-11",
            "price": "144.50",
            "revenue": 151745
        },
        "2017-12": {
            "month": "2017-12",
            "price": "140.29",
            "revenue": 185282
        },
        "2018-01": {
            "month": "2018-01",
            "price": "143.00",
            "revenue": 308586
        },
        "2018-02": {
            "month": "2018-02",
            "price": "146.42",
            "revenue": 94682
        },
        "2018-03": {
            "month": "2018-03",
            "price": "165.72",
            "revenue": 295478
        },
        "2018-04": {
            "month": "2018-04",
            "price": "164.42",
            "revenue": 280840
        },
        "2018-05": {
            "month": "2018-05",
            "price": "181.68",
            "revenue": 327761
        },
        "2018-06": {
            "month": "2018-06",
            "price": "180.12",
            "revenue": 326197
        },
        "2018-07": {
            "month": "2018-07",
            "price": "161.02",
            "revenue": 332967
        },
        "2018-08": {
            "month": "2018-08",
            "price": "171.74",
            "revenue": 351758
        },
        "2018-09": {
            "month": "2018-09",
            "price": "159.11",
            "revenue": 344400
        },
        "2018-10": {
            "month": "2018-10",
            "price": "141.91",
            "revenue": 156701
        },
        "2018-11": {
            "month": "2018-11",
            "price": "140.05",
            "revenue": 161680
        },
        "2018-12": {
            "month": "2018-12",
            "price": "139.76",
            "revenue": 240836
        },
        "2019-01": {
            "month": "2019-01",
            "price": "151.93",
            "revenue": 251025
        },
        "2019-02": {
            "month": "2019-02",
            "price": "163.35",
            "revenue": 140144
        },
        "2019-03": {
            "month": "2019-03",
            "price": "171.62",
            "revenue": 295825
        },
        "2019-04": {
            "month": "2019-04",
            "price": "171.95",
            "revenue": 313992
        },
        "2019-05": {
            "month": "2019-05",
            "price": "175.77",
            "revenue": 364169
        },
        "2019-06": {
            "month": "2019-06",
            "price": "184.79",
            "revenue": 364020
        },
        "2019-07": {
            "month": "2019-07",
            "price": "215.02",
            "revenue": 341404
        },
        "2019-08": {
            "month": "2019-08",
            "price": "205.79",
            "revenue": 368940
        },
        "2019-09": {
            "month": "2019-09",
            "price": "192.68",
            "revenue": 396308
        },
        "2019-10": {
            "month": "2019-10",
            "price": "201.33",
            "revenue": 191665
        },
        "2019-11": {
            "month": "2019-11",
            "price": "216.55",
            "revenue": 197746
        },
        "2019-12": {
            "month": "2019-12",
            "price": "218.02",
            "revenue": 293317
        },
        "2020-01": {
            "month": "2020-01",
            "price": "224.30",
            "revenue": 198957
        },
        "2020-02": {
            "month": "2020-02",
            "price": "204.63",
            "revenue": 20613
        },
        "2020-03": {
            "month": "2020-03",
            "price": "185.70",
            "revenue": 146814
        },
        "2020-04": {
            "month": "2020-04",
            "price": "190.42",
            "revenue": 226577
        },
        "2020-05": {
            "month": "2020-05",
            "price": "202.70",
            "revenue": 318600
        },
        "2020-06": {
            "month": "2020-06",
            "price": "211.82",
            "revenue": 362789
        },
        "2020-07": {
            "month": "2020-07",
            "price": "208.37",
            "revenue": 393593
        },
        "2020-08": {
            "month": "2020-08",
            "price": "214.88",
            "revenue": 469741
        },
        "2020-09": {
            "month": "2020-09",
            "price": "251.45",
            "revenue": 570729
        },
        "2020-10": {
            "month": "2020-10",
            "price": "281.95",
            "revenue": 250600
        },
        "2020-11": {
            "month": "2020-11",
            "price": "304.00",
            "revenue": 231589
        },
        "2020-12": {
            "month": "2020-12",
            "price": "299.48",
            "revenue": 291122
        },
        "2021-01": {
            "month": "2021-01",
            "price": "292.80",
            "revenue": 470300
        },
        "2021-02": {
            "month": "2021-02",
            "price": "329.19",
            "revenue": 173645
        },
        "2021-03": {
            "month": "2021-03",
            "price": "422.70",
            "revenue": 350208
        },
        "2021-04": {
            "month": "2021-04",
            "price": "447.32",
            "revenue": 407552
        },
        "2021-05": {
            "month": "2021-05",
            "price": "444.74",
            "revenue": 409708
        },
        "2021-06": {
            "month": "2021-06",
            "price": "444.50",
            "revenue": 499954
        },
        "2021-07": {
            "month": "2021-07",
            "price": "488.89",
            "revenue": 584754
        },
        "2021-08": {
            "month": "2021-08",
            "price": "447.45",
            "revenue": 481992
        },
        "2021-09": {
            "month": "2021-09",
            "price": "402.32",
            "revenue": 506111
        },
        "2021-10": {
            "month": "2021-10",
            "price": "369.70",
            "revenue": 244920
        },
        "2021-11": {
            "month": "2021-11",
            "price": "365.00",
            "revenue": 199421
        },
        "2021-12": {
            "month": "2021-12",
            "price": "325.70",
            "revenue": 326762
        },
        "2022-01": {
            "month": "2022-01",
            "price": "322.44",
            "revenue": 382345
        },
        "2022-02": {
            "month": "2022-02",
            "price": "320.13",
            "revenue": 173977
        },
        "2022-03": {
            "month": "2022-03",
            "price": "301.65",
            "revenue": 333241
        },
        "2022-04": {
            "month": "2022-04",
            "price": "280.79",
            "revenue": 194594
        },
        "2022-05": {
            "month": "2022-05",
            "price": "276.36",
            "revenue": 399569
        },
        "2022-06": {
            "month": "2022-06",
            "price": "282.90",
            "revenue": 409929
        },
        "2022-07": {
            "month": "2022-07",
            "price": "275.75",
            "revenue": 475276
        },
        "2022-08": {
            "month": "2022-08",
            "price": "247.68",
            "revenue": 581403
        },
        "2022-09": {
            "month": "2022-09",
            "price": "234.50",
            "revenue": 482664
        },
        "2022-10": {
            "month": "2022-10",
            "price": "218.26",
            "revenue": 142872
        },
        "2022-11": {
            "month": "2022-11",
            "price": "219.84",
            "revenue": 183937
        },
        "2022-12": {
            "month": "2022-12",
            "price": "270.16",
            "revenue": 340614
        },
        "2023-01": {
            "month": "2023-01",
            "price": "270.42",
            "revenue": 178183
        },
        "2023-02": {
            "month": "2023-02",
            "price": "306.06",
            "revenue": 274907
        },
        "2023-03": {
            "month": "2023-03",
            "price": "336.72",
            "revenue": 371475
        },
        "2023-04": {
            "month": "2023-04",
            "price": "313.06",
            "revenue": 477698
        },
        "2023-05": {
            "month": "2023-05",
            "price": "318.88",
            "revenue": 452538
        }
    }
}
