{
    "summary": {
        "stock_name": "其祥-KY",
        "stock_id": "1258",
        "category": "食品",
        "main_business": "雞隻飼養<br>雞隻加工處理及販賣<br>冷凍肉品及調理食品買賣",
        "website_url": "http://keesongbiotech.com/",
        "ceo": "陳偉業",
        "pe_ratio": 8,
        "report_year_from": 2009,
        "report_year_to": 2023,
        "age": 14,
        "eps_negative_percentage": 25,
        "eps_growth_avg": {
            "last_all": 5.38,
            "last_2y": 28.5,
            "last_4y": -35.75,
            "last_8y": -6.27,
            "last_12y": null,
            "last_16y": null,
            "last_20y": null,
            "at_2006_last_3y": null,
            "at_2007_last_3y": null,
            "at_2008_last_3y": null,
            "at_2009_last_3y": null,
            "at_2010_last_3y": null,
            "at_2011_last_3y": null,
            "at_2012_last_3y": null,
            "at_2013_last_3y": null,
            "at_2014_last_3y": null,
            "at_2015_last_3y": null,
            "at_2016_last_3y": null,
            "at_2017_last_3y": 8.47,
            "at_2018_last_3y": -31.82,
            "at_2019_last_3y": -55.2,
            "at_2020_last_3y": -83.46,
            "at_2021_last_3y": -100,
            "at_2022_last_3y": 28.5,
            "at_2023_last_3y": 28.5,
            "at_2006_last_all": null,
            "at_2007_last_all": null,
            "at_2008_last_all": null,
            "at_2009_last_all": null,
            "at_2010_last_all": null,
            "at_2011_last_all": null,
            "at_2012_last_all": null,
            "at_2013_last_all": null,
            "at_2014_last_all": 68.22,
            "at_2015_last_all": 58.25,
            "at_2016_last_all": 44.02,
            "at_2017_last_all": 21.83,
            "at_2018_last_all": 1.52,
            "at_2019_last_all": 1.52,
            "at_2020_last_all": 1.52,
            "at_2021_last_all": 1.52,
            "at_2022_last_all": 5.38,
            "at_2023_last_all": 5.38
        },
        "latest_eps": 3.52,
        "latest_price": 26.8,
        "latest_roe": 19.09,
        "latest_gross_margin": 23.75,
        "latest_equity": 757790,
        "latest_revenue": 733890,
        "latest_gross_profit": 174308,
        "latest_net_income": 53854,
        "latest_debt_ratio": 66.57,
        "latest_current_ratio": 137.65,
        "latest_account_receivable_turnover_ratio": 4.66,
        "latest_inventory_turnover_ratio": 9.67,
        "latest_reinvestment_rate": -552.08,
        "latest_research_to_sale_ratio": null
    },
    "eps_dividends": {
        "2001": {
            "cash": 0,
            "stock": 0,
            "eps": 0
        },
        "2002": {
            "cash": 0,
            "stock": 0,
            "eps": 0
        },
        "2003": {
            "cash": 0,
            "stock": 0,
            "eps": 0
        },
        "2004": {
            "cash": 0,
            "stock": 0,
            "eps": 0
        },
        "2005": {
            "cash": 0,
            "stock": 0,
            "eps": 0
        },
        "2006": {
            "cash": 0,
            "stock": 0,
            "eps": 0
        },
        "2007": {
            "cash": 0,
            "stock": 0,
            "eps": 0
        },
        "2008": {
            "cash": 0,
            "stock": 0,
            "eps": 0
        },
        "2009": {
            "cash": 0,
            "stock": 0,
            "eps": 0
        },
        "2010": {
            "cash": 0,
            "stock": 0,
            "eps": 0
        },
        "2011": {
            "cash": 0,
            "stock": 0,
            "eps": 0.97
        },
        "2012": {
            "cash": 0,
            "stock": 0,
            "eps": 0
        },
        "2013": {
            "cash": 1,
            "stock": 0,
            "eps": 1.7
        },
        "2014": {
            "cash": 1,
            "stock": 0,
            "eps": 2.74
        },
        "2015": {
            "cash": 1,
            "stock": 0,
            "eps": 3.79
        },
        "2016": {
            "cash": 2,
            "stock": 0,
            "eps": 3.84
        },
        "2017": {
            "cash": 1,
            "stock": 0,
            "eps": 1.27
        },
        "2018": {
            "cash": 1,
            "stock": 0,
            "eps": -4.05
        },
        "2019": {
            "cash": 0,
            "stock": 0,
            "eps": -3.39
        },
        "2020": {
            "cash": 0,
            "stock": 0,
            "eps": -0.43
        },
        "2021": {
            "cash": 0,
            "stock": 0,
            "eps": 2
        },
        "2022": {
            "cash": 0,
            "stock": 0,
            "eps": 2.57
        },
        "2023": {
            "cash": 0,
            "stock": 0,
            "eps": 1.46
        }
    },
    "dividends": {
        "2013-06-24": {
            "cash": 0.8,
            "stock": 0
        },
        "2014-06-30": {
            "cash": 0.6,
            "stock": 0
        },
        "2015-08-20": {
            "cash": 1.3,
            "stock": 0
        },
        "2016-08-24": {
            "cash": 1.52,
            "stock": 0
        },
        "2017-08-24": {
            "cash": 1.33,
            "stock": 0
        },
        "2018-08-24": {
            "cash": 0.5,
            "stock": 0
        }
    },
    "prices": {
        "200101": "無",
        "200102": "無",
        "200103": "無",
        "200104": "無",
        "200105": "無",
        "200106": "無",
        "200107": "無",
        "200108": "無",
        "200109": "無",
        "200110": "無",
        "200111": "無",
        "200112": "無",
        "200201": "無",
        "200202": "無",
        "200203": "無",
        "200204": "無",
        "200205": "無",
        "200206": "無",
        "200207": "無",
        "200208": "無",
        "200209": "無",
        "200210": "無",
        "200211": "無",
        "200212": "無",
        "200301": "無",
        "200302": "無",
        "200303": "無",
        "200304": "無",
        "200305": "無",
        "200306": "無",
        "200307": "無",
        "200308": "無",
        "200309": "無",
        "200310": "無",
        "200311": "無",
        "200312": "無",
        "200401": "無",
        "200402": "無",
        "200403": "無",
        "200404": "無",
        "200405": "無",
        "200406": "無",
        "200407": "無",
        "200408": "無",
        "200409": "無",
        "200410": "無",
        "200411": "無",
        "200412": "無",
        "200501": "無",
        "200502": "無",
        "200503": "無",
        "200504": "無",
        "200505": "無",
        "200506": "無",
        "200507": "無",
        "200508": "無",
        "200509": "無",
        "200510": "無",
        "200511": "無",
        "200512": "無",
        "200601": "無",
        "200602": "無",
        "200603": "無",
        "200604": "無",
        "200605": "無",
        "200606": "無",
        "200607": "無",
        "200608": "無",
        "200609": "無",
        "200610": "無",
        "200611": "無",
        "200612": "無",
        "200701": "無",
        "200702": "無",
        "200703": "無",
        "200704": "無",
        "200705": "無",
        "200706": "無",
        "200707": "無",
        "200708": "無",
        "200709": "無",
        "200710": "無",
        "200711": "無",
        "200712": "無",
        "200801": "無",
        "200802": "無",
        "200803": "無",
        "200804": "無",
        "200805": "無",
        "200806": "無",
        "200807": "無",
        "200808": "無",
        "200809": "無",
        "200810": "無",
        "200811": "無",
        "200812": "無",
        "200901": "無",
        "200902": "無",
        "200903": "無",
        "200904": "無",
        "200905": "無",
        "200906": "無",
        "200907": "無",
        "200908": "無",
        "200909": "無",
        "200910": "無",
        "200911": "無",
        "200912": "無",
        "201001": "無",
        "201002": "無",
        "201003": "無",
        "201004": "無",
        "201005": "無",
        "201006": "無",
        "201007": "無",
        "201008": "無",
        "201009": "無",
        "201010": "無",
        "201011": "無",
        "201012": "無",
        "201101": "無",
        "201102": "無",
        "201103": "無",
        "201104": "無",
        "201105": "無",
        "201106": "無",
        "201107": "無",
        "201108": "40.87",
        "201109": "40.40",
        "201110": "40.58",
        "201111": "42.26",
        "201112": "29.49",
        "201201": "27.57",
        "201202": "32.48",
        "201203": "32.63",
        "201204": "29.10",
        "201205": "29.16",
        "201206": "30.98",
        "201207": "32.50",
        "201208": "30.08",
        "201209": "29.57",
        "201210": "27.40",
        "201211": "27.59",
        "201212": "26.76",
        "201301": "27.11",
        "201302": "26.73",
        "201303": "26.15",
        "201304": "24.51",
        "201305": "23.02",
        "201306": "20.62",
        "201307": "19.70",
        "201308": "19.83",
        "201309": "21.26",
        "201310": "21.15",
        "201311": "20.46",
        "201312": "23.17",
        "201401": "26.63",
        "201402": "23.57",
        "201403": "25.81",
        "201404": "25.66",
        "201405": "25.37",
        "201406": "26.10",
        "201407": "24.73",
        "201408": "26.02",
        "201409": "26.16",
        "201410": "26.05",
        "201411": "24.84",
        "201412": "24.40",
        "201501": "24.32",
        "201502": "24.77",
        "201503": "25.43",
        "201504": "28.58",
        "201505": "34.76",
        "201506": "38.04",
        "201507": "43.96",
        "201508": "39.42",
        "201509": "40.70",
        "201510": "43.75",
        "201511": "40.85",
        "201512": "39.65",
        "201601": "38.18",
        "201602": "42.35",
        "201603": "42.89",
        "201604": "38.25",
        "201605": "37.30",
        "201606": "37.96",
        "201607": "41.06",
        "201608": "40.27",
        "201609": "39.02",
        "201610": "37.27",
        "201611": "37.02",
        "201612": "38.62",
        "201701": "39.12",
        "201702": "39.95",
        "201703": "38.41",
        "201704": "36.05",
        "201705": "35.65",
        "201706": "37.56",
        "201707": "37.34",
        "201708": "34.09",
        "201709": "33.36",
        "201710": "32.16",
        "201711": "30.26",
        "201712": "29.44",
        "201801": "29.88",
        "201802": "27.10",
        "201803": "29.78",
        "201804": "29.99",
        "201805": "29.08",
        "201806": "28.17",
        "201807": "29.65",
        "201808": "28.37",
        "201809": "26.91",
        "201810": "22.38",
        "201811": "19.10",
        "201812": "21.10",
        "201901": "23.02",
        "201902": "21.68",
        "201903": "22.22",
        "201904": "23.59",
        "201905": "22.96",
        "201906": "19.77",
        "201907": "20.18",
        "201908": "19.22",
        "201909": "19.15",
        "201910": "19.08",
        "201911": "19.34",
        "201912": "18.20",
        "202001": "17.64",
        "202002": "17.51",
        "202003": "12.07",
        "202004": "9.67",
        "202005": "10.95",
        "202006": "11.98",
        "202007": "11.88",
        "202008": "13.50",
        "202009": "13.07",
        "202010": "12.75",
        "202011": "15.04",
        "202012": "16.67",
        "202101": "16.52",
        "202102": "16.20",
        "202103": "15.58",
        "202104": "14.85",
        "202105": "15.35",
        "202106": "16.23",
        "202107": "16.20",
        "202108": "16.56",
        "202109": "18.29",
        "202110": "18.08",
        "202111": "18.00",
        "202112": "18.39",
        "202201": "19.50",
        "202202": "20.21",
        "202203": "20.22",
        "202204": "24.89",
        "202205": "24.18",
        "202206": "20.98",
        "202207": "22.50",
        "202208": "25.44",
        "202209": "27.46",
        "202210": "21.38",
        "202211": "20.16",
        "202212": "20.15",
        "202301": "21.81",
        "202302": "23.19",
        "202303": "26.66",
        "202304": "26.76",
        "202305": "26.81"
    },
    "quarters": {
        "20011": {
            "year_quarter": 20011,
            "year": 2001,
            "quarter": 1,
            "eps": null,
            "eps_growth_year": null,
            "eps_4q": null,
            "eps_4q_growth_year": null,
            "roe": null,
            "roe_4q": 0,
            "gross_profit": null,
            "gross_margin": null,
            "gross_margin_4q_avg": 0,
            "net_income": null,
            "revenue": null,
            "common_shares": null,
            "book_valuer_per_share": null,
            "book_valuer_per_share_4q_avg": 0,
            "equity": null,
            "current_ratio": null,
            "debt_ratio": null,
            "inventory_turnover_ratio": null,
            "account_receivable_turnover_ratio": null,
            "reinvestment_rate": null,
            "research_to_sale_ratio": null,
            "price_fair": 0,
            "eps_avg_yearly": 0,
            "eps_latest_yearly": 0,
            "eps_growth_yearly": 0
        },
        "20012": {
            "year_quarter": 20012,
            "year": 2001,
            "quarter": 2,
            "eps": null,
            "eps_growth_year": null,
            "eps_4q": null,
            "eps_4q_growth_year": null,
            "roe": null,
            "roe_4q": 0,
            "gross_profit": null,
            "gross_margin": null,
            "gross_margin_4q_avg": 0,
            "net_income": null,
            "revenue": null,
            "common_shares": null,
            "book_valuer_per_share": null,
            "book_valuer_per_share_4q_avg": 0,
            "equity": null,
            "current_ratio": null,
            "debt_ratio": null,
            "inventory_turnover_ratio": null,
            "account_receivable_turnover_ratio": null,
            "reinvestment_rate": null,
            "research_to_sale_ratio": null,
            "price_fair": 0,
            "eps_avg_yearly": 0,
            "eps_latest_yearly": 0,
            "eps_growth_yearly": 0
        },
        "20013": {
            "year_quarter": 20013,
            "year": 2001,
            "quarter": 3,
            "eps": null,
            "eps_growth_year": null,
            "eps_4q": null,
            "eps_4q_growth_year": null,
            "roe": null,
            "roe_4q": 0,
            "gross_profit": null,
            "gross_margin": null,
            "gross_margin_4q_avg": 0,
            "net_income": null,
            "revenue": null,
            "common_shares": null,
            "book_valuer_per_share": null,
            "book_valuer_per_share_4q_avg": 0,
            "equity": null,
            "current_ratio": null,
            "debt_ratio": null,
            "inventory_turnover_ratio": null,
            "account_receivable_turnover_ratio": null,
            "reinvestment_rate": null,
            "research_to_sale_ratio": null,
            "price_fair": 0,
            "eps_avg_yearly": 0,
            "eps_latest_yearly": 0,
            "eps_growth_yearly": 0
        },
        "20014": {
            "year_quarter": 20014,
            "year": 2001,
            "quarter": 4,
            "eps": null,
            "eps_growth_year": null,
            "eps_4q": null,
            "eps_4q_growth_year": null,
            "roe": null,
            "roe_4q": 0,
            "gross_profit": null,
            "gross_margin": null,
            "gross_margin_4q_avg": 0,
            "net_income": null,
            "revenue": null,
            "common_shares": null,
            "book_valuer_per_share": null,
            "book_valuer_per_share_4q_avg": 0,
            "equity": null,
            "current_ratio": null,
            "debt_ratio": null,
            "inventory_turnover_ratio": null,
            "account_receivable_turnover_ratio": null,
            "reinvestment_rate": null,
            "research_to_sale_ratio": null,
            "price_fair": 0,
            "eps_avg_yearly": 0,
            "eps_latest_yearly": 0,
            "eps_growth_yearly": 0
        },
        "20021": {
            "year_quarter": 20021,
            "year": 2002,
            "quarter": 1,
            "eps": null,
            "eps_growth_year": null,
            "eps_4q": null,
            "eps_4q_growth_year": null,
            "roe": null,
            "roe_4q": 0,
            "gross_profit": null,
            "gross_margin": null,
            "gross_margin_4q_avg": 0,
            "net_income": null,
            "revenue": null,
            "common_shares": null,
            "book_valuer_per_share": null,
            "book_valuer_per_share_4q_avg": 0,
            "equity": null,
            "current_ratio": null,
            "debt_ratio": null,
            "inventory_turnover_ratio": null,
            "account_receivable_turnover_ratio": null,
            "reinvestment_rate": null,
            "research_to_sale_ratio": null,
            "price_fair": 0,
            "eps_avg_yearly": 0,
            "eps_latest_yearly": 0,
            "eps_growth_yearly": 0
        },
        "20022": {
            "year_quarter": 20022,
            "year": 2002,
            "quarter": 2,
            "eps": null,
            "eps_growth_year": null,
            "eps_4q": null,
            "eps_4q_growth_year": null,
            "roe": null,
            "roe_4q": 0,
            "gross_profit": null,
            "gross_margin": null,
            "gross_margin_4q_avg": 0,
            "net_income": null,
            "revenue": null,
            "common_shares": null,
            "book_valuer_per_share": null,
            "book_valuer_per_share_4q_avg": 0,
            "equity": null,
            "current_ratio": null,
            "debt_ratio": null,
            "inventory_turnover_ratio": null,
            "account_receivable_turnover_ratio": null,
            "reinvestment_rate": null,
            "research_to_sale_ratio": null,
            "price_fair": 0,
            "eps_avg_yearly": 0,
            "eps_latest_yearly": 0,
            "eps_growth_yearly": 0
        },
        "20023": {
            "year_quarter": 20023,
            "year": 2002,
            "quarter": 3,
            "eps": null,
            "eps_growth_year": null,
            "eps_4q": null,
            "eps_4q_growth_year": null,
            "roe": null,
            "roe_4q": 0,
            "gross_profit": null,
            "gross_margin": null,
            "gross_margin_4q_avg": 0,
            "net_income": null,
            "revenue": null,
            "common_shares": null,
            "book_valuer_per_share": null,
            "book_valuer_per_share_4q_avg": 0,
            "equity": null,
            "current_ratio": null,
            "debt_ratio": null,
            "inventory_turnover_ratio": null,
            "account_receivable_turnover_ratio": null,
            "reinvestment_rate": null,
            "research_to_sale_ratio": null,
            "price_fair": 0,
            "eps_avg_yearly": 0,
            "eps_latest_yearly": 0,
            "eps_growth_yearly": 0
        },
        "20024": {
            "year_quarter": 20024,
            "year": 2002,
            "quarter": 4,
            "eps": null,
            "eps_growth_year": null,
            "eps_4q": null,
            "eps_4q_growth_year": null,
            "roe": null,
            "roe_4q": 0,
            "gross_profit": null,
            "gross_margin": null,
            "gross_margin_4q_avg": 0,
            "net_income": null,
            "revenue": null,
            "common_shares": null,
            "book_valuer_per_share": null,
            "book_valuer_per_share_4q_avg": 0,
            "equity": null,
            "current_ratio": null,
            "debt_ratio": null,
            "inventory_turnover_ratio": null,
            "account_receivable_turnover_ratio": null,
            "reinvestment_rate": null,
            "research_to_sale_ratio": null,
            "price_fair": 0,
            "eps_avg_yearly": 0,
            "eps_latest_yearly": 0,
            "eps_growth_yearly": 0
        },
        "20031": {
            "year_quarter": 20031,
            "year": 2003,
            "quarter": 1,
            "eps": null,
            "eps_growth_year": null,
            "eps_4q": null,
            "eps_4q_growth_year": null,
            "roe": null,
            "roe_4q": 0,
            "gross_profit": null,
            "gross_margin": null,
            "gross_margin_4q_avg": 0,
            "net_income": null,
            "revenue": null,
            "common_shares": null,
            "book_valuer_per_share": null,
            "book_valuer_per_share_4q_avg": 0,
            "equity": null,
            "current_ratio": null,
            "debt_ratio": null,
            "inventory_turnover_ratio": null,
            "account_receivable_turnover_ratio": null,
            "reinvestment_rate": null,
            "research_to_sale_ratio": null,
            "price_fair": 0,
            "eps_avg_yearly": 0,
            "eps_latest_yearly": 0,
            "eps_growth_yearly": 0
        },
        "20032": {
            "year_quarter": 20032,
            "year": 2003,
            "quarter": 2,
            "eps": null,
            "eps_growth_year": null,
            "eps_4q": null,
            "eps_4q_growth_year": null,
            "roe": null,
            "roe_4q": 0,
            "gross_profit": null,
            "gross_margin": null,
            "gross_margin_4q_avg": 0,
            "net_income": null,
            "revenue": null,
            "common_shares": null,
            "book_valuer_per_share": null,
            "book_valuer_per_share_4q_avg": 0,
            "equity": null,
            "current_ratio": null,
            "debt_ratio": null,
            "inventory_turnover_ratio": null,
            "account_receivable_turnover_ratio": null,
            "reinvestment_rate": null,
            "research_to_sale_ratio": null,
            "price_fair": 0,
            "eps_avg_yearly": 0,
            "eps_latest_yearly": 0,
            "eps_growth_yearly": 0
        },
        "20033": {
            "year_quarter": 20033,
            "year": 2003,
            "quarter": 3,
            "eps": null,
            "eps_growth_year": null,
            "eps_4q": null,
            "eps_4q_growth_year": null,
            "roe": null,
            "roe_4q": 0,
            "gross_profit": null,
            "gross_margin": null,
            "gross_margin_4q_avg": 0,
            "net_income": null,
            "revenue": null,
            "common_shares": null,
            "book_valuer_per_share": null,
            "book_valuer_per_share_4q_avg": 0,
            "equity": null,
            "current_ratio": null,
            "debt_ratio": null,
            "inventory_turnover_ratio": null,
            "account_receivable_turnover_ratio": null,
            "reinvestment_rate": null,
            "research_to_sale_ratio": null,
            "price_fair": 0,
            "eps_avg_yearly": 0,
            "eps_latest_yearly": 0,
            "eps_growth_yearly": 0
        },
        "20034": {
            "year_quarter": 20034,
            "year": 2003,
            "quarter": 4,
            "eps": null,
            "eps_growth_year": null,
            "eps_4q": null,
            "eps_4q_growth_year": null,
            "roe": null,
            "roe_4q": 0,
            "gross_profit": null,
            "gross_margin": null,
            "gross_margin_4q_avg": 0,
            "net_income": null,
            "revenue": null,
            "common_shares": null,
            "book_valuer_per_share": null,
            "book_valuer_per_share_4q_avg": 0,
            "equity": null,
            "current_ratio": null,
            "debt_ratio": null,
            "inventory_turnover_ratio": null,
            "account_receivable_turnover_ratio": null,
            "reinvestment_rate": null,
            "research_to_sale_ratio": null,
            "price_fair": 0,
            "eps_avg_yearly": 0,
            "eps_latest_yearly": 0,
            "eps_growth_yearly": 0
        },
        "20041": {
            "year_quarter": 20041,
            "year": 2004,
            "quarter": 1,
            "eps": null,
            "eps_growth_year": null,
            "eps_4q": null,
            "eps_4q_growth_year": null,
            "roe": null,
            "roe_4q": 0,
            "gross_profit": null,
            "gross_margin": null,
            "gross_margin_4q_avg": 0,
            "net_income": null,
            "revenue": null,
            "common_shares": null,
            "book_valuer_per_share": null,
            "book_valuer_per_share_4q_avg": 0,
            "equity": null,
            "current_ratio": null,
            "debt_ratio": null,
            "inventory_turnover_ratio": null,
            "account_receivable_turnover_ratio": null,
            "reinvestment_rate": null,
            "research_to_sale_ratio": null,
            "price_fair": 0,
            "eps_avg_yearly": 0,
            "eps_latest_yearly": 0,
            "eps_growth_yearly": 0
        },
        "20042": {
            "year_quarter": 20042,
            "year": 2004,
            "quarter": 2,
            "eps": null,
            "eps_growth_year": null,
            "eps_4q": null,
            "eps_4q_growth_year": null,
            "roe": null,
            "roe_4q": 0,
            "gross_profit": null,
            "gross_margin": null,
            "gross_margin_4q_avg": 0,
            "net_income": null,
            "revenue": null,
            "common_shares": null,
            "book_valuer_per_share": null,
            "book_valuer_per_share_4q_avg": 0,
            "equity": null,
            "current_ratio": null,
            "debt_ratio": null,
            "inventory_turnover_ratio": null,
            "account_receivable_turnover_ratio": null,
            "reinvestment_rate": null,
            "research_to_sale_ratio": null,
            "price_fair": 0,
            "eps_avg_yearly": 0,
            "eps_latest_yearly": 0,
            "eps_growth_yearly": 0
        },
        "20043": {
            "year_quarter": 20043,
            "year": 2004,
            "quarter": 3,
            "eps": null,
            "eps_growth_year": null,
            "eps_4q": null,
            "eps_4q_growth_year": null,
            "roe": null,
            "roe_4q": 0,
            "gross_profit": null,
            "gross_margin": null,
            "gross_margin_4q_avg": 0,
            "net_income": null,
            "revenue": null,
            "common_shares": null,
            "book_valuer_per_share": null,
            "book_valuer_per_share_4q_avg": 0,
            "equity": null,
            "current_ratio": null,
            "debt_ratio": null,
            "inventory_turnover_ratio": null,
            "account_receivable_turnover_ratio": null,
            "reinvestment_rate": null,
            "research_to_sale_ratio": null,
            "price_fair": 0,
            "eps_avg_yearly": 0,
            "eps_latest_yearly": 0,
            "eps_growth_yearly": 0
        },
        "20044": {
            "year_quarter": 20044,
            "year": 2004,
            "quarter": 4,
            "eps": null,
            "eps_growth_year": null,
            "eps_4q": null,
            "eps_4q_growth_year": null,
            "roe": null,
            "roe_4q": 0,
            "gross_profit": null,
            "gross_margin": null,
            "gross_margin_4q_avg": 0,
            "net_income": null,
            "revenue": null,
            "common_shares": null,
            "book_valuer_per_share": null,
            "book_valuer_per_share_4q_avg": 0,
            "equity": null,
            "current_ratio": null,
            "debt_ratio": null,
            "inventory_turnover_ratio": null,
            "account_receivable_turnover_ratio": null,
            "reinvestment_rate": null,
            "research_to_sale_ratio": null,
            "price_fair": 0,
            "eps_avg_yearly": 0,
            "eps_latest_yearly": 0,
            "eps_growth_yearly": 0
        },
        "20051": {
            "year_quarter": 20051,
            "year": 2005,
            "quarter": 1,
            "eps": null,
            "eps_growth_year": null,
            "eps_4q": null,
            "eps_4q_growth_year": null,
            "roe": null,
            "roe_4q": 0,
            "gross_profit": null,
            "gross_margin": null,
            "gross_margin_4q_avg": 0,
            "net_income": null,
            "revenue": null,
            "common_shares": null,
            "book_valuer_per_share": null,
            "book_valuer_per_share_4q_avg": 0,
            "equity": null,
            "current_ratio": null,
            "debt_ratio": null,
            "inventory_turnover_ratio": null,
            "account_receivable_turnover_ratio": null,
            "reinvestment_rate": null,
            "research_to_sale_ratio": null,
            "price_fair": 0,
            "eps_avg_yearly": 0,
            "eps_latest_yearly": 0,
            "eps_growth_yearly": 0
        },
        "20052": {
            "year_quarter": 20052,
            "year": 2005,
            "quarter": 2,
            "eps": null,
            "eps_growth_year": null,
            "eps_4q": null,
            "eps_4q_growth_year": null,
            "roe": null,
            "roe_4q": 0,
            "gross_profit": null,
            "gross_margin": null,
            "gross_margin_4q_avg": 0,
            "net_income": null,
            "revenue": null,
            "common_shares": null,
            "book_valuer_per_share": null,
            "book_valuer_per_share_4q_avg": 0,
            "equity": null,
            "current_ratio": null,
            "debt_ratio": null,
            "inventory_turnover_ratio": null,
            "account_receivable_turnover_ratio": null,
            "reinvestment_rate": null,
            "research_to_sale_ratio": null,
            "price_fair": 0,
            "eps_avg_yearly": 0,
            "eps_latest_yearly": 0,
            "eps_growth_yearly": 0
        },
        "20053": {
            "year_quarter": 20053,
            "year": 2005,
            "quarter": 3,
            "eps": null,
            "eps_growth_year": null,
            "eps_4q": null,
            "eps_4q_growth_year": null,
            "roe": null,
            "roe_4q": 0,
            "gross_profit": null,
            "gross_margin": null,
            "gross_margin_4q_avg": 0,
            "net_income": null,
            "revenue": null,
            "common_shares": null,
            "book_valuer_per_share": null,
            "book_valuer_per_share_4q_avg": 0,
            "equity": null,
            "current_ratio": null,
            "debt_ratio": null,
            "inventory_turnover_ratio": null,
            "account_receivable_turnover_ratio": null,
            "reinvestment_rate": null,
            "research_to_sale_ratio": null,
            "price_fair": 0,
            "eps_avg_yearly": 0,
            "eps_latest_yearly": 0,
            "eps_growth_yearly": 0
        },
        "20054": {
            "year_quarter": 20054,
            "year": 2005,
            "quarter": 4,
            "eps": null,
            "eps_growth_year": null,
            "eps_4q": null,
            "eps_4q_growth_year": null,
            "roe": null,
            "roe_4q": 0,
            "gross_profit": null,
            "gross_margin": null,
            "gross_margin_4q_avg": 0,
            "net_income": null,
            "revenue": null,
            "common_shares": null,
            "book_valuer_per_share": null,
            "book_valuer_per_share_4q_avg": 0,
            "equity": null,
            "current_ratio": null,
            "debt_ratio": null,
            "inventory_turnover_ratio": null,
            "account_receivable_turnover_ratio": null,
            "reinvestment_rate": null,
            "research_to_sale_ratio": null,
            "price_fair": 0,
            "eps_avg_yearly": 0,
            "eps_latest_yearly": 0,
            "eps_growth_yearly": 0
        },
        "20061": {
            "year_quarter": 20061,
            "year": 2006,
            "quarter": 1,
            "eps": null,
            "eps_growth_year": null,
            "eps_4q": null,
            "eps_4q_growth_year": null,
            "roe": null,
            "roe_4q": 0,
            "gross_profit": null,
            "gross_margin": null,
            "gross_margin_4q_avg": 0,
            "net_income": null,
            "revenue": null,
            "common_shares": null,
            "book_valuer_per_share": null,
            "book_valuer_per_share_4q_avg": 0,
            "equity": null,
            "current_ratio": null,
            "debt_ratio": null,
            "inventory_turnover_ratio": null,
            "account_receivable_turnover_ratio": null,
            "reinvestment_rate": null,
            "research_to_sale_ratio": null,
            "price_fair": 0,
            "eps_avg_yearly": 0,
            "eps_latest_yearly": 0,
            "eps_growth_yearly": 0
        },
        "20062": {
            "year_quarter": 20062,
            "year": 2006,
            "quarter": 2,
            "eps": null,
            "eps_growth_year": null,
            "eps_4q": null,
            "eps_4q_growth_year": null,
            "roe": null,
            "roe_4q": 0,
            "gross_profit": null,
            "gross_margin": null,
            "gross_margin_4q_avg": 0,
            "net_income": null,
            "revenue": null,
            "common_shares": null,
            "book_valuer_per_share": null,
            "book_valuer_per_share_4q_avg": 0,
            "equity": null,
            "current_ratio": null,
            "debt_ratio": null,
            "inventory_turnover_ratio": null,
            "account_receivable_turnover_ratio": null,
            "reinvestment_rate": null,
            "research_to_sale_ratio": null,
            "price_fair": 0,
            "eps_avg_yearly": 0,
            "eps_latest_yearly": 0,
            "eps_growth_yearly": 0
        },
        "20063": {
            "year_quarter": 20063,
            "year": 2006,
            "quarter": 3,
            "eps": null,
            "eps_growth_year": null,
            "eps_4q": null,
            "eps_4q_growth_year": null,
            "roe": null,
            "roe_4q": 0,
            "gross_profit": null,
            "gross_margin": null,
            "gross_margin_4q_avg": 0,
            "net_income": null,
            "revenue": null,
            "common_shares": null,
            "book_valuer_per_share": null,
            "book_valuer_per_share_4q_avg": 0,
            "equity": null,
            "current_ratio": null,
            "debt_ratio": null,
            "inventory_turnover_ratio": null,
            "account_receivable_turnover_ratio": null,
            "reinvestment_rate": null,
            "research_to_sale_ratio": null,
            "price_fair": 0,
            "eps_avg_yearly": 0,
            "eps_latest_yearly": 0,
            "eps_growth_yearly": 0
        },
        "20064": {
            "year_quarter": 20064,
            "year": 2006,
            "quarter": 4,
            "eps": null,
            "eps_growth_year": null,
            "eps_4q": null,
            "eps_4q_growth_year": null,
            "roe": null,
            "roe_4q": 0,
            "gross_profit": null,
            "gross_margin": null,
            "gross_margin_4q_avg": 0,
            "net_income": null,
            "revenue": null,
            "common_shares": null,
            "book_valuer_per_share": null,
            "book_valuer_per_share_4q_avg": 0,
            "equity": null,
            "current_ratio": null,
            "debt_ratio": null,
            "inventory_turnover_ratio": null,
            "account_receivable_turnover_ratio": null,
            "reinvestment_rate": null,
            "research_to_sale_ratio": null,
            "price_fair": 0,
            "eps_avg_yearly": 0,
            "eps_latest_yearly": 0,
            "eps_growth_yearly": 0
        },
        "20071": {
            "year_quarter": 20071,
            "year": 2007,
            "quarter": 1,
            "eps": null,
            "eps_growth_year": null,
            "eps_4q": null,
            "eps_4q_growth_year": null,
            "roe": null,
            "roe_4q": 0,
            "gross_profit": null,
            "gross_margin": null,
            "gross_margin_4q_avg": 0,
            "net_income": null,
            "revenue": null,
            "common_shares": null,
            "book_valuer_per_share": null,
            "book_valuer_per_share_4q_avg": 0,
            "equity": null,
            "current_ratio": null,
            "debt_ratio": null,
            "inventory_turnover_ratio": null,
            "account_receivable_turnover_ratio": null,
            "reinvestment_rate": null,
            "research_to_sale_ratio": null,
            "price_fair": 0,
            "eps_avg_yearly": 0,
            "eps_latest_yearly": 0,
            "eps_growth_yearly": 0
        },
        "20072": {
            "year_quarter": 20072,
            "year": 2007,
            "quarter": 2,
            "eps": null,
            "eps_growth_year": null,
            "eps_4q": null,
            "eps_4q_growth_year": null,
            "roe": null,
            "roe_4q": 0,
            "gross_profit": null,
            "gross_margin": null,
            "gross_margin_4q_avg": 0,
            "net_income": null,
            "revenue": null,
            "common_shares": null,
            "book_valuer_per_share": null,
            "book_valuer_per_share_4q_avg": 0,
            "equity": null,
            "current_ratio": null,
            "debt_ratio": null,
            "inventory_turnover_ratio": null,
            "account_receivable_turnover_ratio": null,
            "reinvestment_rate": null,
            "research_to_sale_ratio": null,
            "price_fair": 0,
            "eps_avg_yearly": 0,
            "eps_latest_yearly": 0,
            "eps_growth_yearly": 0
        },
        "20073": {
            "year_quarter": 20073,
            "year": 2007,
            "quarter": 3,
            "eps": null,
            "eps_growth_year": null,
            "eps_4q": null,
            "eps_4q_growth_year": null,
            "roe": null,
            "roe_4q": 0,
            "gross_profit": null,
            "gross_margin": null,
            "gross_margin_4q_avg": 0,
            "net_income": null,
            "revenue": null,
            "common_shares": null,
            "book_valuer_per_share": null,
            "book_valuer_per_share_4q_avg": 0,
            "equity": null,
            "current_ratio": null,
            "debt_ratio": null,
            "inventory_turnover_ratio": null,
            "account_receivable_turnover_ratio": null,
            "reinvestment_rate": null,
            "research_to_sale_ratio": null,
            "price_fair": 0,
            "eps_avg_yearly": 0,
            "eps_latest_yearly": 0,
            "eps_growth_yearly": 0
        },
        "20074": {
            "year_quarter": 20074,
            "year": 2007,
            "quarter": 4,
            "eps": null,
            "eps_growth_year": null,
            "eps_4q": null,
            "eps_4q_growth_year": null,
            "roe": null,
            "roe_4q": 0,
            "gross_profit": null,
            "gross_margin": null,
            "gross_margin_4q_avg": 0,
            "net_income": null,
            "revenue": null,
            "common_shares": 72630,
            "book_valuer_per_share": 31.09,
            "book_valuer_per_share_4q_avg": 7.77,
            "equity": 228139,
            "current_ratio": 99.21,
            "debt_ratio": 51.34,
            "inventory_turnover_ratio": null,
            "account_receivable_turnover_ratio": null,
            "reinvestment_rate": null,
            "research_to_sale_ratio": null,
            "price_fair": 0,
            "eps_avg_yearly": 0,
            "eps_latest_yearly": 0,
            "eps_growth_yearly": 0
        },
        "20081": {
            "year_quarter": 20081,
            "year": 2008,
            "quarter": 1,
            "eps": null,
            "eps_growth_year": null,
            "eps_4q": null,
            "eps_4q_growth_year": null,
            "roe": null,
            "roe_4q": 0,
            "gross_profit": null,
            "gross_margin": null,
            "gross_margin_4q_avg": 0,
            "net_income": null,
            "revenue": null,
            "common_shares": null,
            "book_valuer_per_share": null,
            "book_valuer_per_share_4q_avg": 7.77,
            "equity": null,
            "current_ratio": null,
            "debt_ratio": null,
            "inventory_turnover_ratio": null,
            "account_receivable_turnover_ratio": null,
            "reinvestment_rate": null,
            "research_to_sale_ratio": null,
            "price_fair": 0,
            "eps_avg_yearly": 0,
            "eps_latest_yearly": 0,
            "eps_growth_yearly": 0
        },
        "20082": {
            "year_quarter": 20082,
            "year": 2008,
            "quarter": 2,
            "eps": null,
            "eps_growth_year": null,
            "eps_4q": null,
            "eps_4q_growth_year": null,
            "roe": null,
            "roe_4q": 0,
            "gross_profit": null,
            "gross_margin": null,
            "gross_margin_4q_avg": 0,
            "net_income": null,
            "revenue": null,
            "common_shares": null,
            "book_valuer_per_share": null,
            "book_valuer_per_share_4q_avg": 7.77,
            "equity": null,
            "current_ratio": null,
            "debt_ratio": null,
            "inventory_turnover_ratio": null,
            "account_receivable_turnover_ratio": null,
            "reinvestment_rate": null,
            "research_to_sale_ratio": null,
            "price_fair": 0,
            "eps_avg_yearly": 0,
            "eps_latest_yearly": 0,
            "eps_growth_yearly": 0
        },
        "20083": {
            "year_quarter": 20083,
            "year": 2008,
            "quarter": 3,
            "eps": null,
            "eps_growth_year": null,
            "eps_4q": null,
            "eps_4q_growth_year": null,
            "roe": null,
            "roe_4q": 0,
            "gross_profit": null,
            "gross_margin": null,
            "gross_margin_4q_avg": 0,
            "net_income": null,
            "revenue": null,
            "common_shares": null,
            "book_valuer_per_share": null,
            "book_valuer_per_share_4q_avg": 7.77,
            "equity": null,
            "current_ratio": null,
            "debt_ratio": null,
            "inventory_turnover_ratio": null,
            "account_receivable_turnover_ratio": null,
            "reinvestment_rate": null,
            "research_to_sale_ratio": null,
            "price_fair": 0,
            "eps_avg_yearly": 0,
            "eps_latest_yearly": 0,
            "eps_growth_yearly": 0
        },
        "20084": {
            "year_quarter": 20084,
            "year": 2008,
            "quarter": 4,
            "eps": null,
            "eps_growth_year": null,
            "eps_4q": null,
            "eps_4q_growth_year": null,
            "roe": null,
            "roe_4q": 0,
            "gross_profit": null,
            "gross_margin": null,
            "gross_margin_4q_avg": 0,
            "net_income": null,
            "revenue": null,
            "common_shares": 76438,
            "book_valuer_per_share": 40.35,
            "book_valuer_per_share_4q_avg": 10.09,
            "equity": 310627,
            "current_ratio": 156.47,
            "debt_ratio": 37.96,
            "inventory_turnover_ratio": null,
            "account_receivable_turnover_ratio": null,
            "reinvestment_rate": null,
            "research_to_sale_ratio": null,
            "price_fair": 0,
            "eps_avg_yearly": 0,
            "eps_latest_yearly": 0,
            "eps_growth_yearly": 0
        },
        "20091": {
            "year_quarter": 20091,
            "year": 2009,
            "quarter": 1,
            "eps": null,
            "eps_growth_year": null,
            "eps_4q": null,
            "eps_4q_growth_year": null,
            "roe": null,
            "roe_4q": 0,
            "gross_profit": null,
            "gross_margin": null,
            "gross_margin_4q_avg": 0,
            "net_income": null,
            "revenue": null,
            "common_shares": null,
            "book_valuer_per_share": null,
            "book_valuer_per_share_4q_avg": 10.09,
            "equity": null,
            "current_ratio": null,
            "debt_ratio": null,
            "inventory_turnover_ratio": null,
            "account_receivable_turnover_ratio": null,
            "reinvestment_rate": null,
            "research_to_sale_ratio": null,
            "price_fair": 0,
            "eps_avg_yearly": 0,
            "eps_latest_yearly": 0,
            "eps_growth_yearly": 0
        },
        "20092": {
            "year_quarter": 20092,
            "year": 2009,
            "quarter": 2,
            "eps": null,
            "eps_growth_year": null,
            "eps_4q": null,
            "eps_4q_growth_year": null,
            "roe": null,
            "roe_4q": 0,
            "gross_profit": null,
            "gross_margin": null,
            "gross_margin_4q_avg": 0,
            "net_income": null,
            "revenue": null,
            "common_shares": null,
            "book_valuer_per_share": null,
            "book_valuer_per_share_4q_avg": 10.09,
            "equity": null,
            "current_ratio": null,
            "debt_ratio": null,
            "inventory_turnover_ratio": null,
            "account_receivable_turnover_ratio": null,
            "reinvestment_rate": null,
            "research_to_sale_ratio": null,
            "price_fair": 0,
            "eps_avg_yearly": 0,
            "eps_latest_yearly": 0,
            "eps_growth_yearly": 0
        },
        "20093": {
            "year_quarter": 20093,
            "year": 2009,
            "quarter": 3,
            "eps": null,
            "eps_growth_year": null,
            "eps_4q": null,
            "eps_4q_growth_year": null,
            "roe": null,
            "roe_4q": 0,
            "gross_profit": null,
            "gross_margin": null,
            "gross_margin_4q_avg": 0,
            "net_income": null,
            "revenue": null,
            "common_shares": null,
            "book_valuer_per_share": null,
            "book_valuer_per_share_4q_avg": 10.09,
            "equity": null,
            "current_ratio": null,
            "debt_ratio": null,
            "inventory_turnover_ratio": null,
            "account_receivable_turnover_ratio": null,
            "reinvestment_rate": null,
            "research_to_sale_ratio": null,
            "price_fair": 0,
            "eps_avg_yearly": 0,
            "eps_latest_yearly": 0,
            "eps_growth_yearly": 0
        },
        "20094": {
            "year_quarter": 20094,
            "year": 2009,
            "quarter": 4,
            "eps": null,
            "eps_growth_year": null,
            "eps_4q": null,
            "eps_4q_growth_year": null,
            "roe": null,
            "roe_4q": 0,
            "gross_profit": null,
            "gross_margin": null,
            "gross_margin_4q_avg": 0,
            "net_income": null,
            "revenue": null,
            "common_shares": 85057,
            "book_valuer_per_share": 27.72,
            "book_valuer_per_share_4q_avg": 6.93,
            "equity": 236723,
            "current_ratio": 115.31,
            "debt_ratio": 59.83,
            "inventory_turnover_ratio": null,
            "account_receivable_turnover_ratio": null,
            "reinvestment_rate": null,
            "research_to_sale_ratio": null,
            "price_fair": 0,
            "eps_avg_yearly": 0,
            "eps_latest_yearly": 0,
            "eps_growth_yearly": 0
        },
        "20101": {
            "year_quarter": 20101,
            "year": 2010,
            "quarter": 1,
            "eps": null,
            "eps_growth_year": null,
            "eps_4q": null,
            "eps_4q_growth_year": null,
            "roe": null,
            "roe_4q": 0,
            "gross_profit": 64886,
            "gross_margin": null,
            "gross_margin_4q_avg": 0,
            "net_income": 66487,
            "revenue": 249285,
            "common_shares": 85057,
            "book_valuer_per_share": 36.02,
            "book_valuer_per_share_4q_avg": 15.94,
            "equity": 307520,
            "current_ratio": 154.96,
            "debt_ratio": 43.67,
            "inventory_turnover_ratio": null,
            "account_receivable_turnover_ratio": null,
            "reinvestment_rate": null,
            "research_to_sale_ratio": null,
            "price_fair": 0,
            "eps_avg_yearly": 0,
            "eps_latest_yearly": 0,
            "eps_growth_yearly": 0
        },
        "20102": {
            "year_quarter": 20102,
            "year": 2010,
            "quarter": 2,
            "eps": null,
            "eps_growth_year": null,
            "eps_4q": null,
            "eps_4q_growth_year": null,
            "roe": null,
            "roe_4q": 0,
            "gross_profit": 72569,
            "gross_margin": null,
            "gross_margin_4q_avg": 0,
            "net_income": 18089,
            "revenue": 299376,
            "common_shares": 300000,
            "book_valuer_per_share": 10.44,
            "book_valuer_per_share_4q_avg": 18.55,
            "equity": 313171,
            "current_ratio": 162.36,
            "debt_ratio": 41.92,
            "inventory_turnover_ratio": null,
            "account_receivable_turnover_ratio": null,
            "reinvestment_rate": null,
            "research_to_sale_ratio": null,
            "price_fair": 0,
            "eps_avg_yearly": 0,
            "eps_latest_yearly": 0,
            "eps_growth_yearly": 0
        },
        "20103": {
            "year_quarter": 20103,
            "year": 2010,
            "quarter": 3,
            "eps": null,
            "eps_growth_year": null,
            "eps_4q": null,
            "eps_4q_growth_year": null,
            "roe": null,
            "roe_4q": 0,
            "gross_profit": 70918,
            "gross_margin": null,
            "gross_margin_4q_avg": 0,
            "net_income": 29789,
            "revenue": 298016,
            "common_shares": 300000,
            "book_valuer_per_share": 11.28,
            "book_valuer_per_share_4q_avg": 21.37,
            "equity": 338535,
            "current_ratio": 155.09,
            "debt_ratio": 41.72,
            "inventory_turnover_ratio": null,
            "account_receivable_turnover_ratio": null,
            "reinvestment_rate": null,
            "research_to_sale_ratio": null,
            "price_fair": 0,
            "eps_avg_yearly": 0,
            "eps_latest_yearly": 0,
            "eps_growth_yearly": 0
        },
        "20104": {
            "year_quarter": 20104,
            "year": 2010,
            "quarter": 4,
            "eps": null,
            "eps_growth_year": null,
            "eps_4q": null,
            "eps_4q_growth_year": null,
            "roe": null,
            "roe_4q": 0,
            "gross_profit": 74923,
            "gross_margin": null,
            "gross_margin_4q_avg": 0,
            "net_income": 27029,
            "revenue": 298956,
            "common_shares": 300000,
            "book_valuer_per_share": 12.04,
            "book_valuer_per_share_4q_avg": 17.45,
            "equity": 361134,
            "current_ratio": 181.63,
            "debt_ratio": 39.47,
            "inventory_turnover_ratio": null,
            "account_receivable_turnover_ratio": null,
            "reinvestment_rate": null,
            "research_to_sale_ratio": null,
            "price_fair": 0,
            "eps_avg_yearly": 0,
            "eps_latest_yearly": 0,
            "eps_growth_yearly": 0
        },
        "20111": {
            "year_quarter": 20111,
            "year": 2011,
            "quarter": 1,
            "eps": 0.97,
            "eps_growth_year": null,
            "eps_4q": 0.97,
            "eps_4q_growth_year": null,
            "roe": 7.76,
            "roe_4q": 7.76,
            "gross_profit": 73707,
            "gross_margin": 24.41,
            "gross_margin_4q_avg": 6.1,
            "net_income": 28994,
            "revenue": 301978,
            "common_shares": 300000,
            "book_valuer_per_share": 12.87,
            "book_valuer_per_share_4q_avg": 11.66,
            "equity": 386045,
            "current_ratio": 204.96,
            "debt_ratio": 36.49,
            "inventory_turnover_ratio": 3.68,
            "account_receivable_turnover_ratio": 2.88,
            "reinvestment_rate": null,
            "research_to_sale_ratio": null,
            "price_fair": 0,
            "eps_avg_yearly": 0,
            "eps_latest_yearly": 0,
            "eps_growth_yearly": 0
        },
        "20112": {
            "year_quarter": 20112,
            "year": 2011,
            "quarter": 2,
            "eps": null,
            "eps_growth_year": null,
            "eps_4q": null,
            "eps_4q_growth_year": null,
            "roe": null,
            "roe_4q": 7.76,
            "gross_profit": 78338,
            "gross_margin": null,
            "gross_margin_4q_avg": 6.1,
            "net_income": 22078,
            "revenue": 331244,
            "common_shares": 300000,
            "book_valuer_per_share": 13.56,
            "book_valuer_per_share_4q_avg": 12.44,
            "equity": 406745,
            "current_ratio": 218.26,
            "debt_ratio": 35.19,
            "inventory_turnover_ratio": null,
            "account_receivable_turnover_ratio": null,
            "reinvestment_rate": null,
            "research_to_sale_ratio": null,
            "price_fair": 0,
            "eps_avg_yearly": 0,
            "eps_latest_yearly": 0,
            "eps_growth_yearly": 0
        },
        "20113": {
            "year_quarter": 20113,
            "year": 2011,
            "quarter": 3,
            "eps": null,
            "eps_growth_year": null,
            "eps_4q": null,
            "eps_4q_growth_year": null,
            "roe": null,
            "roe_4q": 7.76,
            "gross_profit": 77047,
            "gross_margin": null,
            "gross_margin_4q_avg": 6.1,
            "net_income": 22565,
            "revenue": 328248,
            "common_shares": 340000,
            "book_valuer_per_share": 16.58,
            "book_valuer_per_share_4q_avg": 13.76,
            "equity": 563708,
            "current_ratio": 285.46,
            "debt_ratio": 30.15,
            "inventory_turnover_ratio": null,
            "account_receivable_turnover_ratio": null,
            "reinvestment_rate": null,
            "research_to_sale_ratio": null,
            "price_fair": 0,
            "eps_avg_yearly": 0,
            "eps_latest_yearly": 0,
            "eps_growth_yearly": 0
        },
        "20114": {
            "year_quarter": 20114,
            "year": 2011,
            "quarter": 4,
            "eps": null,
            "eps_growth_year": null,
            "eps_4q": null,
            "eps_4q_growth_year": null,
            "roe": null,
            "roe_4q": 7.76,
            "gross_profit": 82406,
            "gross_margin": null,
            "gross_margin_4q_avg": 6.1,
            "net_income": 25330,
            "revenue": 344766,
            "common_shares": 340000,
            "book_valuer_per_share": 17.34,
            "book_valuer_per_share_4q_avg": 15.09,
            "equity": 589605,
            "current_ratio": 404.59,
            "debt_ratio": 23.09,
            "inventory_turnover_ratio": null,
            "account_receivable_turnover_ratio": null,
            "reinvestment_rate": null,
            "research_to_sale_ratio": null,
            "price_fair": 0,
            "eps_avg_yearly": 0,
            "eps_latest_yearly": 0,
            "eps_growth_yearly": 0
        },
        "20121": {
            "year_quarter": 20121,
            "year": 2012,
            "quarter": 1,
            "eps": null,
            "eps_growth_year": null,
            "eps_4q": null,
            "eps_4q_growth_year": null,
            "roe": null,
            "roe_4q": 0,
            "gross_profit": 83381,
            "gross_margin": null,
            "gross_margin_4q_avg": 0,
            "net_income": 26004,
            "revenue": 324739,
            "common_shares": 340000,
            "book_valuer_per_share": 17.87,
            "book_valuer_per_share_4q_avg": 16.34,
            "equity": 607432,
            "current_ratio": 381.55,
            "debt_ratio": 23.21,
            "inventory_turnover_ratio": null,
            "account_receivable_turnover_ratio": null,
            "reinvestment_rate": null,
            "research_to_sale_ratio": null,
            "price_fair": 0,
            "eps_avg_yearly": 0,
            "eps_latest_yearly": 0,
            "eps_growth_yearly": 0
        },
        "20122": {
            "year_quarter": 20122,
            "year": 2012,
            "quarter": 2,
            "eps": null,
            "eps_growth_year": null,
            "eps_4q": null,
            "eps_4q_growth_year": null,
            "roe": null,
            "roe_4q": 0,
            "gross_profit": 82698,
            "gross_margin": null,
            "gross_margin_4q_avg": 0,
            "net_income": 18195,
            "revenue": 340095,
            "common_shares": 340000,
            "book_valuer_per_share": 16.57,
            "book_valuer_per_share_4q_avg": 17.09,
            "equity": 563514,
            "current_ratio": 246.38,
            "debt_ratio": 31.71,
            "inventory_turnover_ratio": null,
            "account_receivable_turnover_ratio": null,
            "reinvestment_rate": null,
            "research_to_sale_ratio": null,
            "price_fair": 0,
            "eps_avg_yearly": 0,
            "eps_latest_yearly": 0,
            "eps_growth_yearly": 0
        },
        "20123": {
            "year_quarter": 20123,
            "year": 2012,
            "quarter": 3,
            "eps": null,
            "eps_growth_year": null,
            "eps_4q": null,
            "eps_4q_growth_year": null,
            "roe": null,
            "roe_4q": 0,
            "gross_profit": 75571,
            "gross_margin": null,
            "gross_margin_4q_avg": 0,
            "net_income": 10874,
            "revenue": 333085,
            "common_shares": 340000,
            "book_valuer_per_share": 16.81,
            "book_valuer_per_share_4q_avg": 17.15,
            "equity": 571620,
            "current_ratio": 304.45,
            "debt_ratio": 26.22,
            "inventory_turnover_ratio": null,
            "account_receivable_turnover_ratio": null,
            "reinvestment_rate": null,
            "research_to_sale_ratio": null,
            "price_fair": 0,
            "eps_avg_yearly": 0,
            "eps_latest_yearly": 0,
            "eps_growth_yearly": 0
        },
        "20124": {
            "year_quarter": 20124,
            "year": 2012,
            "quarter": 4,
            "eps": null,
            "eps_growth_year": null,
            "eps_4q": null,
            "eps_4q_growth_year": null,
            "roe": null,
            "roe_4q": 0,
            "gross_profit": 82406,
            "gross_margin": null,
            "gross_margin_4q_avg": 0,
            "net_income": 25330,
            "revenue": 344766,
            "common_shares": 340000,
            "book_valuer_per_share": 16.81,
            "book_valuer_per_share_4q_avg": 17.02,
            "equity": 571620,
            "current_ratio": 304.45,
            "debt_ratio": 26.22,
            "inventory_turnover_ratio": null,
            "account_receivable_turnover_ratio": null,
            "reinvestment_rate": null,
            "research_to_sale_ratio": null,
            "price_fair": 0,
            "eps_avg_yearly": 0,
            "eps_latest_yearly": 0,
            "eps_growth_yearly": 0
        },
        "20131": {
            "year_quarter": 20131,
            "year": 2013,
            "quarter": 1,
            "eps": 0.35,
            "eps_growth_year": null,
            "eps_4q": 0.35,
            "eps_4q_growth_year": null,
            "roe": 2.02,
            "roe_4q": 2.02,
            "gross_profit": 73222,
            "gross_margin": 22.54,
            "gross_margin_4q_avg": 5.64,
            "net_income": 11762,
            "revenue": 324788,
            "common_shares": 340000,
            "book_valuer_per_share": 17.4,
            "book_valuer_per_share_4q_avg": 16.9,
            "equity": 591513,
            "current_ratio": 321.31,
            "debt_ratio": 25.07,
            "inventory_turnover_ratio": 5.17,
            "account_receivable_turnover_ratio": 4.96,
            "reinvestment_rate": null,
            "research_to_sale_ratio": null,
            "price_fair": 0,
            "eps_avg_yearly": 0,
            "eps_latest_yearly": 0,
            "eps_growth_yearly": 0
        },
        "20132": {
            "year_quarter": 20132,
            "year": 2013,
            "quarter": 2,
            "eps": 0.35,
            "eps_growth_year": null,
            "eps_4q": 0.7,
            "eps_4q_growth_year": null,
            "roe": 2.09,
            "roe_4q": 4.109999999999999,
            "gross_profit": 76381,
            "gross_margin": 25.37,
            "gross_margin_4q_avg": 11.98,
            "net_income": 12087,
            "revenue": 301094,
            "common_shares": 340000,
            "book_valuer_per_share": 16.65,
            "book_valuer_per_share_4q_avg": 16.92,
            "equity": 565936,
            "current_ratio": 322.92,
            "debt_ratio": 27.57,
            "inventory_turnover_ratio": 6.17,
            "account_receivable_turnover_ratio": 2.35,
            "reinvestment_rate": null,
            "research_to_sale_ratio": null,
            "price_fair": 14,
            "eps_avg_yearly": 1.4,
            "eps_latest_yearly": 1.4,
            "eps_growth_yearly": 0
        },
        "20133": {
            "year_quarter": 20133,
            "year": 2013,
            "quarter": 3,
            "eps": 0.38,
            "eps_growth_year": null,
            "eps_4q": 1.08,
            "eps_4q_growth_year": null,
            "roe": 2.26,
            "roe_4q": 6.369999999999999,
            "gross_profit": 75920,
            "gross_margin": 23.77,
            "gross_margin_4q_avg": 17.92,
            "net_income": 12793,
            "revenue": 319380,
            "common_shares": 340000,
            "book_valuer_per_share": 16.71,
            "book_valuer_per_share_4q_avg": 16.89,
            "equity": 568251,
            "current_ratio": 378.57,
            "debt_ratio": 24.31,
            "inventory_turnover_ratio": 8.06,
            "account_receivable_turnover_ratio": 2.49,
            "reinvestment_rate": null,
            "research_to_sale_ratio": null,
            "price_fair": 39.63,
            "eps_avg_yearly": 1.46,
            "eps_latest_yearly": 1.52,
            "eps_growth_yearly": 17.14
        },
        "20134": {
            "year_quarter": 20134,
            "year": 2013,
            "quarter": 4,
            "eps": 0.62,
            "eps_growth_year": null,
            "eps_4q": 1.7,
            "eps_4q_growth_year": null,
            "roe": 3.65,
            "roe_4q": 10.02,
            "gross_profit": 88822,
            "gross_margin": 28.31,
            "gross_margin_4q_avg": 25,
            "net_income": 21135,
            "revenue": 313752,
            "common_shares": 340000,
            "book_valuer_per_share": 17.34,
            "book_valuer_per_share_4q_avg": 17.03,
            "equity": 589584,
            "current_ratio": 323.72,
            "debt_ratio": 27.63,
            "inventory_turnover_ratio": 9.3,
            "account_receivable_turnover_ratio": 2.41,
            "reinvestment_rate": 26.95,
            "research_to_sale_ratio": null,
            "price_fair": 63,
            "eps_avg_yearly": 1.8,
            "eps_latest_yearly": 2.48,
            "eps_growth_yearly": 95.64
        },
        "20141": {
            "year_quarter": 20141,
            "year": 2014,
            "quarter": 1,
            "eps": 0.73,
            "eps_growth_year": 108.57,
            "eps_4q": 2.09,
            "eps_4q_growth_year": 503.19,
            "roe": 4.09,
            "roe_4q": 12.09,
            "gross_profit": 93231,
            "gross_margin": 28.29,
            "gross_margin_4q_avg": 26.44,
            "net_income": 24932,
            "revenue": 329544,
            "common_shares": 340000,
            "book_valuer_per_share": 18.55,
            "book_valuer_per_share_4q_avg": 17.31,
            "equity": 630540,
            "current_ratio": 390.28,
            "debt_ratio": 23.74,
            "inventory_turnover_ratio": 9.17,
            "account_receivable_turnover_ratio": 2.44,
            "reinvestment_rate": 28.24,
            "research_to_sale_ratio": null,
            "price_fair": 72.8,
            "eps_avg_yearly": 2.08,
            "eps_latest_yearly": 2.92,
            "eps_growth_yearly": 89.47
        },
        "20142": {
            "year_quarter": 20142,
            "year": 2014,
            "quarter": 2,
            "eps": 0.75,
            "eps_growth_year": 114.29,
            "eps_4q": 2.48,
            "eps_4q_growth_year": 253.94,
            "roe": 4.05,
            "roe_4q": 14.05,
            "gross_profit": 95043,
            "gross_margin": 30.14,
            "gross_margin_4q_avg": 27.63,
            "net_income": 25550,
            "revenue": 315357,
            "common_shares": 340000,
            "book_valuer_per_share": 18.53,
            "book_valuer_per_share_4q_avg": 17.78,
            "equity": 630139,
            "current_ratio": 347.1,
            "debt_ratio": 29.43,
            "inventory_turnover_ratio": 8.4,
            "account_receivable_turnover_ratio": 2.34,
            "reinvestment_rate": 35.99,
            "research_to_sale_ratio": null,
            "price_fair": 79.24,
            "eps_avg_yearly": 2.26,
            "eps_latest_yearly": 3,
            "eps_growth_yearly": 73.77
        },
        "20143": {
            "year_quarter": 20143,
            "year": 2014,
            "quarter": 3,
            "eps": 0.48,
            "eps_growth_year": 26.32,
            "eps_4q": 2.58,
            "eps_4q_growth_year": 139.19,
            "roe": 2.51,
            "roe_4q": 14.299999999999999,
            "gross_profit": 85895,
            "gross_margin": 25.97,
            "gross_margin_4q_avg": 28.18,
            "net_income": 16027,
            "revenue": 330731,
            "common_shares": 340000,
            "book_valuer_per_share": 19.01,
            "book_valuer_per_share_4q_avg": 18.36,
            "equity": 646466,
            "current_ratio": 424.77,
            "debt_ratio": 26.86,
            "inventory_turnover_ratio": 9.89,
            "account_receivable_turnover_ratio": 2.53,
            "reinvestment_rate": 25.35,
            "research_to_sale_ratio": null,
            "price_fair": 77.23,
            "eps_avg_yearly": 2.21,
            "eps_latest_yearly": 1.92,
            "eps_growth_yearly": 37.47
        },
        "20144": {
            "year_quarter": 20144,
            "year": 2014,
            "quarter": 4,
            "eps": 0.78,
            "eps_growth_year": 24.74,
            "eps_4q": 2.73,
            "eps_4q_growth_year": 60.74,
            "roe": 4.02,
            "roe_4q": 14.669999999999998,
            "gross_profit": 98886,
            "gross_margin": 29.64,
            "gross_margin_4q_avg": 28.51,
            "net_income": 26363,
            "revenue": 333615,
            "common_shares": 340000,
            "book_valuer_per_share": 19.61,
            "book_valuer_per_share_4q_avg": 18.93,
            "equity": 666760,
            "current_ratio": 417.7,
            "debt_ratio": 27.02,
            "inventory_turnover_ratio": 10.2,
            "account_receivable_turnover_ratio": 2.43,
            "reinvestment_rate": 18.37,
            "research_to_sale_ratio": null,
            "price_fair": 81.8,
            "eps_avg_yearly": 2.34,
            "eps_latest_yearly": 3.12,
            "eps_growth_yearly": 67.83
        },
        "20151": {
            "year_quarter": 20151,
            "year": 2015,
            "quarter": 1,
            "eps": 0.9,
            "eps_growth_year": 23.29,
            "eps_4q": 2.9,
            "eps_4q_growth_year": 39.04,
            "roe": 4.53,
            "roe_4q": 15.11,
            "gross_profit": 104805,
            "gross_margin": 32.33,
            "gross_margin_4q_avg": 29.52,
            "net_income": 30032,
            "revenue": 324184,
            "common_shares": 340000,
            "book_valuer_per_share": 19.44,
            "book_valuer_per_share_4q_avg": 19.15,
            "equity": 660344,
            "current_ratio": 345.33,
            "debt_ratio": 31.54,
            "inventory_turnover_ratio": 9.72,
            "account_receivable_turnover_ratio": 2.37,
            "reinvestment_rate": 17.29,
            "research_to_sale_ratio": null,
            "price_fair": 87.33,
            "eps_avg_yearly": 2.5,
            "eps_latest_yearly": 3.6,
            "eps_growth_yearly": 67.05
        },
        "20152": {
            "year_quarter": 20152,
            "year": 2015,
            "quarter": 2,
            "eps": 0.95,
            "eps_growth_year": 26.67,
            "eps_4q": 3.1,
            "eps_4q_growth_year": 24.92,
            "roe": 5.51,
            "roe_4q": 16.57,
            "gross_profit": 116808,
            "gross_margin": 27.3,
            "gross_margin_4q_avg": 28.81,
            "net_income": 36220,
            "revenue": 427827,
            "common_shares": 340000,
            "book_valuer_per_share": 18.92,
            "book_valuer_per_share_4q_avg": 19.25,
            "equity": 654498,
            "current_ratio": 212.03,
            "debt_ratio": 42.39,
            "inventory_turnover_ratio": 12.53,
            "account_receivable_turnover_ratio": 2.94,
            "reinvestment_rate": 21.89,
            "research_to_sale_ratio": null,
            "price_fair": 92.4,
            "eps_avg_yearly": 2.64,
            "eps_latest_yearly": 3.8,
            "eps_growth_yearly": 62.07
        },
        "20153": {
            "year_quarter": 20153,
            "year": 2015,
            "quarter": 3,
            "eps": 1.32,
            "eps_growth_year": 175,
            "eps_4q": 3.95,
            "eps_4q_growth_year": 53.09,
            "roe": 7.45,
            "roe_4q": 21.51,
            "gross_profit": 136500,
            "gross_margin": 24.46,
            "gross_margin_4q_avg": 28.43,
            "net_income": 50159,
            "revenue": 558094,
            "common_shares": 340000,
            "book_valuer_per_share": 19.82,
            "book_valuer_per_share_4q_avg": 19.45,
            "equity": 692390,
            "current_ratio": 322.21,
            "debt_ratio": 48.2,
            "inventory_turnover_ratio": 14.92,
            "account_receivable_turnover_ratio": 3.27,
            "reinvestment_rate": 15.58,
            "research_to_sale_ratio": null,
            "price_fair": 101.64,
            "eps_avg_yearly": 2.9,
            "eps_latest_yearly": 5.28,
            "eps_growth_yearly": 71.44
        },
        "20154": {
            "year_quarter": 20154,
            "year": 2015,
            "quarter": 4,
            "eps": 0.62,
            "eps_growth_year": -20.23,
            "eps_4q": 3.73,
            "eps_4q_growth_year": 36.7,
            "roe": 1.43,
            "roe_4q": 18.92,
            "gross_profit": 79589,
            "gross_margin": 15.1,
            "gross_margin_4q_avg": 24.8,
            "net_income": 10534,
            "revenue": 527096,
            "common_shares": 346057,
            "book_valuer_per_share": 21.16,
            "book_valuer_per_share_4q_avg": 19.84,
            "equity": 775824,
            "current_ratio": 205.87,
            "debt_ratio": 50.33,
            "inventory_turnover_ratio": 13.64,
            "account_receivable_turnover_ratio": 2.79,
            "reinvestment_rate": 100.06,
            "research_to_sale_ratio": null,
            "price_fair": 100.29,
            "eps_avg_yearly": 2.87,
            "eps_latest_yearly": 2.48,
            "eps_growth_yearly": 45.66
        },
        "20161": {
            "year_quarter": 20161,
            "year": 2016,
            "quarter": 1,
            "eps": 1.18,
            "eps_growth_year": 31.11,
            "eps_4q": 3.93,
            "eps_4q_growth_year": 35.44,
            "roe": 4.91,
            "roe_4q": 19.299999999999997,
            "gross_profit": 120800,
            "gross_margin": 19.87,
            "gross_margin_4q_avg": 21.68,
            "net_income": 40700,
            "revenue": 608031,
            "common_shares": 354639,
            "book_valuer_per_share": 23.53,
            "book_valuer_per_share_4q_avg": 20.86,
            "equity": 880972,
            "current_ratio": 209.77,
            "debt_ratio": 46.79,
            "inventory_turnover_ratio": 11.31,
            "account_receivable_turnover_ratio": 2.96,
            "reinvestment_rate": 104.55,
            "research_to_sale_ratio": null,
            "price_fair": 105.7,
            "eps_avg_yearly": 3.02,
            "eps_latest_yearly": 4.72,
            "eps_growth_yearly": 71.96
        },
        "20162": {
            "year_quarter": 20162,
            "year": 2016,
            "quarter": 2,
            "eps": 0.95,
            "eps_growth_year": 0,
            "eps_4q": 3.97,
            "eps_4q_growth_year": 27.98,
            "roe": 4.15,
            "roe_4q": 17.94,
            "gross_profit": 132463,
            "gross_margin": 21.76,
            "gross_margin_4q_avg": 20.3,
            "net_income": 36116,
            "revenue": 608869,
            "common_shares": 354639,
            "book_valuer_per_share": 22.85,
            "book_valuer_per_share_4q_avg": 21.84,
            "equity": 858056,
            "current_ratio": 200.95,
            "debt_ratio": 47.99,
            "inventory_turnover_ratio": 10.61,
            "account_receivable_turnover_ratio": 2.89,
            "reinvestment_rate": 94.14,
            "research_to_sale_ratio": null,
            "price_fair": 107.8,
            "eps_avg_yearly": 3.08,
            "eps_latest_yearly": 3.8,
            "eps_growth_yearly": 60.43
        },
        "20163": {
            "year_quarter": 20163,
            "year": 2016,
            "quarter": 3,
            "eps": 1.3,
            "eps_growth_year": -1.52,
            "eps_4q": 3.96,
            "eps_4q_growth_year": 0.28,
            "roe": 6.92,
            "roe_4q": 17.41,
            "gross_profit": 172513,
            "gross_margin": 26.65,
            "gross_margin_4q_avg": 20.85,
            "net_income": 60652,
            "revenue": 647308,
            "common_shares": 359691,
            "book_valuer_per_share": 23.22,
            "book_valuer_per_share_4q_avg": 22.69,
            "equity": 893847,
            "current_ratio": 163.72,
            "debt_ratio": 42.72,
            "inventory_turnover_ratio": 12.1,
            "account_receivable_turnover_ratio": 3.25,
            "reinvestment_rate": 83.5,
            "research_to_sale_ratio": null,
            "price_fair": 113.1,
            "eps_avg_yearly": 3.23,
            "eps_latest_yearly": 5.2,
            "eps_growth_yearly": 66.64
        },
        "20164": {
            "year_quarter": 20164,
            "year": 2016,
            "quarter": 4,
            "eps": 0.41,
            "eps_growth_year": -33.24,
            "eps_4q": 3.74,
            "eps_4q_growth_year": 0.04,
            "roe": 1.49,
            "roe_4q": 17.47,
            "gross_profit": 123723,
            "gross_margin": 21.65,
            "gross_margin_4q_avg": 22.48,
            "net_income": 13336,
            "revenue": 571586,
            "common_shares": 363995,
            "book_valuer_per_share": 23.01,
            "book_valuer_per_share_4q_avg": 23.15,
            "equity": 891752,
            "current_ratio": 163.9,
            "debt_ratio": 45.86,
            "inventory_turnover_ratio": 11.61,
            "account_receivable_turnover_ratio": 3.04,
            "reinvestment_rate": 87.55,
            "research_to_sale_ratio": null,
            "price_fair": 109.39,
            "eps_avg_yearly": 3.13,
            "eps_latest_yearly": 1.64,
            "eps_growth_yearly": 43.94
        },
        "20171": {
            "year_quarter": 20171,
            "year": 2017,
            "quarter": 1,
            "eps": 0.74,
            "eps_growth_year": -37.29,
            "eps_4q": 3.35,
            "eps_4q_growth_year": -14.67,
            "roe": 3.84,
            "roe_4q": 16.4,
            "gross_profit": 139941,
            "gross_margin": 23.12,
            "gross_margin_4q_avg": 23.3,
            "net_income": 34326,
            "revenue": 605397,
            "common_shares": 363995,
            "book_valuer_per_share": 23.03,
            "book_valuer_per_share_4q_avg": 23.03,
            "equity": 897163,
            "current_ratio": 147.94,
            "debt_ratio": 55.67,
            "inventory_turnover_ratio": 12.63,
            "account_receivable_turnover_ratio": 3.35,
            "reinvestment_rate": 213.46,
            "research_to_sale_ratio": null,
            "price_fair": 109.03,
            "eps_avg_yearly": 3.12,
            "eps_latest_yearly": 2.96,
            "eps_growth_yearly": 61.32
        },
        "20172": {
            "year_quarter": 20172,
            "year": 2017,
            "quarter": 2,
            "eps": 0.51,
            "eps_growth_year": -46.32,
            "eps_4q": 2.91,
            "eps_4q_growth_year": -26.8,
            "roe": 2.65,
            "roe_4q": 14.9,
            "gross_profit": 115819,
            "gross_margin": 18.57,
            "gross_margin_4q_avg": 22.5,
            "net_income": 23930,
            "revenue": 623651,
            "common_shares": 368165,
            "book_valuer_per_share": 22.82,
            "book_valuer_per_share_4q_avg": 23.02,
            "equity": 906340,
            "current_ratio": 126.82,
            "debt_ratio": 57.6,
            "inventory_turnover_ratio": 14.23,
            "account_receivable_turnover_ratio": 3.44,
            "reinvestment_rate": 233.11,
            "research_to_sale_ratio": null,
            "price_fair": 110.43,
            "eps_avg_yearly": 3.16,
            "eps_latest_yearly": 2.04,
            "eps_growth_yearly": 53.55
        },
        "20173": {
            "year_quarter": 20173,
            "year": 2017,
            "quarter": 3,
            "eps": 0.21,
            "eps_growth_year": -83.85,
            "eps_4q": 1.86,
            "eps_4q_growth_year": -53.05,
            "roe": 1.4,
            "roe_4q": 9.379999999999999,
            "gross_profit": 108157,
            "gross_margin": 16.24,
            "gross_margin_4q_avg": 19.9,
            "net_income": 12858,
            "revenue": 666120,
            "common_shares": 368165,
            "book_valuer_per_share": 23.39,
            "book_valuer_per_share_4q_avg": 23.06,
            "equity": 933458,
            "current_ratio": 144.53,
            "debt_ratio": 59.13,
            "inventory_turnover_ratio": 16.89,
            "account_receivable_turnover_ratio": 3.57,
            "reinvestment_rate": 257.76,
            "research_to_sale_ratio": null,
            "price_fair": 108.94,
            "eps_avg_yearly": 3.11,
            "eps_latest_yearly": 0.84,
            "eps_growth_yearly": 36.7
        },
        "20174": {
            "year_quarter": 20174,
            "year": 2017,
            "quarter": 4,
            "eps": -0.19,
            "eps_growth_year": -146.34,
            "eps_4q": 1.26,
            "eps_4q_growth_year": -66.31,
            "roe": -1.11,
            "roe_4q": 6.779999999999999,
            "gross_profit": 74458,
            "gross_margin": 12.71,
            "gross_margin_4q_avg": 17.66,
            "net_income": -10299,
            "revenue": 585754,
            "common_shares": 368165,
            "book_valuer_per_share": 23.24,
            "book_valuer_per_share_4q_avg": 23.12,
            "equity": 920967,
            "current_ratio": 125.47,
            "debt_ratio": 60.37,
            "inventory_turnover_ratio": 18.56,
            "account_receivable_turnover_ratio": 3.22,
            "reinvestment_rate": 303.54,
            "research_to_sale_ratio": null,
            "price_fair": 101.9,
            "eps_avg_yearly": 3.15,
            "eps_latest_yearly": 0.84,
            "eps_growth_yearly": 22.3
        },
        "20181": {
            "year_quarter": 20181,
            "year": 2018,
            "quarter": 1,
            "eps": 0.17,
            "eps_growth_year": -77.03,
            "eps_4q": 0.7,
            "eps_4q_growth_year": -79.07,
            "roe": 1.26,
            "roe_4q": 4.199999999999999,
            "gross_profit": 111964,
            "gross_margin": 16.52,
            "gross_margin_4q_avg": 16.01,
            "net_income": 11777,
            "revenue": 677719,
            "common_shares": 368165,
            "book_valuer_per_share": 23.72,
            "book_valuer_per_share_4q_avg": 23.29,
            "equity": 946533,
            "current_ratio": 121.23,
            "debt_ratio": 62.71,
            "inventory_turnover_ratio": 21.45,
            "account_receivable_turnover_ratio": 3.6,
            "reinvestment_rate": 354.39,
            "research_to_sale_ratio": null,
            "price_fair": 91.42,
            "eps_avg_yearly": 3.17,
            "eps_latest_yearly": 0.84,
            "eps_growth_yearly": 18.83
        },
        "20182": {
            "year_quarter": 20182,
            "year": 2018,
            "quarter": 2,
            "eps": 0.05,
            "eps_growth_year": -90.2,
            "eps_4q": 0.24,
            "eps_4q_growth_year": -91.58,
            "roe": 0.53,
            "roe_4q": 2.08,
            "gross_profit": 95840,
            "gross_margin": 13.09,
            "gross_margin_4q_avg": 14.64,
            "net_income": 5004,
            "revenue": 731939,
            "common_shares": 368165,
            "book_valuer_per_share": 23.39,
            "book_valuer_per_share_4q_avg": 23.44,
            "equity": 937635,
            "current_ratio": 104.73,
            "debt_ratio": 65.76,
            "inventory_turnover_ratio": 20.78,
            "account_receivable_turnover_ratio": 3.39,
            "reinvestment_rate": 405.46,
            "research_to_sale_ratio": null,
            "price_fair": 8.91,
            "eps_avg_yearly": 2.97,
            "eps_latest_yearly": 0.2,
            "eps_growth_yearly": -2.12
        },
        "20183": {
            "year_quarter": 20183,
            "year": 2018,
            "quarter": 3,
            "eps": -3.4,
            "eps_growth_year": -1719.05,
            "eps_4q": -3.37,
            "eps_4q_growth_year": -281.41,
            "roe": -15.23,
            "roe_4q": -14.55,
            "gross_profit": 46960,
            "gross_margin": 6.65,
            "gross_margin_4q_avg": 12.24,
            "net_income": -133483,
            "revenue": 706378,
            "common_shares": 368165,
            "book_valuer_per_share": 20.15,
            "book_valuer_per_share_4q_avg": 22.63,
            "equity": 815035,
            "current_ratio": 120.68,
            "debt_ratio": 71.23,
            "inventory_turnover_ratio": 20.57,
            "account_receivable_turnover_ratio": 3.11,
            "reinvestment_rate": 646.56,
            "research_to_sale_ratio": null,
            "price_fair": 57.35,
            "eps_avg_yearly": 3.05,
            "eps_latest_yearly": 0.2,
            "eps_growth_yearly": 8.79
        },
        "20184": {
            "year_quarter": 20184,
            "year": 2018,
            "quarter": 4,
            "eps": -0.87,
            "eps_growth_year": null,
            "eps_4q": -4.05,
            "eps_4q_growth_year": -421.98,
            "roe": -4.82,
            "roe_4q": -18.259999999999998,
            "gross_profit": 79991,
            "gross_margin": 11.13,
            "gross_margin_4q_avg": 11.85,
            "net_income": -38738,
            "revenue": 719002,
            "common_shares": 368165,
            "book_valuer_per_share": 19.36,
            "book_valuer_per_share_4q_avg": 21.66,
            "equity": 792918,
            "current_ratio": 110.86,
            "debt_ratio": 71.79,
            "inventory_turnover_ratio": 23.17,
            "account_receivable_turnover_ratio": 3.25,
            "reinvestment_rate": 891.14,
            "research_to_sale_ratio": null,
            "price_fair": 9.14,
            "eps_avg_yearly": 3.05,
            "eps_latest_yearly": 0.2,
            "eps_growth_yearly": -11.31
        },
        "20191": {
            "year_quarter": 20191,
            "year": 2019,
            "quarter": 1,
            "eps": -0.4,
            "eps_growth_year": -335.29,
            "eps_4q": -4.62,
            "eps_4q_growth_year": -758.87,
            "roe": -1.43,
            "roe_4q": -20.95,
            "gross_profit": 114349,
            "gross_margin": 14.61,
            "gross_margin_4q_avg": 11.37,
            "net_income": -11372,
            "revenue": 782591,
            "common_shares": 368198,
            "book_valuer_per_share": 19.35,
            "book_valuer_per_share_4q_avg": 20.56,
            "equity": 797579,
            "current_ratio": 106.38,
            "debt_ratio": 72.24,
            "inventory_turnover_ratio": 22.34,
            "account_receivable_turnover_ratio": 3.47,
            "reinvestment_rate": 1254.79,
            "research_to_sale_ratio": null,
            "price_fair": 8.99,
            "eps_avg_yearly": 3,
            "eps_latest_yearly": 0.2,
            "eps_growth_yearly": -17.93
        },
        "20192": {
            "year_quarter": 20192,
            "year": 2019,
            "quarter": 2,
            "eps": -1.18,
            "eps_growth_year": -2460,
            "eps_4q": -5.85,
            "eps_4q_growth_year": -2491.91,
            "roe": -7.91,
            "roe_4q": -29.39,
            "gross_profit": 40877,
            "gross_margin": 5.85,
            "gross_margin_4q_avg": 9.56,
            "net_income": -60645,
            "revenue": 698923,
            "common_shares": 368198,
            "book_valuer_per_share": 18.18,
            "book_valuer_per_share_4q_avg": 19.26,
            "equity": 736621,
            "current_ratio": 100.1,
            "debt_ratio": 75.02,
            "inventory_turnover_ratio": 19.38,
            "account_receivable_turnover_ratio": 3.07,
            "reinvestment_rate": 3513.54,
            "research_to_sale_ratio": null,
            "price_fair": 8.75,
            "eps_avg_yearly": 2.92,
            "eps_latest_yearly": 0.2,
            "eps_growth_yearly": -21.95
        },
        "20193": {
            "year_quarter": 20193,
            "year": 2019,
            "quarter": 3,
            "eps": -0.18,
            "eps_growth_year": null,
            "eps_4q": -2.63,
            "eps_4q_growth_year": null,
            "roe": -0.89,
            "roe_4q": -15.05,
            "gross_profit": 133584,
            "gross_margin": 16.61,
            "gross_margin_4q_avg": 12.05,
            "net_income": -6516,
            "revenue": 804024,
            "common_shares": 368198,
            "book_valuer_per_share": 17.7,
            "book_valuer_per_share_4q_avg": 18.65,
            "equity": 723660,
            "current_ratio": 97.05,
            "debt_ratio": 74.24,
            "inventory_turnover_ratio": 19.49,
            "account_receivable_turnover_ratio": 3.47,
            "reinvestment_rate": null,
            "research_to_sale_ratio": null,
            "price_fair": 7.96,
            "eps_avg_yearly": 2.65,
            "eps_latest_yearly": 0.2,
            "eps_growth_yearly": -41.7
        },
        "20194": {
            "year_quarter": 20194,
            "year": 2019,
            "quarter": 4,
            "eps": -1.63,
            "eps_growth_year": null,
            "eps_4q": -3.39,
            "eps_4q_growth_year": null,
            "roe": -12.45,
            "roe_4q": -22.68,
            "gross_profit": 62343,
            "gross_margin": 8.27,
            "gross_margin_4q_avg": 11.34,
            "net_income": -84427,
            "revenue": 753793,
            "common_shares": 368198,
            "book_valuer_per_share": 15.89,
            "book_valuer_per_share_4q_avg": 17.78,
            "equity": 632194,
            "current_ratio": 93.69,
            "debt_ratio": 76.96,
            "inventory_turnover_ratio": 16.95,
            "account_receivable_turnover_ratio": 3.12,
            "reinvestment_rate": null,
            "research_to_sale_ratio": null,
            "price_fair": 8.03,
            "eps_avg_yearly": 2.68,
            "eps_latest_yearly": 0.2,
            "eps_growth_yearly": -20.4
        },
        "20201": {
            "year_quarter": 20201,
            "year": 2020,
            "quarter": 1,
            "eps": -1.54,
            "eps_growth_year": null,
            "eps_4q": -4.53,
            "eps_4q_growth_year": null,
            "roe": -12.57,
            "roe_4q": -33.82,
            "gross_profit": 58438,
            "gross_margin": 8.1,
            "gross_margin_4q_avg": 9.71,
            "net_income": -72971,
            "revenue": 721046,
            "common_shares": 368198,
            "book_valuer_per_share": 13.56,
            "book_valuer_per_share_4q_avg": 16.33,
            "equity": 528786,
            "current_ratio": 87.57,
            "debt_ratio": 79.05,
            "inventory_turnover_ratio": 15.39,
            "account_receivable_turnover_ratio": 3.07,
            "reinvestment_rate": null,
            "research_to_sale_ratio": null,
            "price_fair": 7.15,
            "eps_avg_yearly": 2.38,
            "eps_latest_yearly": 0.2,
            "eps_growth_yearly": -74.92
        },
        "20202": {
            "year_quarter": 20202,
            "year": 2020,
            "quarter": 2,
            "eps": 0.91,
            "eps_growth_year": null,
            "eps_4q": -2.44,
            "eps_4q_growth_year": null,
            "roe": 5.94,
            "roe_4q": -19.97,
            "gross_profit": 122000,
            "gross_margin": 19.25,
            "gross_margin_4q_avg": 13.06,
            "net_income": 32055,
            "revenue": 633927,
            "common_shares": 368198,
            "book_valuer_per_share": 14.24,
            "book_valuer_per_share_4q_avg": 15.35,
            "equity": 550927,
            "current_ratio": 97.41,
            "debt_ratio": 78.36,
            "inventory_turnover_ratio": 12.71,
            "account_receivable_turnover_ratio": 2.93,
            "reinvestment_rate": null,
            "research_to_sale_ratio": null,
            "price_fair": 6.44,
            "eps_avg_yearly": 2.15,
            "eps_latest_yearly": 0.2,
            "eps_growth_yearly": -74.42
        },
        "20203": {
            "year_quarter": 20203,
            "year": 2020,
            "quarter": 3,
            "eps": 0.74,
            "eps_growth_year": null,
            "eps_4q": -1.52,
            "eps_4q_growth_year": null,
            "roe": 5.02,
            "roe_4q": -14.059999999999999,
            "gross_profit": 112681,
            "gross_margin": 18.4,
            "gross_margin_4q_avg": 13.51,
            "net_income": 28456,
            "revenue": 612457,
            "common_shares": 368198,
            "book_valuer_per_share": 15.09,
            "book_valuer_per_share_4q_avg": 14.7,
            "equity": 583818,
            "current_ratio": 74.66,
            "debt_ratio": 77.12,
            "inventory_turnover_ratio": 13.2,
            "account_receivable_turnover_ratio": 3.17,
            "reinvestment_rate": null,
            "research_to_sale_ratio": null,
            "price_fair": 5.32,
            "eps_avg_yearly": 1.77,
            "eps_latest_yearly": 2.96,
            "eps_growth_yearly": -111.43
        },
        "20204": {
            "year_quarter": 20204,
            "year": 2020,
            "quarter": 4,
            "eps": -0.54,
            "eps_growth_year": null,
            "eps_4q": -0.43,
            "eps_4q_growth_year": null,
            "roe": -4.06,
            "roe_4q": -5.67,
            "gross_profit": 106953,
            "gross_margin": 18.52,
            "gross_margin_4q_avg": 16.07,
            "net_income": -23298,
            "revenue": 577615,
            "common_shares": 368198,
            "book_valuer_per_share": 14.61,
            "book_valuer_per_share_4q_avg": 14.38,
            "equity": 562839,
            "current_ratio": 86.13,
            "debt_ratio": 77.73,
            "inventory_turnover_ratio": 13,
            "account_receivable_turnover_ratio": 3.37,
            "reinvestment_rate": null,
            "research_to_sale_ratio": null,
            "price_fair": 5.4,
            "eps_avg_yearly": 1.8,
            "eps_latest_yearly": 2.96,
            "eps_growth_yearly": -78.95
        },
        "20211": {
            "year_quarter": 20211,
            "year": 2021,
            "quarter": 1,
            "eps": 0.45,
            "eps_growth_year": null,
            "eps_4q": 1.56,
            "eps_4q_growth_year": null,
            "roe": 3.66,
            "roe_4q": 10.56,
            "gross_profit": 116371,
            "gross_margin": 20.16,
            "gross_margin_4q_avg": 19.08,
            "net_income": 20862,
            "revenue": 577339,
            "common_shares": 368198,
            "book_valuer_per_share": 14.78,
            "book_valuer_per_share_4q_avg": 14.68,
            "equity": 577270,
            "current_ratio": 87.93,
            "debt_ratio": 76.54,
            "inventory_turnover_ratio": 12.1,
            "account_receivable_turnover_ratio": 3.56,
            "reinvestment_rate": null,
            "research_to_sale_ratio": null,
            "price_fair": 4.53,
            "eps_avg_yearly": 1.51,
            "eps_latest_yearly": 2.96,
            "eps_growth_yearly": -179.17
        },
        "20212": {
            "year_quarter": 20212,
            "year": 2021,
            "quarter": 2,
            "eps": 0.66,
            "eps_growth_year": -27.47,
            "eps_4q": 1.31,
            "eps_4q_growth_year": null,
            "roe": 5.41,
            "roe_4q": 10.030000000000001,
            "gross_profit": 124971,
            "gross_margin": 22.18,
            "gross_margin_4q_avg": 19.82,
            "net_income": 31681,
            "revenue": 563452,
            "common_shares": 368198,
            "book_valuer_per_share": 15.08,
            "book_valuer_per_share_4q_avg": 14.89,
            "equity": 594790,
            "current_ratio": 87.74,
            "debt_ratio": 74.24,
            "inventory_turnover_ratio": 10.58,
            "account_receivable_turnover_ratio": 3.63,
            "reinvestment_rate": null,
            "research_to_sale_ratio": null,
            "price_fair": 4.98,
            "eps_avg_yearly": 1.66,
            "eps_latest_yearly": 2.64,
            "eps_growth_yearly": -101.43
        },
        "20213": {
            "year_quarter": 20213,
            "year": 2021,
            "quarter": 3,
            "eps": -0.24,
            "eps_growth_year": -132.43,
            "eps_4q": 0.33,
            "eps_4q_growth_year": null,
            "roe": -2.71,
            "roe_4q": 2.3000000000000007,
            "gross_profit": 95487,
            "gross_margin": 17.42,
            "gross_margin_4q_avg": 19.57,
            "net_income": -15142,
            "revenue": 548200,
            "common_shares": 368198,
            "book_valuer_per_share": 14.21,
            "book_valuer_per_share_4q_avg": 14.67,
            "equity": 523132,
            "current_ratio": 104.29,
            "debt_ratio": 75.52,
            "inventory_turnover_ratio": 10.56,
            "account_receivable_turnover_ratio": 3.75,
            "reinvestment_rate": null,
            "research_to_sale_ratio": null,
            "price_fair": 5.8,
            "eps_avg_yearly": 1.93,
            "eps_latest_yearly": 2.64,
            "eps_growth_yearly": -56.8
        },
        "20214": {
            "year_quarter": 20214,
            "year": 2021,
            "quarter": 4,
            "eps": 1.13,
            "eps_growth_year": null,
            "eps_4q": 2,
            "eps_4q_growth_year": null,
            "roe": 7.66,
            "roe_4q": 14.02,
            "gross_profit": 155221,
            "gross_margin": 25.88,
            "gross_margin_4q_avg": 21.41,
            "net_income": 41693,
            "revenue": 599847,
            "common_shares": 368198,
            "book_valuer_per_share": 15.34,
            "book_valuer_per_share_4q_avg": 14.85,
            "equity": 564984,
            "current_ratio": 111.1,
            "debt_ratio": 73.62,
            "inventory_turnover_ratio": 10.26,
            "account_receivable_turnover_ratio": 4.28,
            "reinvestment_rate": null,
            "research_to_sale_ratio": null,
            "price_fair": 5.8,
            "eps_avg_yearly": 1.93,
            "eps_latest_yearly": 2.64,
            "eps_growth_yearly": -56.8
        },
        "20221": {
            "year_quarter": 20221,
            "year": 2022,
            "quarter": 1,
            "eps": 0.51,
            "eps_growth_year": 13.33,
            "eps_4q": 2.07,
            "eps_4q_growth_year": 32.42,
            "roe": 3.23,
            "roe_4q": 13.59,
            "gross_profit": 116393,
            "gross_margin": 19.2,
            "gross_margin_4q_avg": 21.17,
            "net_income": 18831,
            "revenue": 606357,
            "common_shares": 368198,
            "book_valuer_per_share": 16.31,
            "book_valuer_per_share_4q_avg": 15.24,
            "equity": 600388,
            "current_ratio": 112.94,
            "debt_ratio": 71.92,
            "inventory_turnover_ratio": 10.64,
            "account_receivable_turnover_ratio": 4.34,
            "reinvestment_rate": null,
            "research_to_sale_ratio": null,
            "price_fair": 5.88,
            "eps_avg_yearly": 1.96,
            "eps_latest_yearly": 2.04,
            "eps_growth_yearly": -97.47
        },
        "20222": {
            "year_quarter": 20222,
            "year": 2022,
            "quarter": 2,
            "eps": 1.3,
            "eps_growth_year": 96.97,
            "eps_4q": 2.7,
            "eps_4q_growth_year": 105.48,
            "roe": 7.66,
            "roe_4q": 15.84,
            "gross_profit": 148098,
            "gross_margin": 22.74,
            "gross_margin_4q_avg": 21.31,
            "net_income": 47855,
            "revenue": 651253,
            "common_shares": 368198,
            "book_valuer_per_share": 17.63,
            "book_valuer_per_share_4q_avg": 15.87,
            "equity": 649022,
            "current_ratio": 125.61,
            "debt_ratio": 69.89,
            "inventory_turnover_ratio": 10.31,
            "account_receivable_turnover_ratio": 4.93,
            "reinvestment_rate": null,
            "research_to_sale_ratio": null,
            "price_fair": 112.35,
            "eps_avg_yearly": 3.21,
            "eps_latest_yearly": 5.2,
            "eps_growth_yearly": 128.02
        },
        "20223": {
            "year_quarter": 20223,
            "year": 2022,
            "quarter": 3,
            "eps": -1.29,
            "eps_growth_year": null,
            "eps_4q": 1.65,
            "eps_4q_growth_year": 398.49,
            "roe": -7.55,
            "roe_4q": 11,
            "gross_profit": 33127,
            "gross_margin": 5.63,
            "gross_margin_4q_avg": 18.36,
            "net_income": -47703,
            "revenue": 588384,
            "common_shares": 368198,
            "book_valuer_per_share": 16.68,
            "book_valuer_per_share_4q_avg": 16.49,
            "equity": 614166,
            "current_ratio": 118.72,
            "debt_ratio": 70.7,
            "inventory_turnover_ratio": 10.35,
            "account_receivable_turnover_ratio": 4.8,
            "reinvestment_rate": null,
            "research_to_sale_ratio": null,
            "price_fair": 112.35,
            "eps_avg_yearly": 3.21,
            "eps_latest_yearly": 5.2,
            "eps_growth_yearly": 128.02
        },
        "20224": {
            "year_quarter": 20224,
            "year": 2022,
            "quarter": 4,
            "eps": 2.05,
            "eps_growth_year": 81.34,
            "eps_4q": 2.57,
            "eps_4q_growth_year": 28.37,
            "roe": 11.44,
            "roe_4q": 14.780000000000001,
            "gross_profit": 188479,
            "gross_margin": 26.01,
            "gross_margin_4q_avg": 18.4,
            "net_income": 75652,
            "revenue": 724544,
            "common_shares": 368198,
            "book_valuer_per_share": 19.23,
            "book_valuer_per_share_4q_avg": 17.46,
            "equity": 708170,
            "current_ratio": 127.94,
            "debt_ratio": 69.76,
            "inventory_turnover_ratio": 8.9,
            "account_receivable_turnover_ratio": 4.95,
            "reinvestment_rate": -1788.56,
            "research_to_sale_ratio": null,
            "price_fair": 112.35,
            "eps_avg_yearly": 3.21,
            "eps_latest_yearly": 5.2,
            "eps_growth_yearly": 128.02
        },
        "20231": {
            "year_quarter": 20231,
            "year": 2023,
            "quarter": 1,
            "eps": 1.46,
            "eps_growth_year": 186.27,
            "eps_4q": 3.52,
            "eps_4q_growth_year": 70.3,
            "roe": 7.35,
            "roe_4q": 18.9,
            "gross_profit": 174308,
            "gross_margin": 23.75,
            "gross_margin_4q_avg": 19.53,
            "net_income": 53854,
            "revenue": 733890,
            "common_shares": 368198,
            "book_valuer_per_share": 20.58,
            "book_valuer_per_share_4q_avg": 18.53,
            "equity": 757790,
            "current_ratio": 137.65,
            "debt_ratio": 66.57,
            "inventory_turnover_ratio": 9.67,
            "account_receivable_turnover_ratio": 4.66,
            "reinvestment_rate": -552.08,
            "research_to_sale_ratio": null,
            "price_fair": 130.76,
            "eps_avg_yearly": 3.74,
            "eps_latest_yearly": 5.84,
            "eps_growth_yearly": 79.39
        }
    },
    "months": {
        "2011-08": {
            "month": "2011-08",
            "price": "40.87",
            "revenue": 116004
        },
        "2011-09": {
            "month": "2011-09",
            "price": "40.40",
            "revenue": 106544
        },
        "2011-10": {
            "month": "2011-10",
            "price": "40.58",
            "revenue": 109317
        },
        "2011-11": {
            "month": "2011-11",
            "price": "42.26",
            "revenue": 106337
        },
        "2011-12": {
            "month": "2011-12",
            "price": "29.49",
            "revenue": 112633
        },
        "2012-01": {
            "month": "2012-01",
            "price": "27.57",
            "revenue": 124308
        },
        "2012-02": {
            "month": "2012-02",
            "price": "32.48",
            "revenue": 106444
        },
        "2012-03": {
            "month": "2012-03",
            "price": "32.63",
            "revenue": 113827
        },
        "2012-04": {
            "month": "2012-04",
            "price": "29.10",
            "revenue": 108163
        },
        "2012-05": {
            "month": "2012-05",
            "price": "29.16",
            "revenue": 112192
        },
        "2012-06": {
            "month": "2012-06",
            "price": "30.98",
            "revenue": 104462
        },
        "2012-07": {
            "month": "2012-07",
            "price": "32.50",
            "revenue": 110895
        },
        "2012-08": {
            "month": "2012-08",
            "price": "30.08",
            "revenue": 118231
        },
        "2012-09": {
            "month": "2012-09",
            "price": "29.57",
            "revenue": 111177
        },
        "2012-10": {
            "month": "2012-10",
            "price": "27.40",
            "revenue": 112488
        },
        "2012-11": {
            "month": "2012-11",
            "price": "27.59",
            "revenue": 108320
        },
        "2012-12": {
            "month": "2012-12",
            "price": "26.76",
            "revenue": 112267
        },
        "2013-01": {
            "month": "2013-01",
            "price": "27.11",
            "revenue": 110024
        },
        "2013-02": {
            "month": "2013-02",
            "price": "26.73",
            "revenue": 108041
        },
        "2013-03": {
            "month": "2013-03",
            "price": "26.15",
            "revenue": 106809
        },
        "2013-04": {
            "month": "2013-04",
            "price": "24.51",
            "revenue": 98504
        },
        "2013-05": {
            "month": "2013-05",
            "price": "23.02",
            "revenue": 102897
        },
        "2013-06": {
            "month": "2013-06",
            "price": "20.62",
            "revenue": 99434
        },
        "2013-07": {
            "month": "2013-07",
            "price": "19.70",
            "revenue": 105781
        },
        "2013-08": {
            "month": "2013-08",
            "price": "19.83",
            "revenue": 114541
        },
        "2013-09": {
            "month": "2013-09",
            "price": "21.26",
            "revenue": 99077
        },
        "2013-10": {
            "month": "2013-10",
            "price": "21.15",
            "revenue": 104911
        },
        "2013-11": {
            "month": "2013-11",
            "price": "20.46",
            "revenue": 103835
        },
        "2013-12": {
            "month": "2013-12",
            "price": "23.17",
            "revenue": 105053
        },
        "2014-01": {
            "month": "2014-01",
            "price": "26.63",
            "revenue": 124601
        },
        "2014-02": {
            "month": "2014-02",
            "price": "23.57",
            "revenue": 95351
        },
        "2014-03": {
            "month": "2014-03",
            "price": "25.81",
            "revenue": 109422
        },
        "2014-04": {
            "month": "2014-04",
            "price": "25.66",
            "revenue": 105528
        },
        "2014-05": {
            "month": "2014-05",
            "price": "25.37",
            "revenue": 109640
        },
        "2014-06": {
            "month": "2014-06",
            "price": "26.10",
            "revenue": 100150
        },
        "2014-07": {
            "month": "2014-07",
            "price": "24.73",
            "revenue": 112263
        },
        "2014-08": {
            "month": "2014-08",
            "price": "26.02",
            "revenue": 113941
        },
        "2014-09": {
            "month": "2014-09",
            "price": "26.16",
            "revenue": 104603
        },
        "2014-10": {
            "month": "2014-10",
            "price": "26.05",
            "revenue": 112507
        },
        "2014-11": {
            "month": "2014-11",
            "price": "24.84",
            "revenue": 108547
        },
        "2014-12": {
            "month": "2014-12",
            "price": "24.40",
            "revenue": 112611
        },
        "2015-01": {
            "month": "2015-01",
            "price": "24.32",
            "revenue": 112536
        },
        "2015-02": {
            "month": "2015-02",
            "price": "24.77",
            "revenue": 109523
        },
        "2015-03": {
            "month": "2015-03",
            "price": "25.43",
            "revenue": 102385
        },
        "2015-04": {
            "month": "2015-04",
            "price": "28.58",
            "revenue": 101448
        },
        "2015-05": {
            "month": "2015-05",
            "price": "34.76",
            "revenue": 154104
        },
        "2015-06": {
            "month": "2015-06",
            "price": "38.04",
            "revenue": 169443
        },
        "2015-07": {
            "month": "2015-07",
            "price": "43.96",
            "revenue": 183589
        },
        "2015-08": {
            "month": "2015-08",
            "price": "39.42",
            "revenue": 183558
        },
        "2015-09": {
            "month": "2015-09",
            "price": "40.70",
            "revenue": 181447
        },
        "2015-10": {
            "month": "2015-10",
            "price": "43.75",
            "revenue": 165386
        },
        "2015-11": {
            "month": "2015-11",
            "price": "40.85",
            "revenue": 165964
        },
        "2015-12": {
            "month": "2015-12",
            "price": "39.65",
            "revenue": 191718
        },
        "2016-01": {
            "month": "2016-01",
            "price": "38.18",
            "revenue": 210161
        },
        "2016-02": {
            "month": "2016-02",
            "price": "42.35",
            "revenue": 195881
        },
        "2016-03": {
            "month": "2016-03",
            "price": "42.89",
            "revenue": 201788
        },
        "2016-04": {
            "month": "2016-04",
            "price": "38.25",
            "revenue": 194413
        },
        "2016-05": {
            "month": "2016-05",
            "price": "37.30",
            "revenue": 198437
        },
        "2016-06": {
            "month": "2016-06",
            "price": "37.96",
            "revenue": 215955
        },
        "2016-07": {
            "month": "2016-07",
            "price": "41.06",
            "revenue": 230954
        },
        "2016-08": {
            "month": "2016-08",
            "price": "40.27",
            "revenue": 229466
        },
        "2016-09": {
            "month": "2016-09",
            "price": "39.02",
            "revenue": 186923
        },
        "2016-10": {
            "month": "2016-10",
            "price": "37.27",
            "revenue": 178716
        },
        "2016-11": {
            "month": "2016-11",
            "price": "37.02",
            "revenue": 193152
        },
        "2016-12": {
            "month": "2016-12",
            "price": "38.62",
            "revenue": 200232
        },
        "2017-01": {
            "month": "2017-01",
            "price": "39.12",
            "revenue": 218751
        },
        "2017-02": {
            "month": "2017-02",
            "price": "39.95",
            "revenue": 181834
        },
        "2017-03": {
            "month": "2017-03",
            "price": "38.41",
            "revenue": 205223
        },
        "2017-04": {
            "month": "2017-04",
            "price": "36.05",
            "revenue": 198660
        },
        "2017-05": {
            "month": "2017-05",
            "price": "35.65",
            "revenue": 221698
        },
        "2017-06": {
            "month": "2017-06",
            "price": "37.56",
            "revenue": 203362
        },
        "2017-07": {
            "month": "2017-07",
            "price": "37.34",
            "revenue": 232162
        },
        "2017-08": {
            "month": "2017-08",
            "price": "34.09",
            "revenue": 238228
        },
        "2017-09": {
            "month": "2017-09",
            "price": "33.36",
            "revenue": 195879
        },
        "2017-10": {
            "month": "2017-10",
            "price": "32.16",
            "revenue": 182242
        },
        "2017-11": {
            "month": "2017-11",
            "price": "30.26",
            "revenue": 204297
        },
        "2017-12": {
            "month": "2017-12",
            "price": "29.44",
            "revenue": 199926
        },
        "2018-01": {
            "month": "2018-01",
            "price": "29.88",
            "revenue": 224901
        },
        "2018-02": {
            "month": "2018-02",
            "price": "27.10",
            "revenue": 212432
        },
        "2018-03": {
            "month": "2018-03",
            "price": "29.78",
            "revenue": 240511
        },
        "2018-04": {
            "month": "2018-04",
            "price": "29.99",
            "revenue": 232578
        },
        "2018-05": {
            "month": "2018-05",
            "price": "29.08",
            "revenue": 247165
        },
        "2018-06": {
            "month": "2018-06",
            "price": "28.17",
            "revenue": 253410
        },
        "2018-07": {
            "month": "2018-07",
            "price": "29.65",
            "revenue": 260842
        },
        "2018-08": {
            "month": "2018-08",
            "price": "28.37",
            "revenue": 239433
        },
        "2018-09": {
            "month": "2018-09",
            "price": "26.91",
            "revenue": 206312
        },
        "2018-10": {
            "month": "2018-10",
            "price": "22.38",
            "revenue": 235520
        },
        "2018-11": {
            "month": "2018-11",
            "price": "19.10",
            "revenue": 223881
        },
        "2018-12": {
            "month": "2018-12",
            "price": "21.10",
            "revenue": 258574
        },
        "2019-01": {
            "month": "2019-01",
            "price": "23.02",
            "revenue": 284284
        },
        "2019-02": {
            "month": "2019-02",
            "price": "21.68",
            "revenue": 239229
        },
        "2019-03": {
            "month": "2019-03",
            "price": "22.22",
            "revenue": 259091
        },
        "2019-04": {
            "month": "2019-04",
            "price": "23.59",
            "revenue": 214394
        },
        "2019-05": {
            "month": "2019-05",
            "price": "22.96",
            "revenue": 242646
        },
        "2019-06": {
            "month": "2019-06",
            "price": "19.77",
            "revenue": 243366
        },
        "2019-07": {
            "month": "2019-07",
            "price": "20.18",
            "revenue": 284336
        },
        "2019-08": {
            "month": "2019-08",
            "price": "19.22",
            "revenue": 266434
        },
        "2019-09": {
            "month": "2019-09",
            "price": "19.15",
            "revenue": 252932
        },
        "2019-10": {
            "month": "2019-10",
            "price": "19.08",
            "revenue": 245508
        },
        "2019-11": {
            "month": "2019-11",
            "price": "19.34",
            "revenue": 249593
        },
        "2019-12": {
            "month": "2019-12",
            "price": "18.20",
            "revenue": 258734
        },
        "2020-01": {
            "month": "2020-01",
            "price": "17.64",
            "revenue": 282674
        },
        "2020-02": {
            "month": "2020-02",
            "price": "17.51",
            "revenue": 226094
        },
        "2020-03": {
            "month": "2020-03",
            "price": "12.07",
            "revenue": 214057
        },
        "2020-04": {
            "month": "2020-04",
            "price": "9.67",
            "revenue": 176581
        },
        "2020-05": {
            "month": "2020-05",
            "price": "10.95",
            "revenue": 239502
        },
        "2020-06": {
            "month": "2020-06",
            "price": "11.98",
            "revenue": 219322
        },
        "2020-07": {
            "month": "2020-07",
            "price": "11.88",
            "revenue": 209920
        },
        "2020-08": {
            "month": "2020-08",
            "price": "13.50",
            "revenue": 204127
        },
        "2020-09": {
            "month": "2020-09",
            "price": "13.07",
            "revenue": 198786
        },
        "2020-10": {
            "month": "2020-10",
            "price": "12.75",
            "revenue": 198187
        },
        "2020-11": {
            "month": "2020-11",
            "price": "15.04",
            "revenue": 189795
        },
        "2020-12": {
            "month": "2020-12",
            "price": "16.67",
            "revenue": 192843
        },
        "2021-01": {
            "month": "2021-01",
            "price": "16.52",
            "revenue": 205180
        },
        "2021-02": {
            "month": "2021-02",
            "price": "16.20",
            "revenue": 182891
        },
        "2021-03": {
            "month": "2021-03",
            "price": "15.58",
            "revenue": 189390
        },
        "2021-04": {
            "month": "2021-04",
            "price": "14.85",
            "revenue": 195794
        },
        "2021-05": {
            "month": "2021-05",
            "price": "15.35",
            "revenue": 200415
        },
        "2021-06": {
            "month": "2021-06",
            "price": "16.23",
            "revenue": 167823
        },
        "2021-07": {
            "month": "2021-07",
            "price": "16.20",
            "revenue": 175985
        },
        "2021-08": {
            "month": "2021-08",
            "price": "16.56",
            "revenue": 179784
        },
        "2021-09": {
            "month": "2021-09",
            "price": "18.29",
            "revenue": 193923
        },
        "2021-10": {
            "month": "2021-10",
            "price": "18.08",
            "revenue": 195287
        },
        "2021-11": {
            "month": "2021-11",
            "price": "18.00",
            "revenue": 201067
        },
        "2021-12": {
            "month": "2021-12",
            "price": "18.39",
            "revenue": 203303
        },
        "2022-01": {
            "month": "2022-01",
            "price": "19.50",
            "revenue": 231989
        },
        "2022-02": {
            "month": "2022-02",
            "price": "20.21",
            "revenue": 169937
        },
        "2022-03": {
            "month": "2022-03",
            "price": "20.22",
            "revenue": 204027
        },
        "2022-04": {
            "month": "2022-04",
            "price": "24.89",
            "revenue": 211844
        },
        "2022-05": {
            "month": "2022-05",
            "price": "24.18",
            "revenue": 210965
        },
        "2022-06": {
            "month": "2022-06",
            "price": "20.98",
            "revenue": 228320
        },
        "2022-07": {
            "month": "2022-07",
            "price": "22.50",
            "revenue": 175102
        },
        "2022-08": {
            "month": "2022-08",
            "price": "25.44",
            "revenue": 204273
        },
        "2022-09": {
            "month": "2022-09",
            "price": "27.46",
            "revenue": 206254
        },
        "2022-10": {
            "month": "2022-10",
            "price": "21.38",
            "revenue": 229310
        },
        "2022-11": {
            "month": "2022-11",
            "price": "20.16",
            "revenue": 238862
        },
        "2022-12": {
            "month": "2022-12",
            "price": "20.15",
            "revenue": 257338
        },
        "2023-01": {
            "month": "2023-01",
            "price": "21.81",
            "revenue": 269801
        },
        "2023-02": {
            "month": "2023-02",
            "price": "23.19",
            "revenue": 229868
        },
        "2023-03": {
            "month": "2023-03",
            "price": "26.66",
            "revenue": 235020
        },
        "2023-04": {
            "month": "2023-04",
            "price": "26.76",
            "revenue": 220180
        }
    }
}
