{
    "summary": {
        "stock_name": "安心",
        "stock_id": "1259",
        "category": "觀光",
        "main_business": "連鎖速食餐飲",
        "website_url": "http://www.mos.com.tw",
        "ceo": "高順興",
        "pe_ratio": 16,
        "report_year_from": 2009,
        "report_year_to": 2023,
        "age": 14,
        "eps_negative_percentage": 0,
        "eps_growth_avg": {
            "last_all": 1.52,
            "last_2y": -2.89,
            "last_4y": -2,
            "last_8y": 8.68,
            "last_12y": null,
            "last_16y": null,
            "last_20y": null,
            "at_2006_last_3y": null,
            "at_2007_last_3y": null,
            "at_2008_last_3y": null,
            "at_2009_last_3y": null,
            "at_2010_last_3y": null,
            "at_2011_last_3y": null,
            "at_2012_last_3y": null,
            "at_2013_last_3y": null,
            "at_2014_last_3y": null,
            "at_2015_last_3y": -0.78,
            "at_2016_last_3y": 16.46,
            "at_2017_last_3y": 22.04,
            "at_2018_last_3y": 13.73,
            "at_2019_last_3y": 7.12,
            "at_2020_last_3y": -1.33,
            "at_2021_last_3y": -10.16,
            "at_2022_last_3y": 1.61,
            "at_2023_last_3y": 1.61,
            "at_2006_last_all": null,
            "at_2007_last_all": null,
            "at_2008_last_all": null,
            "at_2009_last_all": null,
            "at_2010_last_all": null,
            "at_2011_last_all": null,
            "at_2012_last_all": null,
            "at_2013_last_all": -30.73,
            "at_2014_last_all": -14.91,
            "at_2015_last_all": -0.78,
            "at_2016_last_all": 5.9,
            "at_2017_last_all": 4.45,
            "at_2018_last_all": 1.46,
            "at_2019_last_all": 3.17,
            "at_2020_last_all": 2.68,
            "at_2021_last_all": -1.4,
            "at_2022_last_all": 1.52,
            "at_2023_last_all": 1.52
        },
        "latest_eps": 4.64,
        "latest_price": 75.9,
        "latest_roe": 6.7,
        "latest_gross_margin": 22.15,
        "latest_equity": 2195237,
        "latest_revenue": 1434021,
        "latest_gross_profit": 317607,
        "latest_net_income": 32084,
        "latest_debt_ratio": 60.06,
        "latest_current_ratio": 97.75,
        "latest_account_receivable_turnover_ratio": 11.82,
        "latest_inventory_turnover_ratio": 14.4,
        "latest_reinvestment_rate": 130.45,
        "latest_research_to_sale_ratio": null
    },
    "eps_dividends": {
        "2001": {
            "cash": 0,
            "stock": 0,
            "eps": 0
        },
        "2002": {
            "cash": 0,
            "stock": 0,
            "eps": 0
        },
        "2003": {
            "cash": 0,
            "stock": 0,
            "eps": 0
        },
        "2004": {
            "cash": 0,
            "stock": 0,
            "eps": 0
        },
        "2005": {
            "cash": 0,
            "stock": 0,
            "eps": 0
        },
        "2006": {
            "cash": 0,
            "stock": 0,
            "eps": 0
        },
        "2007": {
            "cash": 0,
            "stock": 0,
            "eps": 0
        },
        "2008": {
            "cash": 0,
            "stock": 0,
            "eps": 0
        },
        "2009": {
            "cash": 0,
            "stock": 0,
            "eps": 0
        },
        "2010": {
            "cash": 0,
            "stock": 0,
            "eps": 0
        },
        "2011": {
            "cash": 2,
            "stock": 1,
            "eps": 5.14
        },
        "2012": {
            "cash": 2,
            "stock": 1,
            "eps": 3.27
        },
        "2013": {
            "cash": 2.5,
            "stock": 0,
            "eps": 2.45
        },
        "2014": {
            "cash": 2,
            "stock": 0,
            "eps": 2.86
        },
        "2015": {
            "cash": 2.3,
            "stock": 0,
            "eps": 4.05
        },
        "2016": {
            "cash": 2.8,
            "stock": 0,
            "eps": 5.37
        },
        "2017": {
            "cash": 3,
            "stock": 0,
            "eps": 5.22
        },
        "2018": {
            "cash": 3.5,
            "stock": 0,
            "eps": 4.36
        },
        "2019": {
            "cash": 3,
            "stock": 0,
            "eps": 5.02
        },
        "2020": {
            "cash": 3.2,
            "stock": 0,
            "eps": 4.96
        },
        "2021": {
            "cash": 3,
            "stock": 0,
            "eps": 3.07
        },
        "2022": {
            "cash": 2.3,
            "stock": 0,
            "eps": 4.01
        },
        "2023": {
            "cash": 2.6,
            "stock": 0,
            "eps": 1.04
        }
    },
    "dividends": {
        "2011-04-19": {
            "cash": 2,
            "stock": 1
        },
        "2012-03-21": {
            "cash": 2,
            "stock": 1
        },
        "2013-06-26": {
            "cash": 2.5,
            "stock": 0
        },
        "2014-06-06": {
            "cash": 2,
            "stock": 0
        },
        "2015-07-30": {
            "cash": 2.3,
            "stock": 0
        },
        "2016-07-26": {
            "cash": 2.8,
            "stock": 0
        },
        "2017-07-26": {
            "cash": 3,
            "stock": 0
        },
        "2018-07-25": {
            "cash": 3.5,
            "stock": 0
        },
        "2019-07-25": {
            "cash": 3,
            "stock": 0
        },
        "2020-07-24": {
            "cash": 3.2,
            "stock": 0
        },
        "2021-10-08": {
            "cash": 3,
            "stock": 0
        },
        "2022-04-20": {
            "cash": 2.3,
            "stock": 0
        },
        "2023-04-21": {
            "cash": 2.6,
            "stock": 0
        }
    },
    "prices": {
        "200101": "無",
        "200102": "無",
        "200103": "無",
        "200104": "無",
        "200105": "無",
        "200106": "無",
        "200107": "無",
        "200108": "無",
        "200109": "無",
        "200110": "無",
        "200111": "無",
        "200112": "無",
        "200201": "無",
        "200202": "無",
        "200203": "無",
        "200204": "無",
        "200205": "無",
        "200206": "無",
        "200207": "無",
        "200208": "無",
        "200209": "無",
        "200210": "無",
        "200211": "無",
        "200212": "無",
        "200301": "無",
        "200302": "無",
        "200303": "無",
        "200304": "無",
        "200305": "無",
        "200306": "無",
        "200307": "無",
        "200308": "無",
        "200309": "無",
        "200310": "無",
        "200311": "無",
        "200312": "無",
        "200401": "無",
        "200402": "無",
        "200403": "無",
        "200404": "無",
        "200405": "無",
        "200406": "無",
        "200407": "無",
        "200408": "無",
        "200409": "無",
        "200410": "無",
        "200411": "無",
        "200412": "無",
        "200501": "無",
        "200502": "無",
        "200503": "無",
        "200504": "無",
        "200505": "無",
        "200506": "無",
        "200507": "無",
        "200508": "無",
        "200509": "無",
        "200510": "無",
        "200511": "無",
        "200512": "無",
        "200601": "無",
        "200602": "無",
        "200603": "無",
        "200604": "無",
        "200605": "無",
        "200606": "無",
        "200607": "無",
        "200608": "無",
        "200609": "無",
        "200610": "無",
        "200611": "無",
        "200612": "無",
        "200701": "無",
        "200702": "無",
        "200703": "無",
        "200704": "無",
        "200705": "無",
        "200706": "無",
        "200707": "無",
        "200708": "無",
        "200709": "無",
        "200710": "無",
        "200711": "無",
        "200712": "無",
        "200801": "無",
        "200802": "無",
        "200803": "無",
        "200804": "無",
        "200805": "無",
        "200806": "無",
        "200807": "無",
        "200808": "無",
        "200809": "無",
        "200810": "無",
        "200811": "無",
        "200812": "無",
        "200901": "無",
        "200902": "無",
        "200903": "無",
        "200904": "無",
        "200905": "無",
        "200906": "無",
        "200907": "無",
        "200908": "無",
        "200909": "無",
        "200910": "無",
        "200911": "無",
        "200912": "無",
        "201001": "無",
        "201002": "無",
        "201003": "無",
        "201004": "無",
        "201005": "無",
        "201006": "無",
        "201007": "無",
        "201008": "無",
        "201009": "無",
        "201010": "無",
        "201011": "無",
        "201012": "無",
        "201101": "233.99",
        "201102": "216.99",
        "201103": "207.21",
        "201104": "234.86",
        "201105": "241.79",
        "201106": "238.79",
        "201107": "239.76",
        "201108": "237.94",
        "201109": "218.50",
        "201110": "217.60",
        "201111": "215.60",
        "201112": "157.08",
        "201201": "155.10",
        "201202": "181.18",
        "201203": "173.87",
        "201204": "157.60",
        "201205": "144.30",
        "201206": "134.64",
        "201207": "134.30",
        "201208": "140.89",
        "201209": "114.12",
        "201210": "101.44",
        "201211": "85.03",
        "201212": "84.95",
        "201301": "82.67",
        "201302": "83.17",
        "201303": "83.10",
        "201304": "84.28",
        "201305": "80.61",
        "201306": "71.15",
        "201307": "71.06",
        "201308": "71.21",
        "201309": "76.92",
        "201310": "77.17",
        "201311": "75.49",
        "201312": "74.23",
        "201401": "72.61",
        "201402": "71.35",
        "201403": "71.22",
        "201404": "72.40",
        "201405": "71.42",
        "201406": "71.16",
        "201407": "69.00",
        "201408": "68.42",
        "201409": "67.91",
        "201410": "67.47",
        "201411": "67.74",
        "201412": "69.20",
        "201501": "72.62",
        "201502": "71.74",
        "201503": "69.23",
        "201504": "68.07",
        "201505": "66.99",
        "201506": "65.58",
        "201507": "62.82",
        "201508": "61.83",
        "201509": "59.70",
        "201510": "59.98",
        "201511": "63.28",
        "201512": "70.79",
        "201601": "70.98",
        "201602": "71.30",
        "201603": "72.37",
        "201604": "71.34",
        "201605": "72.11",
        "201606": "73.03",
        "201607": "72.69",
        "201608": "82.41",
        "201609": "87.43",
        "201610": "82.04",
        "201611": "77.68",
        "201612": "77.42",
        "201701": "75.46",
        "201702": "77.32",
        "201703": "79.03",
        "201704": "77.39",
        "201705": "83.15",
        "201706": "96.91",
        "201707": "94.38",
        "201708": "88.26",
        "201709": "84.48",
        "201710": "82.92",
        "201711": "86.08",
        "201712": "88.59",
        "201801": "87.52",
        "201802": "85.18",
        "201803": "82.72",
        "201804": "82.11",
        "201805": "80.09",
        "201806": "79.81",
        "201807": "77.08",
        "201808": "78.12",
        "201809": "72.22",
        "201810": "67.66",
        "201811": "67.83",
        "201812": "66.02",
        "201901": "65.39",
        "201902": "68.50",
        "201903": "69.22",
        "201904": "68.35",
        "201905": "68.46",
        "201906": "69.71",
        "201907": "69.62",
        "201908": "69.08",
        "201909": "69.33",
        "201910": "68.55",
        "201911": "73.50",
        "201912": "75.78",
        "202001": "75.75",
        "202002": "73.96",
        "202003": "65.80",
        "202004": "65.96",
        "202005": "68.69",
        "202006": "70.74",
        "202007": "68.08",
        "202008": "67.50",
        "202009": "67.24",
        "202010": "67.96",
        "202011": "69.11",
        "202012": "69.00",
        "202101": "68.08",
        "202102": "67.72",
        "202103": "69.49",
        "202104": "69.89",
        "202105": "67.32",
        "202106": "66.74",
        "202107": "68.79",
        "202108": "69.80",
        "202109": "69.78",
        "202110": "70.18",
        "202111": "69.65",
        "202112": "69.05",
        "202201": "68.60",
        "202202": "68.25",
        "202203": "67.93",
        "202204": "67.72",
        "202205": "67.99",
        "202206": "68.23",
        "202207": "69.06",
        "202208": "71.53",
        "202209": "72.27",
        "202210": "72.67",
        "202211": "72.87",
        "202212": "73.91",
        "202301": "73.98",
        "202302": "75.55",
        "202303": "75.78",
        "202304": "73.82",
        "202305": "75.15",
        "202306": "75.94"
    },
    "quarters": {
        "20011": {
            "year_quarter": 20011,
            "year": 2001,
            "quarter": 1,
            "eps": null,
            "eps_growth_year": null,
            "eps_4q": null,
            "eps_4q_growth_year": null,
            "roe": null,
            "roe_4q": 0,
            "gross_profit": null,
            "gross_margin": null,
            "gross_margin_4q_avg": 0,
            "net_income": null,
            "revenue": null,
            "common_shares": null,
            "book_valuer_per_share": null,
            "book_valuer_per_share_4q_avg": 0,
            "equity": null,
            "current_ratio": null,
            "debt_ratio": null,
            "inventory_turnover_ratio": null,
            "account_receivable_turnover_ratio": null,
            "reinvestment_rate": null,
            "research_to_sale_ratio": null,
            "price_fair": 0,
            "eps_avg_yearly": 0,
            "eps_latest_yearly": 0,
            "eps_growth_yearly": 0
        },
        "20012": {
            "year_quarter": 20012,
            "year": 2001,
            "quarter": 2,
            "eps": null,
            "eps_growth_year": null,
            "eps_4q": null,
            "eps_4q_growth_year": null,
            "roe": null,
            "roe_4q": 0,
            "gross_profit": null,
            "gross_margin": null,
            "gross_margin_4q_avg": 0,
            "net_income": null,
            "revenue": null,
            "common_shares": null,
            "book_valuer_per_share": null,
            "book_valuer_per_share_4q_avg": 0,
            "equity": null,
            "current_ratio": null,
            "debt_ratio": null,
            "inventory_turnover_ratio": null,
            "account_receivable_turnover_ratio": null,
            "reinvestment_rate": null,
            "research_to_sale_ratio": null,
            "price_fair": 0,
            "eps_avg_yearly": 0,
            "eps_latest_yearly": 0,
            "eps_growth_yearly": 0
        },
        "20013": {
            "year_quarter": 20013,
            "year": 2001,
            "quarter": 3,
            "eps": null,
            "eps_growth_year": null,
            "eps_4q": null,
            "eps_4q_growth_year": null,
            "roe": null,
            "roe_4q": 0,
            "gross_profit": null,
            "gross_margin": null,
            "gross_margin_4q_avg": 0,
            "net_income": null,
            "revenue": null,
            "common_shares": null,
            "book_valuer_per_share": null,
            "book_valuer_per_share_4q_avg": 0,
            "equity": null,
            "current_ratio": null,
            "debt_ratio": null,
            "inventory_turnover_ratio": null,
            "account_receivable_turnover_ratio": null,
            "reinvestment_rate": null,
            "research_to_sale_ratio": null,
            "price_fair": 0,
            "eps_avg_yearly": 0,
            "eps_latest_yearly": 0,
            "eps_growth_yearly": 0
        },
        "20014": {
            "year_quarter": 20014,
            "year": 2001,
            "quarter": 4,
            "eps": null,
            "eps_growth_year": null,
            "eps_4q": null,
            "eps_4q_growth_year": null,
            "roe": null,
            "roe_4q": 0,
            "gross_profit": null,
            "gross_margin": null,
            "gross_margin_4q_avg": 0,
            "net_income": null,
            "revenue": null,
            "common_shares": null,
            "book_valuer_per_share": null,
            "book_valuer_per_share_4q_avg": 0,
            "equity": null,
            "current_ratio": null,
            "debt_ratio": null,
            "inventory_turnover_ratio": null,
            "account_receivable_turnover_ratio": null,
            "reinvestment_rate": null,
            "research_to_sale_ratio": null,
            "price_fair": 0,
            "eps_avg_yearly": 0,
            "eps_latest_yearly": 0,
            "eps_growth_yearly": 0
        },
        "20021": {
            "year_quarter": 20021,
            "year": 2002,
            "quarter": 1,
            "eps": null,
            "eps_growth_year": null,
            "eps_4q": null,
            "eps_4q_growth_year": null,
            "roe": null,
            "roe_4q": 0,
            "gross_profit": null,
            "gross_margin": null,
            "gross_margin_4q_avg": 0,
            "net_income": null,
            "revenue": null,
            "common_shares": null,
            "book_valuer_per_share": null,
            "book_valuer_per_share_4q_avg": 0,
            "equity": null,
            "current_ratio": null,
            "debt_ratio": null,
            "inventory_turnover_ratio": null,
            "account_receivable_turnover_ratio": null,
            "reinvestment_rate": null,
            "research_to_sale_ratio": null,
            "price_fair": 0,
            "eps_avg_yearly": 0,
            "eps_latest_yearly": 0,
            "eps_growth_yearly": 0
        },
        "20022": {
            "year_quarter": 20022,
            "year": 2002,
            "quarter": 2,
            "eps": null,
            "eps_growth_year": null,
            "eps_4q": null,
            "eps_4q_growth_year": null,
            "roe": null,
            "roe_4q": 0,
            "gross_profit": null,
            "gross_margin": null,
            "gross_margin_4q_avg": 0,
            "net_income": null,
            "revenue": null,
            "common_shares": null,
            "book_valuer_per_share": null,
            "book_valuer_per_share_4q_avg": 0,
            "equity": null,
            "current_ratio": null,
            "debt_ratio": null,
            "inventory_turnover_ratio": null,
            "account_receivable_turnover_ratio": null,
            "reinvestment_rate": null,
            "research_to_sale_ratio": null,
            "price_fair": 0,
            "eps_avg_yearly": 0,
            "eps_latest_yearly": 0,
            "eps_growth_yearly": 0
        },
        "20023": {
            "year_quarter": 20023,
            "year": 2002,
            "quarter": 3,
            "eps": null,
            "eps_growth_year": null,
            "eps_4q": null,
            "eps_4q_growth_year": null,
            "roe": null,
            "roe_4q": 0,
            "gross_profit": null,
            "gross_margin": null,
            "gross_margin_4q_avg": 0,
            "net_income": null,
            "revenue": null,
            "common_shares": null,
            "book_valuer_per_share": null,
            "book_valuer_per_share_4q_avg": 0,
            "equity": null,
            "current_ratio": null,
            "debt_ratio": null,
            "inventory_turnover_ratio": null,
            "account_receivable_turnover_ratio": null,
            "reinvestment_rate": null,
            "research_to_sale_ratio": null,
            "price_fair": 0,
            "eps_avg_yearly": 0,
            "eps_latest_yearly": 0,
            "eps_growth_yearly": 0
        },
        "20024": {
            "year_quarter": 20024,
            "year": 2002,
            "quarter": 4,
            "eps": null,
            "eps_growth_year": null,
            "eps_4q": null,
            "eps_4q_growth_year": null,
            "roe": null,
            "roe_4q": 0,
            "gross_profit": null,
            "gross_margin": null,
            "gross_margin_4q_avg": 0,
            "net_income": null,
            "revenue": null,
            "common_shares": null,
            "book_valuer_per_share": null,
            "book_valuer_per_share_4q_avg": 0,
            "equity": null,
            "current_ratio": null,
            "debt_ratio": null,
            "inventory_turnover_ratio": null,
            "account_receivable_turnover_ratio": null,
            "reinvestment_rate": null,
            "research_to_sale_ratio": null,
            "price_fair": 0,
            "eps_avg_yearly": 0,
            "eps_latest_yearly": 0,
            "eps_growth_yearly": 0
        },
        "20031": {
            "year_quarter": 20031,
            "year": 2003,
            "quarter": 1,
            "eps": null,
            "eps_growth_year": null,
            "eps_4q": null,
            "eps_4q_growth_year": null,
            "roe": null,
            "roe_4q": 0,
            "gross_profit": null,
            "gross_margin": null,
            "gross_margin_4q_avg": 0,
            "net_income": null,
            "revenue": null,
            "common_shares": null,
            "book_valuer_per_share": null,
            "book_valuer_per_share_4q_avg": 0,
            "equity": null,
            "current_ratio": null,
            "debt_ratio": null,
            "inventory_turnover_ratio": null,
            "account_receivable_turnover_ratio": null,
            "reinvestment_rate": null,
            "research_to_sale_ratio": null,
            "price_fair": 0,
            "eps_avg_yearly": 0,
            "eps_latest_yearly": 0,
            "eps_growth_yearly": 0
        },
        "20032": {
            "year_quarter": 20032,
            "year": 2003,
            "quarter": 2,
            "eps": null,
            "eps_growth_year": null,
            "eps_4q": null,
            "eps_4q_growth_year": null,
            "roe": null,
            "roe_4q": 0,
            "gross_profit": null,
            "gross_margin": null,
            "gross_margin_4q_avg": 0,
            "net_income": null,
            "revenue": null,
            "common_shares": null,
            "book_valuer_per_share": null,
            "book_valuer_per_share_4q_avg": 0,
            "equity": null,
            "current_ratio": null,
            "debt_ratio": null,
            "inventory_turnover_ratio": null,
            "account_receivable_turnover_ratio": null,
            "reinvestment_rate": null,
            "research_to_sale_ratio": null,
            "price_fair": 0,
            "eps_avg_yearly": 0,
            "eps_latest_yearly": 0,
            "eps_growth_yearly": 0
        },
        "20033": {
            "year_quarter": 20033,
            "year": 2003,
            "quarter": 3,
            "eps": null,
            "eps_growth_year": null,
            "eps_4q": null,
            "eps_4q_growth_year": null,
            "roe": null,
            "roe_4q": 0,
            "gross_profit": null,
            "gross_margin": null,
            "gross_margin_4q_avg": 0,
            "net_income": null,
            "revenue": null,
            "common_shares": null,
            "book_valuer_per_share": null,
            "book_valuer_per_share_4q_avg": 0,
            "equity": null,
            "current_ratio": null,
            "debt_ratio": null,
            "inventory_turnover_ratio": null,
            "account_receivable_turnover_ratio": null,
            "reinvestment_rate": null,
            "research_to_sale_ratio": null,
            "price_fair": 0,
            "eps_avg_yearly": 0,
            "eps_latest_yearly": 0,
            "eps_growth_yearly": 0
        },
        "20034": {
            "year_quarter": 20034,
            "year": 2003,
            "quarter": 4,
            "eps": null,
            "eps_growth_year": null,
            "eps_4q": null,
            "eps_4q_growth_year": null,
            "roe": null,
            "roe_4q": 0,
            "gross_profit": null,
            "gross_margin": null,
            "gross_margin_4q_avg": 0,
            "net_income": null,
            "revenue": null,
            "common_shares": null,
            "book_valuer_per_share": null,
            "book_valuer_per_share_4q_avg": 0,
            "equity": null,
            "current_ratio": null,
            "debt_ratio": null,
            "inventory_turnover_ratio": null,
            "account_receivable_turnover_ratio": null,
            "reinvestment_rate": null,
            "research_to_sale_ratio": null,
            "price_fair": 0,
            "eps_avg_yearly": 0,
            "eps_latest_yearly": 0,
            "eps_growth_yearly": 0
        },
        "20041": {
            "year_quarter": 20041,
            "year": 2004,
            "quarter": 1,
            "eps": null,
            "eps_growth_year": null,
            "eps_4q": null,
            "eps_4q_growth_year": null,
            "roe": null,
            "roe_4q": 0,
            "gross_profit": null,
            "gross_margin": null,
            "gross_margin_4q_avg": 0,
            "net_income": null,
            "revenue": null,
            "common_shares": null,
            "book_valuer_per_share": null,
            "book_valuer_per_share_4q_avg": 0,
            "equity": null,
            "current_ratio": null,
            "debt_ratio": null,
            "inventory_turnover_ratio": null,
            "account_receivable_turnover_ratio": null,
            "reinvestment_rate": null,
            "research_to_sale_ratio": null,
            "price_fair": 0,
            "eps_avg_yearly": 0,
            "eps_latest_yearly": 0,
            "eps_growth_yearly": 0
        },
        "20042": {
            "year_quarter": 20042,
            "year": 2004,
            "quarter": 2,
            "eps": null,
            "eps_growth_year": null,
            "eps_4q": null,
            "eps_4q_growth_year": null,
            "roe": null,
            "roe_4q": 0,
            "gross_profit": null,
            "gross_margin": null,
            "gross_margin_4q_avg": 0,
            "net_income": null,
            "revenue": null,
            "common_shares": null,
            "book_valuer_per_share": null,
            "book_valuer_per_share_4q_avg": 0,
            "equity": null,
            "current_ratio": null,
            "debt_ratio": null,
            "inventory_turnover_ratio": null,
            "account_receivable_turnover_ratio": null,
            "reinvestment_rate": null,
            "research_to_sale_ratio": null,
            "price_fair": 0,
            "eps_avg_yearly": 0,
            "eps_latest_yearly": 0,
            "eps_growth_yearly": 0
        },
        "20043": {
            "year_quarter": 20043,
            "year": 2004,
            "quarter": 3,
            "eps": null,
            "eps_growth_year": null,
            "eps_4q": null,
            "eps_4q_growth_year": null,
            "roe": null,
            "roe_4q": 0,
            "gross_profit": null,
            "gross_margin": null,
            "gross_margin_4q_avg": 0,
            "net_income": null,
            "revenue": null,
            "common_shares": null,
            "book_valuer_per_share": null,
            "book_valuer_per_share_4q_avg": 0,
            "equity": null,
            "current_ratio": null,
            "debt_ratio": null,
            "inventory_turnover_ratio": null,
            "account_receivable_turnover_ratio": null,
            "reinvestment_rate": null,
            "research_to_sale_ratio": null,
            "price_fair": 0,
            "eps_avg_yearly": 0,
            "eps_latest_yearly": 0,
            "eps_growth_yearly": 0
        },
        "20044": {
            "year_quarter": 20044,
            "year": 2004,
            "quarter": 4,
            "eps": null,
            "eps_growth_year": null,
            "eps_4q": null,
            "eps_4q_growth_year": null,
            "roe": null,
            "roe_4q": 0,
            "gross_profit": null,
            "gross_margin": null,
            "gross_margin_4q_avg": 0,
            "net_income": null,
            "revenue": null,
            "common_shares": null,
            "book_valuer_per_share": null,
            "book_valuer_per_share_4q_avg": 0,
            "equity": null,
            "current_ratio": null,
            "debt_ratio": null,
            "inventory_turnover_ratio": null,
            "account_receivable_turnover_ratio": null,
            "reinvestment_rate": null,
            "research_to_sale_ratio": null,
            "price_fair": 0,
            "eps_avg_yearly": 0,
            "eps_latest_yearly": 0,
            "eps_growth_yearly": 0
        },
        "20051": {
            "year_quarter": 20051,
            "year": 2005,
            "quarter": 1,
            "eps": null,
            "eps_growth_year": null,
            "eps_4q": null,
            "eps_4q_growth_year": null,
            "roe": null,
            "roe_4q": 0,
            "gross_profit": null,
            "gross_margin": null,
            "gross_margin_4q_avg": 0,
            "net_income": null,
            "revenue": null,
            "common_shares": null,
            "book_valuer_per_share": null,
            "book_valuer_per_share_4q_avg": 0,
            "equity": null,
            "current_ratio": null,
            "debt_ratio": null,
            "inventory_turnover_ratio": null,
            "account_receivable_turnover_ratio": null,
            "reinvestment_rate": null,
            "research_to_sale_ratio": null,
            "price_fair": 0,
            "eps_avg_yearly": 0,
            "eps_latest_yearly": 0,
            "eps_growth_yearly": 0
        },
        "20052": {
            "year_quarter": 20052,
            "year": 2005,
            "quarter": 2,
            "eps": null,
            "eps_growth_year": null,
            "eps_4q": null,
            "eps_4q_growth_year": null,
            "roe": null,
            "roe_4q": 0,
            "gross_profit": null,
            "gross_margin": null,
            "gross_margin_4q_avg": 0,
            "net_income": null,
            "revenue": null,
            "common_shares": null,
            "book_valuer_per_share": null,
            "book_valuer_per_share_4q_avg": 0,
            "equity": null,
            "current_ratio": null,
            "debt_ratio": null,
            "inventory_turnover_ratio": null,
            "account_receivable_turnover_ratio": null,
            "reinvestment_rate": null,
            "research_to_sale_ratio": null,
            "price_fair": 0,
            "eps_avg_yearly": 0,
            "eps_latest_yearly": 0,
            "eps_growth_yearly": 0
        },
        "20053": {
            "year_quarter": 20053,
            "year": 2005,
            "quarter": 3,
            "eps": null,
            "eps_growth_year": null,
            "eps_4q": null,
            "eps_4q_growth_year": null,
            "roe": null,
            "roe_4q": 0,
            "gross_profit": null,
            "gross_margin": null,
            "gross_margin_4q_avg": 0,
            "net_income": null,
            "revenue": null,
            "common_shares": null,
            "book_valuer_per_share": null,
            "book_valuer_per_share_4q_avg": 0,
            "equity": null,
            "current_ratio": null,
            "debt_ratio": null,
            "inventory_turnover_ratio": null,
            "account_receivable_turnover_ratio": null,
            "reinvestment_rate": null,
            "research_to_sale_ratio": null,
            "price_fair": 0,
            "eps_avg_yearly": 0,
            "eps_latest_yearly": 0,
            "eps_growth_yearly": 0
        },
        "20054": {
            "year_quarter": 20054,
            "year": 2005,
            "quarter": 4,
            "eps": null,
            "eps_growth_year": null,
            "eps_4q": null,
            "eps_4q_growth_year": null,
            "roe": null,
            "roe_4q": 0,
            "gross_profit": null,
            "gross_margin": null,
            "gross_margin_4q_avg": 0,
            "net_income": null,
            "revenue": null,
            "common_shares": 120000,
            "book_valuer_per_share": 7.56,
            "book_valuer_per_share_4q_avg": 1.89,
            "equity": 90682,
            "current_ratio": 29.81,
            "debt_ratio": 80.64,
            "inventory_turnover_ratio": null,
            "account_receivable_turnover_ratio": null,
            "reinvestment_rate": null,
            "research_to_sale_ratio": null,
            "price_fair": 0,
            "eps_avg_yearly": 0,
            "eps_latest_yearly": 0,
            "eps_growth_yearly": 0
        },
        "20061": {
            "year_quarter": 20061,
            "year": 2006,
            "quarter": 1,
            "eps": null,
            "eps_growth_year": null,
            "eps_4q": null,
            "eps_4q_growth_year": null,
            "roe": null,
            "roe_4q": 0,
            "gross_profit": null,
            "gross_margin": null,
            "gross_margin_4q_avg": 0,
            "net_income": null,
            "revenue": null,
            "common_shares": null,
            "book_valuer_per_share": null,
            "book_valuer_per_share_4q_avg": 1.89,
            "equity": null,
            "current_ratio": null,
            "debt_ratio": null,
            "inventory_turnover_ratio": null,
            "account_receivable_turnover_ratio": null,
            "reinvestment_rate": null,
            "research_to_sale_ratio": null,
            "price_fair": 0,
            "eps_avg_yearly": 0,
            "eps_latest_yearly": 0,
            "eps_growth_yearly": 0
        },
        "20062": {
            "year_quarter": 20062,
            "year": 2006,
            "quarter": 2,
            "eps": null,
            "eps_growth_year": null,
            "eps_4q": null,
            "eps_4q_growth_year": null,
            "roe": null,
            "roe_4q": 0,
            "gross_profit": null,
            "gross_margin": null,
            "gross_margin_4q_avg": 0,
            "net_income": null,
            "revenue": null,
            "common_shares": null,
            "book_valuer_per_share": null,
            "book_valuer_per_share_4q_avg": 1.89,
            "equity": null,
            "current_ratio": null,
            "debt_ratio": null,
            "inventory_turnover_ratio": null,
            "account_receivable_turnover_ratio": null,
            "reinvestment_rate": null,
            "research_to_sale_ratio": null,
            "price_fair": 0,
            "eps_avg_yearly": 0,
            "eps_latest_yearly": 0,
            "eps_growth_yearly": 0
        },
        "20063": {
            "year_quarter": 20063,
            "year": 2006,
            "quarter": 3,
            "eps": null,
            "eps_growth_year": null,
            "eps_4q": null,
            "eps_4q_growth_year": null,
            "roe": null,
            "roe_4q": 0,
            "gross_profit": null,
            "gross_margin": null,
            "gross_margin_4q_avg": 0,
            "net_income": null,
            "revenue": null,
            "common_shares": null,
            "book_valuer_per_share": null,
            "book_valuer_per_share_4q_avg": 1.89,
            "equity": null,
            "current_ratio": null,
            "debt_ratio": null,
            "inventory_turnover_ratio": null,
            "account_receivable_turnover_ratio": null,
            "reinvestment_rate": null,
            "research_to_sale_ratio": null,
            "price_fair": 0,
            "eps_avg_yearly": 0,
            "eps_latest_yearly": 0,
            "eps_growth_yearly": 0
        },
        "20064": {
            "year_quarter": 20064,
            "year": 2006,
            "quarter": 4,
            "eps": null,
            "eps_growth_year": null,
            "eps_4q": null,
            "eps_4q_growth_year": null,
            "roe": null,
            "roe_4q": 0,
            "gross_profit": null,
            "gross_margin": null,
            "gross_margin_4q_avg": 0,
            "net_income": null,
            "revenue": null,
            "common_shares": 200000,
            "book_valuer_per_share": 10.39,
            "book_valuer_per_share_4q_avg": 2.6,
            "equity": 207827,
            "current_ratio": 56.95,
            "debt_ratio": 65.48,
            "inventory_turnover_ratio": null,
            "account_receivable_turnover_ratio": null,
            "reinvestment_rate": null,
            "research_to_sale_ratio": null,
            "price_fair": 0,
            "eps_avg_yearly": 0,
            "eps_latest_yearly": 0,
            "eps_growth_yearly": 0
        },
        "20071": {
            "year_quarter": 20071,
            "year": 2007,
            "quarter": 1,
            "eps": null,
            "eps_growth_year": null,
            "eps_4q": null,
            "eps_4q_growth_year": null,
            "roe": null,
            "roe_4q": 0,
            "gross_profit": null,
            "gross_margin": null,
            "gross_margin_4q_avg": 0,
            "net_income": null,
            "revenue": null,
            "common_shares": null,
            "book_valuer_per_share": null,
            "book_valuer_per_share_4q_avg": 2.6,
            "equity": null,
            "current_ratio": null,
            "debt_ratio": null,
            "inventory_turnover_ratio": null,
            "account_receivable_turnover_ratio": null,
            "reinvestment_rate": null,
            "research_to_sale_ratio": null,
            "price_fair": 0,
            "eps_avg_yearly": 0,
            "eps_latest_yearly": 0,
            "eps_growth_yearly": 0
        },
        "20072": {
            "year_quarter": 20072,
            "year": 2007,
            "quarter": 2,
            "eps": null,
            "eps_growth_year": null,
            "eps_4q": null,
            "eps_4q_growth_year": null,
            "roe": null,
            "roe_4q": 0,
            "gross_profit": null,
            "gross_margin": null,
            "gross_margin_4q_avg": 0,
            "net_income": null,
            "revenue": null,
            "common_shares": null,
            "book_valuer_per_share": null,
            "book_valuer_per_share_4q_avg": 2.6,
            "equity": null,
            "current_ratio": null,
            "debt_ratio": null,
            "inventory_turnover_ratio": null,
            "account_receivable_turnover_ratio": null,
            "reinvestment_rate": null,
            "research_to_sale_ratio": null,
            "price_fair": 0,
            "eps_avg_yearly": 0,
            "eps_latest_yearly": 0,
            "eps_growth_yearly": 0
        },
        "20073": {
            "year_quarter": 20073,
            "year": 2007,
            "quarter": 3,
            "eps": null,
            "eps_growth_year": null,
            "eps_4q": null,
            "eps_4q_growth_year": null,
            "roe": null,
            "roe_4q": 0,
            "gross_profit": null,
            "gross_margin": null,
            "gross_margin_4q_avg": 0,
            "net_income": null,
            "revenue": null,
            "common_shares": null,
            "book_valuer_per_share": null,
            "book_valuer_per_share_4q_avg": 2.6,
            "equity": null,
            "current_ratio": null,
            "debt_ratio": null,
            "inventory_turnover_ratio": null,
            "account_receivable_turnover_ratio": null,
            "reinvestment_rate": null,
            "research_to_sale_ratio": null,
            "price_fair": 0,
            "eps_avg_yearly": 0,
            "eps_latest_yearly": 0,
            "eps_growth_yearly": 0
        },
        "20074": {
            "year_quarter": 20074,
            "year": 2007,
            "quarter": 4,
            "eps": null,
            "eps_growth_year": null,
            "eps_4q": null,
            "eps_4q_growth_year": null,
            "roe": null,
            "roe_4q": 0,
            "gross_profit": null,
            "gross_margin": null,
            "gross_margin_4q_avg": 0,
            "net_income": null,
            "revenue": null,
            "common_shares": 200000,
            "book_valuer_per_share": 14.55,
            "book_valuer_per_share_4q_avg": 3.64,
            "equity": 290949,
            "current_ratio": 77.67,
            "debt_ratio": 61.36,
            "inventory_turnover_ratio": null,
            "account_receivable_turnover_ratio": null,
            "reinvestment_rate": null,
            "research_to_sale_ratio": null,
            "price_fair": 0,
            "eps_avg_yearly": 0,
            "eps_latest_yearly": 0,
            "eps_growth_yearly": 0
        },
        "20081": {
            "year_quarter": 20081,
            "year": 2008,
            "quarter": 1,
            "eps": null,
            "eps_growth_year": null,
            "eps_4q": null,
            "eps_4q_growth_year": null,
            "roe": null,
            "roe_4q": 0,
            "gross_profit": null,
            "gross_margin": null,
            "gross_margin_4q_avg": 0,
            "net_income": null,
            "revenue": null,
            "common_shares": null,
            "book_valuer_per_share": null,
            "book_valuer_per_share_4q_avg": 3.64,
            "equity": null,
            "current_ratio": null,
            "debt_ratio": null,
            "inventory_turnover_ratio": null,
            "account_receivable_turnover_ratio": null,
            "reinvestment_rate": null,
            "research_to_sale_ratio": null,
            "price_fair": 0,
            "eps_avg_yearly": 0,
            "eps_latest_yearly": 0,
            "eps_growth_yearly": 0
        },
        "20082": {
            "year_quarter": 20082,
            "year": 2008,
            "quarter": 2,
            "eps": null,
            "eps_growth_year": null,
            "eps_4q": null,
            "eps_4q_growth_year": null,
            "roe": null,
            "roe_4q": 0,
            "gross_profit": null,
            "gross_margin": null,
            "gross_margin_4q_avg": 0,
            "net_income": null,
            "revenue": null,
            "common_shares": null,
            "book_valuer_per_share": null,
            "book_valuer_per_share_4q_avg": 3.64,
            "equity": null,
            "current_ratio": null,
            "debt_ratio": null,
            "inventory_turnover_ratio": null,
            "account_receivable_turnover_ratio": null,
            "reinvestment_rate": null,
            "research_to_sale_ratio": null,
            "price_fair": 0,
            "eps_avg_yearly": 0,
            "eps_latest_yearly": 0,
            "eps_growth_yearly": 0
        },
        "20083": {
            "year_quarter": 20083,
            "year": 2008,
            "quarter": 3,
            "eps": null,
            "eps_growth_year": null,
            "eps_4q": null,
            "eps_4q_growth_year": null,
            "roe": null,
            "roe_4q": 0,
            "gross_profit": null,
            "gross_margin": null,
            "gross_margin_4q_avg": 0,
            "net_income": null,
            "revenue": null,
            "common_shares": null,
            "book_valuer_per_share": null,
            "book_valuer_per_share_4q_avg": 3.64,
            "equity": null,
            "current_ratio": null,
            "debt_ratio": null,
            "inventory_turnover_ratio": null,
            "account_receivable_turnover_ratio": null,
            "reinvestment_rate": null,
            "research_to_sale_ratio": null,
            "price_fair": 0,
            "eps_avg_yearly": 0,
            "eps_latest_yearly": 0,
            "eps_growth_yearly": 0
        },
        "20084": {
            "year_quarter": 20084,
            "year": 2008,
            "quarter": 4,
            "eps": null,
            "eps_growth_year": null,
            "eps_4q": null,
            "eps_4q_growth_year": null,
            "roe": null,
            "roe_4q": 0,
            "gross_profit": null,
            "gross_margin": null,
            "gross_margin_4q_avg": 0,
            "net_income": null,
            "revenue": null,
            "common_shares": 220000,
            "book_valuer_per_share": 14.93,
            "book_valuer_per_share_4q_avg": 3.73,
            "equity": 328557,
            "current_ratio": 78.48,
            "debt_ratio": 60.58,
            "inventory_turnover_ratio": null,
            "account_receivable_turnover_ratio": null,
            "reinvestment_rate": null,
            "research_to_sale_ratio": null,
            "price_fair": 0,
            "eps_avg_yearly": 0,
            "eps_latest_yearly": 0,
            "eps_growth_yearly": 0
        },
        "20091": {
            "year_quarter": 20091,
            "year": 2009,
            "quarter": 1,
            "eps": null,
            "eps_growth_year": null,
            "eps_4q": null,
            "eps_4q_growth_year": null,
            "roe": null,
            "roe_4q": 0,
            "gross_profit": null,
            "gross_margin": null,
            "gross_margin_4q_avg": 0,
            "net_income": null,
            "revenue": null,
            "common_shares": null,
            "book_valuer_per_share": null,
            "book_valuer_per_share_4q_avg": 3.73,
            "equity": null,
            "current_ratio": null,
            "debt_ratio": null,
            "inventory_turnover_ratio": null,
            "account_receivable_turnover_ratio": null,
            "reinvestment_rate": null,
            "research_to_sale_ratio": null,
            "price_fair": 0,
            "eps_avg_yearly": 0,
            "eps_latest_yearly": 0,
            "eps_growth_yearly": 0
        },
        "20092": {
            "year_quarter": 20092,
            "year": 2009,
            "quarter": 2,
            "eps": null,
            "eps_growth_year": null,
            "eps_4q": null,
            "eps_4q_growth_year": null,
            "roe": null,
            "roe_4q": 0,
            "gross_profit": null,
            "gross_margin": null,
            "gross_margin_4q_avg": 0,
            "net_income": null,
            "revenue": null,
            "common_shares": 0,
            "book_valuer_per_share": null,
            "book_valuer_per_share_4q_avg": 3.73,
            "equity": 0,
            "current_ratio": null,
            "debt_ratio": null,
            "inventory_turnover_ratio": null,
            "account_receivable_turnover_ratio": null,
            "reinvestment_rate": null,
            "research_to_sale_ratio": null,
            "price_fair": 0,
            "eps_avg_yearly": 0,
            "eps_latest_yearly": 0,
            "eps_growth_yearly": 0
        },
        "20093": {
            "year_quarter": 20093,
            "year": 2009,
            "quarter": 3,
            "eps": null,
            "eps_growth_year": null,
            "eps_4q": null,
            "eps_4q_growth_year": null,
            "roe": null,
            "roe_4q": 0,
            "gross_profit": null,
            "gross_margin": null,
            "gross_margin_4q_avg": 0,
            "net_income": null,
            "revenue": null,
            "common_shares": null,
            "book_valuer_per_share": null,
            "book_valuer_per_share_4q_avg": 3.73,
            "equity": null,
            "current_ratio": null,
            "debt_ratio": null,
            "inventory_turnover_ratio": null,
            "account_receivable_turnover_ratio": null,
            "reinvestment_rate": null,
            "research_to_sale_ratio": null,
            "price_fair": 0,
            "eps_avg_yearly": 0,
            "eps_latest_yearly": 0,
            "eps_growth_yearly": 0
        },
        "20094": {
            "year_quarter": 20094,
            "year": 2009,
            "quarter": 4,
            "eps": null,
            "eps_growth_year": null,
            "eps_4q": null,
            "eps_4q_growth_year": null,
            "roe": null,
            "roe_4q": 0,
            "gross_profit": null,
            "gross_margin": null,
            "gross_margin_4q_avg": 0,
            "net_income": null,
            "revenue": null,
            "common_shares": 220000,
            "book_valuer_per_share": 17.85,
            "book_valuer_per_share_4q_avg": 4.46,
            "equity": 430464,
            "current_ratio": 102.06,
            "debt_ratio": 58.76,
            "inventory_turnover_ratio": null,
            "account_receivable_turnover_ratio": null,
            "reinvestment_rate": null,
            "research_to_sale_ratio": null,
            "price_fair": 0,
            "eps_avg_yearly": 0,
            "eps_latest_yearly": 0,
            "eps_growth_yearly": 0
        },
        "20101": {
            "year_quarter": 20101,
            "year": 2010,
            "quarter": 1,
            "eps": null,
            "eps_growth_year": null,
            "eps_4q": null,
            "eps_4q_growth_year": null,
            "roe": null,
            "roe_4q": 0,
            "gross_profit": null,
            "gross_margin": null,
            "gross_margin_4q_avg": 0,
            "net_income": null,
            "revenue": null,
            "common_shares": null,
            "book_valuer_per_share": null,
            "book_valuer_per_share_4q_avg": 4.46,
            "equity": null,
            "current_ratio": null,
            "debt_ratio": null,
            "inventory_turnover_ratio": null,
            "account_receivable_turnover_ratio": null,
            "reinvestment_rate": null,
            "research_to_sale_ratio": null,
            "price_fair": 0,
            "eps_avg_yearly": 0,
            "eps_latest_yearly": 0,
            "eps_growth_yearly": 0
        },
        "20102": {
            "year_quarter": 20102,
            "year": 2010,
            "quarter": 2,
            "eps": null,
            "eps_growth_year": null,
            "eps_4q": null,
            "eps_4q_growth_year": null,
            "roe": null,
            "roe_4q": 0,
            "gross_profit": null,
            "gross_margin": null,
            "gross_margin_4q_avg": 0,
            "net_income": null,
            "revenue": null,
            "common_shares": 220000,
            "book_valuer_per_share": 18.8,
            "book_valuer_per_share_4q_avg": 9.16,
            "equity": 442444,
            "current_ratio": 95.57,
            "debt_ratio": 61.9,
            "inventory_turnover_ratio": null,
            "account_receivable_turnover_ratio": null,
            "reinvestment_rate": null,
            "research_to_sale_ratio": null,
            "price_fair": 0,
            "eps_avg_yearly": 0,
            "eps_latest_yearly": 0,
            "eps_growth_yearly": 0
        },
        "20103": {
            "year_quarter": 20103,
            "year": 2010,
            "quarter": 3,
            "eps": null,
            "eps_growth_year": null,
            "eps_4q": null,
            "eps_4q_growth_year": null,
            "roe": null,
            "roe_4q": 0,
            "gross_profit": 261507,
            "gross_margin": null,
            "gross_margin_4q_avg": 0,
            "net_income": 55025,
            "revenue": 926404,
            "common_shares": 220000,
            "book_valuer_per_share": 21.57,
            "book_valuer_per_share_4q_avg": 14.56,
            "equity": 500446,
            "current_ratio": 102.65,
            "debt_ratio": 57.92,
            "inventory_turnover_ratio": null,
            "account_receivable_turnover_ratio": null,
            "reinvestment_rate": null,
            "research_to_sale_ratio": null,
            "price_fair": 0,
            "eps_avg_yearly": 0,
            "eps_latest_yearly": 0,
            "eps_growth_yearly": 0
        },
        "20104": {
            "year_quarter": 20104,
            "year": 2010,
            "quarter": 4,
            "eps": null,
            "eps_growth_year": null,
            "eps_4q": null,
            "eps_4q_growth_year": null,
            "roe": null,
            "roe_4q": 0,
            "gross_profit": 233246,
            "gross_margin": null,
            "gross_margin_4q_avg": 0,
            "net_income": 24859,
            "revenue": 873747,
            "common_shares": 220000,
            "book_valuer_per_share": 22.81,
            "book_valuer_per_share_4q_avg": 15.8,
            "equity": 532080,
            "current_ratio": 98.57,
            "debt_ratio": 58.66,
            "inventory_turnover_ratio": null,
            "account_receivable_turnover_ratio": null,
            "reinvestment_rate": null,
            "research_to_sale_ratio": null,
            "price_fair": 0,
            "eps_avg_yearly": 0,
            "eps_latest_yearly": 0,
            "eps_growth_yearly": 0
        },
        "20111": {
            "year_quarter": 20111,
            "year": 2011,
            "quarter": 1,
            "eps": null,
            "eps_growth_year": null,
            "eps_4q": null,
            "eps_4q_growth_year": null,
            "roe": null,
            "roe_4q": 0,
            "gross_profit": 231980,
            "gross_margin": null,
            "gross_margin_4q_avg": 0,
            "net_income": 35790,
            "revenue": 887001,
            "common_shares": 220000,
            "book_valuer_per_share": 24.65,
            "book_valuer_per_share_4q_avg": 21.96,
            "equity": 665867,
            "current_ratio": 109.03,
            "debt_ratio": 51.65,
            "inventory_turnover_ratio": null,
            "account_receivable_turnover_ratio": null,
            "reinvestment_rate": null,
            "research_to_sale_ratio": null,
            "price_fair": 0,
            "eps_avg_yearly": 0,
            "eps_latest_yearly": 0,
            "eps_growth_yearly": 0
        },
        "20112": {
            "year_quarter": 20112,
            "year": 2011,
            "quarter": 2,
            "eps": 2.25,
            "eps_growth_year": null,
            "eps_4q": 2.25,
            "eps_4q_growth_year": null,
            "roe": 8.12,
            "roe_4q": 8.12,
            "gross_profit": 280371,
            "gross_margin": 27.42,
            "gross_margin_4q_avg": 6.86,
            "net_income": 54335,
            "revenue": 1022442,
            "common_shares": 220000,
            "book_valuer_per_share": 25.3,
            "book_valuer_per_share_4q_avg": 23.58,
            "equity": 672357,
            "current_ratio": 100.91,
            "debt_ratio": 57.94,
            "inventory_turnover_ratio": 18.65,
            "account_receivable_turnover_ratio": 39.83,
            "reinvestment_rate": null,
            "research_to_sale_ratio": null,
            "price_fair": 0,
            "eps_avg_yearly": 0,
            "eps_latest_yearly": 0,
            "eps_growth_yearly": 0
        },
        "20113": {
            "year_quarter": 20113,
            "year": 2011,
            "quarter": 3,
            "eps": 2.1,
            "eps_growth_year": null,
            "eps_4q": 4.35,
            "eps_4q_growth_year": null,
            "roe": 6.34,
            "roe_4q": 14.459999999999999,
            "gross_profit": 282951,
            "gross_margin": 25.78,
            "gross_margin_4q_avg": 13.3,
            "net_income": 44335,
            "revenue": 1097440,
            "common_shares": 242450,
            "book_valuer_per_share": 25.14,
            "book_valuer_per_share_4q_avg": 24.48,
            "equity": 725965,
            "current_ratio": 106.71,
            "debt_ratio": 55.33,
            "inventory_turnover_ratio": 17.05,
            "account_receivable_turnover_ratio": 20.78,
            "reinvestment_rate": null,
            "research_to_sale_ratio": null,
            "price_fair": 25.2,
            "eps_avg_yearly": 8.4,
            "eps_latest_yearly": 8.4,
            "eps_growth_yearly": -26.67
        },
        "20114": {
            "year_quarter": 20114,
            "year": 2011,
            "quarter": 4,
            "eps": 0.79,
            "eps_growth_year": null,
            "eps_4q": 4.37,
            "eps_4q_growth_year": null,
            "roe": 1.11,
            "roe_4q": 15.57,
            "gross_profit": 230822,
            "gross_margin": 22.8,
            "gross_margin_4q_avg": 19,
            "net_income": 12968,
            "revenue": 1012251,
            "common_shares": 294450,
            "book_valuer_per_share": 50.8,
            "book_valuer_per_share_4q_avg": 31.47,
            "equity": 1601370,
            "current_ratio": 185.64,
            "debt_ratio": 37.7,
            "inventory_turnover_ratio": 14.58,
            "account_receivable_turnover_ratio": 18.65,
            "reinvestment_rate": null,
            "research_to_sale_ratio": null,
            "price_fair": 17.34,
            "eps_avg_yearly": 5.78,
            "eps_latest_yearly": 3.16,
            "eps_growth_yearly": -138.1
        },
        "20121": {
            "year_quarter": 20121,
            "year": 2012,
            "quarter": 1,
            "eps": 1.12,
            "eps_growth_year": null,
            "eps_4q": 5.49,
            "eps_4q_growth_year": null,
            "roe": 1.17,
            "roe_4q": 16.740000000000002,
            "gross_profit": 269712,
            "gross_margin": 25.87,
            "gross_margin_4q_avg": 25.47,
            "net_income": 18913,
            "revenue": 1042529,
            "common_shares": 294450,
            "book_valuer_per_share": 51.94,
            "book_valuer_per_share_4q_avg": 38.3,
            "equity": 1618116,
            "current_ratio": 195.27,
            "debt_ratio": 34.98,
            "inventory_turnover_ratio": 13.97,
            "account_receivable_turnover_ratio": 19.24,
            "reinvestment_rate": null,
            "research_to_sale_ratio": null,
            "price_fair": 16.04,
            "eps_avg_yearly": 5.35,
            "eps_latest_yearly": 4.48,
            "eps_growth_yearly": -36.37
        },
        "20122": {
            "year_quarter": 20122,
            "year": 2012,
            "quarter": 2,
            "eps": 0.61,
            "eps_growth_year": -73,
            "eps_4q": 3.92,
            "eps_4q_growth_year": 74.45,
            "roe": 0.16,
            "roe_4q": 8.78,
            "gross_profit": 266579,
            "gross_margin": 24.95,
            "gross_margin_4q_avg": 24.85,
            "net_income": 2628,
            "revenue": 1068403,
            "common_shares": 294450,
            "book_valuer_per_share": 50.55,
            "book_valuer_per_share_4q_avg": 44.61,
            "equity": 1668722,
            "current_ratio": 185.4,
            "debt_ratio": 37.72,
            "inventory_turnover_ratio": 13.43,
            "account_receivable_turnover_ratio": 18.52,
            "reinvestment_rate": null,
            "research_to_sale_ratio": null,
            "price_fair": 13.86,
            "eps_avg_yearly": 4.62,
            "eps_latest_yearly": 2.44,
            "eps_growth_yearly": -72.81
        },
        "20123": {
            "year_quarter": 20123,
            "year": 2012,
            "quarter": 3,
            "eps": 0.85,
            "eps_growth_year": -59.81,
            "eps_4q": 3.19,
            "eps_4q_growth_year": -26.65,
            "roe": 0.7,
            "roe_4q": 3.1399999999999997,
            "gross_profit": 287550,
            "gross_margin": 24.53,
            "gross_margin_4q_avg": 24.54,
            "net_income": 11740,
            "revenue": 1172308,
            "common_shares": 323895,
            "book_valuer_per_share": 46.81,
            "book_valuer_per_share_4q_avg": 50.03,
            "equity": 1677375,
            "current_ratio": 180.55,
            "debt_ratio": 38.54,
            "inventory_turnover_ratio": 12.92,
            "account_receivable_turnover_ratio": 17.52,
            "reinvestment_rate": null,
            "research_to_sale_ratio": null,
            "price_fair": 13.13,
            "eps_avg_yearly": 4.38,
            "eps_latest_yearly": 3.4,
            "eps_growth_yearly": -26.77
        },
        "20124": {
            "year_quarter": 20124,
            "year": 2012,
            "quarter": 4,
            "eps": 0.69,
            "eps_growth_year": -12.12,
            "eps_4q": 3.16,
            "eps_4q_growth_year": -27.56,
            "roe": 0.12,
            "roe_4q": 2.15,
            "gross_profit": 234608,
            "gross_margin": 23.23,
            "gross_margin_4q_avg": 24.65,
            "net_income": 2069,
            "revenue": 1009867,
            "common_shares": 323895,
            "book_valuer_per_share": 47.49,
            "book_valuer_per_share_4q_avg": 49.2,
            "equity": 1678636,
            "current_ratio": 202.18,
            "debt_ratio": 34,
            "inventory_turnover_ratio": 11.78,
            "account_receivable_turnover_ratio": 14,
            "reinvestment_rate": null,
            "research_to_sale_ratio": null,
            "price_fair": 12.32,
            "eps_avg_yearly": 4.11,
            "eps_latest_yearly": 2.76,
            "eps_growth_yearly": -34.86
        },
        "20131": {
            "year_quarter": 20131,
            "year": 2013,
            "quarter": 1,
            "eps": 0.45,
            "eps_growth_year": -59.82,
            "eps_4q": 2.59,
            "eps_4q_growth_year": -52.75,
            "roe": 0.04,
            "roe_4q": 1.02,
            "gross_profit": 248590,
            "gross_margin": 24.06,
            "gross_margin_4q_avg": 24.19,
            "net_income": 690,
            "revenue": 1033222,
            "common_shares": 323895,
            "book_valuer_per_share": 47.91,
            "book_valuer_per_share_4q_avg": 48.19,
            "equity": 1682030,
            "current_ratio": 218.54,
            "debt_ratio": 31.86,
            "inventory_turnover_ratio": 14.49,
            "account_receivable_turnover_ratio": 14.99,
            "reinvestment_rate": null,
            "research_to_sale_ratio": null,
            "price_fair": 11.33,
            "eps_avg_yearly": 3.78,
            "eps_latest_yearly": 1.8,
            "eps_growth_yearly": -49.76
        },
        "20132": {
            "year_quarter": 20132,
            "year": 2013,
            "quarter": 2,
            "eps": 0.79,
            "eps_growth_year": 30.3,
            "eps_4q": 2.78,
            "eps_4q_growth_year": -29.13,
            "roe": 0.75,
            "roe_4q": 1.6099999999999999,
            "gross_profit": 268532,
            "gross_margin": 24.34,
            "gross_margin_4q_avg": 24.04,
            "net_income": 12383,
            "revenue": 1103347,
            "common_shares": 323895,
            "book_valuer_per_share": 46.1,
            "book_valuer_per_share_4q_avg": 47.08,
            "equity": 1613480,
            "current_ratio": 191.84,
            "debt_ratio": 37.13,
            "inventory_turnover_ratio": 17.27,
            "account_receivable_turnover_ratio": 15.74,
            "reinvestment_rate": null,
            "research_to_sale_ratio": null,
            "price_fair": 11.1,
            "eps_avg_yearly": 3.7,
            "eps_latest_yearly": 3.16,
            "eps_growth_yearly": -5.76
        },
        "20133": {
            "year_quarter": 20133,
            "year": 2013,
            "quarter": 3,
            "eps": 0.79,
            "eps_growth_year": -6.58,
            "eps_4q": 2.72,
            "eps_4q_growth_year": -14.62,
            "roe": 0.78,
            "roe_4q": 1.69,
            "gross_profit": 278397,
            "gross_margin": 24.1,
            "gross_margin_4q_avg": 23.93,
            "net_income": 12543,
            "revenue": 1155203,
            "common_shares": 323895,
            "book_valuer_per_share": 46.87,
            "book_valuer_per_share_4q_avg": 47.09,
            "equity": 1623483,
            "current_ratio": 207.4,
            "debt_ratio": 34.25,
            "inventory_turnover_ratio": 17.54,
            "account_receivable_turnover_ratio": 17.31,
            "reinvestment_rate": null,
            "research_to_sale_ratio": null,
            "price_fair": 10.92,
            "eps_avg_yearly": 3.64,
            "eps_latest_yearly": 3.16,
            "eps_growth_yearly": -5.12
        },
        "20134": {
            "year_quarter": 20134,
            "year": 2013,
            "quarter": 4,
            "eps": 0.42,
            "eps_growth_year": -39.59,
            "eps_4q": 2.45,
            "eps_4q_growth_year": -22.65,
            "roe": -0.11,
            "roe_4q": 1.46,
            "gross_profit": 245993,
            "gross_margin": 24.28,
            "gross_margin_4q_avg": 24.2,
            "net_income": -1844,
            "revenue": 1013136,
            "common_shares": 323895,
            "book_valuer_per_share": 47.13,
            "book_valuer_per_share_4q_avg": 47,
            "equity": 1618156,
            "current_ratio": 217.33,
            "debt_ratio": 32.93,
            "inventory_turnover_ratio": 15.47,
            "account_receivable_turnover_ratio": 17.98,
            "reinvestment_rate": null,
            "research_to_sale_ratio": null,
            "price_fair": 10.33,
            "eps_avg_yearly": 3.44,
            "eps_latest_yearly": 1.68,
            "eps_growth_yearly": -23.34
        },
        "20141": {
            "year_quarter": 20141,
            "year": 2014,
            "quarter": 1,
            "eps": 0.47,
            "eps_growth_year": 4.44,
            "eps_4q": 2.47,
            "eps_4q_growth_year": -4.63,
            "roe": 0.22,
            "roe_4q": 1.6400000000000001,
            "gross_profit": 254689,
            "gross_margin": 25.16,
            "gross_margin_4q_avg": 24.47,
            "net_income": 3630,
            "revenue": 1012109,
            "common_shares": 323895,
            "book_valuer_per_share": 47.62,
            "book_valuer_per_share_4q_avg": 46.93,
            "equity": 1622296,
            "current_ratio": 222.34,
            "debt_ratio": 32.96,
            "inventory_turnover_ratio": 18.01,
            "account_receivable_turnover_ratio": 19.53,
            "reinvestment_rate": null,
            "research_to_sale_ratio": null,
            "price_fair": 9.91,
            "eps_avg_yearly": 3.3,
            "eps_latest_yearly": 1.88,
            "eps_growth_yearly": -16.89
        },
        "20142": {
            "year_quarter": 20142,
            "year": 2014,
            "quarter": 2,
            "eps": 1.01,
            "eps_growth_year": 27.85,
            "eps_4q": 2.69,
            "eps_4q_growth_year": -3.25,
            "roe": 1.32,
            "roe_4q": 2.21,
            "gross_profit": 293496,
            "gross_margin": 27.13,
            "gross_margin_4q_avg": 25.17,
            "net_income": 21030,
            "revenue": 1081690,
            "common_shares": 323895,
            "book_valuer_per_share": 46.57,
            "book_valuer_per_share_4q_avg": 47.05,
            "equity": 1575339,
            "current_ratio": 203.76,
            "debt_ratio": 37.54,
            "inventory_turnover_ratio": 19.69,
            "account_receivable_turnover_ratio": 20.72,
            "reinvestment_rate": 22.34,
            "research_to_sale_ratio": null,
            "price_fair": 110.37,
            "eps_avg_yearly": 3.36,
            "eps_latest_yearly": 4.04,
            "eps_growth_yearly": 22.82
        },
        "20143": {
            "year_quarter": 20143,
            "year": 2014,
            "quarter": 3,
            "eps": 1.27,
            "eps_growth_year": 60.76,
            "eps_4q": 3.17,
            "eps_4q_growth_year": 16.46,
            "roe": 1.91,
            "roe_4q": 3.3400000000000003,
            "gross_profit": 312505,
            "gross_margin": 26.56,
            "gross_margin_4q_avg": 25.78,
            "net_income": 30587,
            "revenue": 1176711,
            "common_shares": 323895,
            "book_valuer_per_share": 47.9,
            "book_valuer_per_share_4q_avg": 47.31,
            "equity": 1627776,
            "current_ratio": 220.01,
            "debt_ratio": 35.63,
            "inventory_turnover_ratio": 20.52,
            "account_receivable_turnover_ratio": 21.08,
            "reinvestment_rate": 16.87,
            "research_to_sale_ratio": null,
            "price_fair": 122.34,
            "eps_avg_yearly": 3.5,
            "eps_latest_yearly": 5.08,
            "eps_growth_yearly": 28.98
        },
        "20144": {
            "year_quarter": 20144,
            "year": 2014,
            "quarter": 4,
            "eps": 0.11,
            "eps_growth_year": -73.3,
            "eps_4q": 2.86,
            "eps_4q_growth_year": 16.98,
            "roe": -0.62,
            "roe_4q": 2.8300000000000005,
            "gross_profit": 223277,
            "gross_margin": 22.73,
            "gross_margin_4q_avg": 25.4,
            "net_income": -10075,
            "revenue": 982242,
            "common_shares": 323895,
            "book_valuer_per_share": 47.91,
            "book_valuer_per_share_4q_avg": 47.5,
            "equity": 1616481,
            "current_ratio": 232.66,
            "debt_ratio": 33.76,
            "inventory_turnover_ratio": 17.59,
            "account_receivable_turnover_ratio": 18.82,
            "reinvestment_rate": -6.7,
            "research_to_sale_ratio": null,
            "price_fair": 32.77,
            "eps_avg_yearly": 3.28,
            "eps_latest_yearly": 0.44,
            "eps_growth_yearly": 0.81
        },
        "20151": {
            "year_quarter": 20151,
            "year": 2015,
            "quarter": 1,
            "eps": 0.79,
            "eps_growth_year": 68.09,
            "eps_4q": 3.18,
            "eps_4q_growth_year": 28.62,
            "roe": 0.98,
            "roe_4q": 3.59,
            "gross_profit": 271703,
            "gross_margin": 25.79,
            "gross_margin_4q_avg": 25.55,
            "net_income": 15952,
            "revenue": 1053392,
            "common_shares": 323895,
            "book_valuer_per_share": 48.58,
            "book_valuer_per_share_4q_avg": 47.74,
            "equity": 1627597,
            "current_ratio": 241.84,
            "debt_ratio": 33.28,
            "inventory_turnover_ratio": 17.94,
            "account_receivable_turnover_ratio": 22.74,
            "reinvestment_rate": -14.32,
            "research_to_sale_ratio": null,
            "price_fair": 114.43,
            "eps_avg_yearly": 3.27,
            "eps_latest_yearly": 3.16,
            "eps_growth_yearly": 165.61
        },
        "20152": {
            "year_quarter": 20152,
            "year": 2015,
            "quarter": 2,
            "eps": 1.07,
            "eps_growth_year": 5.94,
            "eps_4q": 3.24,
            "eps_4q_growth_year": 20.78,
            "roe": 1.14,
            "roe_4q": 3.41,
            "gross_profit": 298100,
            "gross_margin": 26.85,
            "gross_margin_4q_avg": 25.48,
            "net_income": 18201,
            "revenue": 1110130,
            "common_shares": 323895,
            "book_valuer_per_share": 47.26,
            "book_valuer_per_share_4q_avg": 47.91,
            "equity": 1567797,
            "current_ratio": 215.62,
            "debt_ratio": 38.34,
            "inventory_turnover_ratio": 18.86,
            "account_receivable_turnover_ratio": 22.03,
            "reinvestment_rate": -51.29,
            "research_to_sale_ratio": null,
            "price_fair": 116.64,
            "eps_avg_yearly": 3.33,
            "eps_latest_yearly": 4.28,
            "eps_growth_yearly": 164.12
        },
        "20153": {
            "year_quarter": 20153,
            "year": 2015,
            "quarter": 3,
            "eps": 1.66,
            "eps_growth_year": 30.71,
            "eps_4q": 3.63,
            "eps_4q_growth_year": 14.67,
            "roe": 2.74,
            "roe_4q": 4.239999999999999,
            "gross_profit": 329686,
            "gross_margin": 27.94,
            "gross_margin_4q_avg": 25.83,
            "net_income": 44151,
            "revenue": 1179926,
            "common_shares": 323895,
            "book_valuer_per_share": 49.07,
            "book_valuer_per_share_4q_avg": 48.21,
            "equity": 1654322,
            "current_ratio": 236.2,
            "debt_ratio": 35.34,
            "inventory_turnover_ratio": 19.71,
            "account_receivable_turnover_ratio": 21.05,
            "reinvestment_rate": -52.44,
            "research_to_sale_ratio": null,
            "price_fair": 112.79,
            "eps_avg_yearly": 3.22,
            "eps_latest_yearly": 6.64,
            "eps_growth_yearly": 179.57
        },
        "20154": {
            "year_quarter": 20154,
            "year": 2015,
            "quarter": 4,
            "eps": 0.53,
            "eps_growth_year": 373.28,
            "eps_4q": 4.05,
            "eps_4q_growth_year": 41.56,
            "roe": 0.48,
            "roe_4q": 5.34,
            "gross_profit": 272227,
            "gross_margin": 25.18,
            "gross_margin_4q_avg": 26.44,
            "net_income": 8024,
            "revenue": 1081102,
            "common_shares": 323895,
            "book_valuer_per_share": 49.52,
            "book_valuer_per_share_4q_avg": 48.61,
            "equity": 1657641,
            "current_ratio": 229.18,
            "debt_ratio": 36.51,
            "inventory_turnover_ratio": 18.82,
            "account_receivable_turnover_ratio": 18.09,
            "reinvestment_rate": -78.21,
            "research_to_sale_ratio": null,
            "price_fair": 110.51,
            "eps_avg_yearly": 3.16,
            "eps_latest_yearly": 2.12,
            "eps_growth_yearly": 178.15
        },
        "20161": {
            "year_quarter": 20161,
            "year": 2016,
            "quarter": 1,
            "eps": 1.02,
            "eps_growth_year": 29.11,
            "eps_4q": 4.28,
            "eps_4q_growth_year": 34.64,
            "roe": 1.56,
            "roe_4q": 5.92,
            "gross_profit": 294003,
            "gross_margin": 26.42,
            "gross_margin_4q_avg": 26.6,
            "net_income": 25979,
            "revenue": 1112922,
            "common_shares": 323895,
            "book_valuer_per_share": 50.53,
            "book_valuer_per_share_4q_avg": 49.1,
            "equity": 1683129,
            "current_ratio": 240.52,
            "debt_ratio": 34.7,
            "inventory_turnover_ratio": 19.12,
            "account_receivable_turnover_ratio": 18.44,
            "reinvestment_rate": -86.65,
            "research_to_sale_ratio": null,
            "price_fair": 109.64,
            "eps_avg_yearly": 3.13,
            "eps_latest_yearly": 4.08,
            "eps_growth_yearly": 190.82
        },
        "20162": {
            "year_quarter": 20162,
            "year": 2016,
            "quarter": 2,
            "eps": 2.02,
            "eps_growth_year": 88.78,
            "eps_4q": 5.23,
            "eps_4q_growth_year": 61.25,
            "roe": 3.57,
            "roe_4q": 8.35,
            "gross_profit": 333764,
            "gross_margin": 28.05,
            "gross_margin_4q_avg": 26.9,
            "net_income": 59513,
            "revenue": 1189745,
            "common_shares": 323895,
            "book_valuer_per_share": 49.73,
            "book_valuer_per_share_4q_avg": 49.71,
            "equity": 1650584,
            "current_ratio": 222.18,
            "debt_ratio": 38.17,
            "inventory_turnover_ratio": 21.25,
            "account_receivable_turnover_ratio": 18.61,
            "reinvestment_rate": -91.96,
            "research_to_sale_ratio": null,
            "price_fair": 121.98,
            "eps_avg_yearly": 3.49,
            "eps_latest_yearly": 8.08,
            "eps_growth_yearly": 226.71
        },
        "20163": {
            "year_quarter": 20163,
            "year": 2016,
            "quarter": 3,
            "eps": 1.71,
            "eps_growth_year": 3.01,
            "eps_4q": 5.29,
            "eps_4q_growth_year": 45.56,
            "roe": 3.04,
            "roe_4q": 8.65,
            "gross_profit": 341722,
            "gross_margin": 28.18,
            "gross_margin_4q_avg": 26.96,
            "net_income": 50833,
            "revenue": 1212632,
            "common_shares": 323895,
            "book_valuer_per_share": 51.34,
            "book_valuer_per_share_4q_avg": 50.28,
            "equity": 1692188,
            "current_ratio": 233.33,
            "debt_ratio": 35.83,
            "inventory_turnover_ratio": 22.98,
            "account_receivable_turnover_ratio": 17.81,
            "reinvestment_rate": -84.21,
            "research_to_sale_ratio": null,
            "price_fair": 129.5,
            "eps_avg_yearly": 3.7,
            "eps_latest_yearly": 6.84,
            "eps_growth_yearly": 213.04
        },
        "20164": {
            "year_quarter": 20164,
            "year": 2016,
            "quarter": 4,
            "eps": 0.62,
            "eps_growth_year": 17.55,
            "eps_4q": 5.38,
            "eps_4q_growth_year": 32.9,
            "roe": 0.85,
            "roe_4q": 9.02,
            "gross_profit": 304033,
            "gross_margin": 26.48,
            "gross_margin_4q_avg": 27.28,
            "net_income": 14485,
            "revenue": 1148286,
            "common_shares": 323895,
            "book_valuer_per_share": 51.84,
            "book_valuer_per_share_4q_avg": 50.86,
            "equity": 1700908,
            "current_ratio": 220.99,
            "debt_ratio": 38.38,
            "inventory_turnover_ratio": 21.09,
            "account_receivable_turnover_ratio": 16.13,
            "reinvestment_rate": -81.38,
            "research_to_sale_ratio": null,
            "price_fair": 128.89,
            "eps_avg_yearly": 3.68,
            "eps_latest_yearly": 2.48,
            "eps_growth_yearly": 201.81
        },
        "20171": {
            "year_quarter": 20171,
            "year": 2017,
            "quarter": 1,
            "eps": 1.2,
            "eps_growth_year": 17.65,
            "eps_4q": 5.56,
            "eps_4q_growth_year": 29.89,
            "roe": 2,
            "roe_4q": 9.46,
            "gross_profit": 298775,
            "gross_margin": 25.82,
            "gross_margin_4q_avg": 27.13,
            "net_income": 34294,
            "revenue": 1156999,
            "common_shares": 323895,
            "book_valuer_per_share": 53.03,
            "book_valuer_per_share_4q_avg": 51.49,
            "equity": 1733694,
            "current_ratio": 242.02,
            "debt_ratio": 34.99,
            "inventory_turnover_ratio": 20.83,
            "account_receivable_turnover_ratio": 16.84,
            "reinvestment_rate": -69.5,
            "research_to_sale_ratio": null,
            "price_fair": 135.45,
            "eps_avg_yearly": 3.87,
            "eps_latest_yearly": 4.8,
            "eps_growth_yearly": 233.89
        },
        "20172": {
            "year_quarter": 20172,
            "year": 2017,
            "quarter": 2,
            "eps": 1.53,
            "eps_growth_year": -24.26,
            "eps_4q": 5.07,
            "eps_4q_growth_year": -3.01,
            "roe": 2.56,
            "roe_4q": 8.45,
            "gross_profit": 326846,
            "gross_margin": 26.37,
            "gross_margin_4q_avg": 26.71,
            "net_income": 44238,
            "revenue": 1239633,
            "common_shares": 323895,
            "book_valuer_per_share": 51.62,
            "book_valuer_per_share_4q_avg": 51.96,
            "equity": 1719897,
            "current_ratio": 220.55,
            "debt_ratio": 38.52,
            "inventory_turnover_ratio": 21.2,
            "account_receivable_turnover_ratio": 19.71,
            "reinvestment_rate": -59.75,
            "research_to_sale_ratio": null,
            "price_fair": 141.93,
            "eps_avg_yearly": 4.06,
            "eps_latest_yearly": 6.12,
            "eps_growth_yearly": 221.88
        },
        "20173": {
            "year_quarter": 20173,
            "year": 2017,
            "quarter": 3,
            "eps": 1.76,
            "eps_growth_year": 2.92,
            "eps_4q": 5.12,
            "eps_4q_growth_year": -3.19,
            "roe": 3.01,
            "roe_4q": 8.42,
            "gross_profit": 347810,
            "gross_margin": 26.73,
            "gross_margin_4q_avg": 26.35,
            "net_income": 52472,
            "revenue": 1301026,
            "common_shares": 323895,
            "book_valuer_per_share": 53.28,
            "book_valuer_per_share_4q_avg": 52.44,
            "equity": 1769760,
            "current_ratio": 233.9,
            "debt_ratio": 35.72,
            "inventory_turnover_ratio": 19.76,
            "account_receivable_turnover_ratio": 19.92,
            "reinvestment_rate": -48.74,
            "research_to_sale_ratio": null,
            "price_fair": 150.41,
            "eps_avg_yearly": 4.3,
            "eps_latest_yearly": 7.04,
            "eps_growth_yearly": 225.64
        },
        "20174": {
            "year_quarter": 20174,
            "year": 2017,
            "quarter": 4,
            "eps": 0.73,
            "eps_growth_year": 16.79,
            "eps_4q": 5.23,
            "eps_4q_growth_year": -2.96,
            "roe": 1,
            "roe_4q": 8.57,
            "gross_profit": 303358,
            "gross_margin": 24.83,
            "gross_margin_4q_avg": 25.94,
            "net_income": 17708,
            "revenue": 1221654,
            "common_shares": 323895,
            "book_valuer_per_share": 53.8,
            "book_valuer_per_share_4q_avg": 52.93,
            "equity": 1780933,
            "current_ratio": 210.1,
            "debt_ratio": 39.71,
            "inventory_turnover_ratio": 19.05,
            "account_receivable_turnover_ratio": 16.18,
            "reinvestment_rate": -34.4,
            "research_to_sale_ratio": null,
            "price_fair": 153.13,
            "eps_avg_yearly": 4.38,
            "eps_latest_yearly": 2.92,
            "eps_growth_yearly": 222.71
        },
        "20181": {
            "year_quarter": 20181,
            "year": 2018,
            "quarter": 1,
            "eps": 0.8,
            "eps_growth_year": -33.33,
            "eps_4q": 4.83,
            "eps_4q_growth_year": -13.2,
            "roe": 1.2,
            "roe_4q": 7.77,
            "gross_profit": 300863,
            "gross_margin": 24.35,
            "gross_margin_4q_avg": 25.57,
            "net_income": 21568,
            "revenue": 1235482,
            "common_shares": 323895,
            "book_valuer_per_share": 54.64,
            "book_valuer_per_share_4q_avg": 53.34,
            "equity": 1804202,
            "current_ratio": 232.41,
            "debt_ratio": 35.08,
            "inventory_turnover_ratio": 19.26,
            "account_receivable_turnover_ratio": 16.35,
            "reinvestment_rate": -25.77,
            "research_to_sale_ratio": null,
            "price_fair": 156.01,
            "eps_avg_yearly": 4.46,
            "eps_latest_yearly": 3.2,
            "eps_growth_yearly": 222.14
        },
        "20182": {
            "year_quarter": 20182,
            "year": 2018,
            "quarter": 2,
            "eps": 1.25,
            "eps_growth_year": -18.3,
            "eps_4q": 4.54,
            "eps_4q_growth_year": -10.44,
            "roe": 2.02,
            "roe_4q": 7.2299999999999995,
            "gross_profit": 332361,
            "gross_margin": 25.41,
            "gross_margin_4q_avg": 25.33,
            "net_income": 35639,
            "revenue": 1308106,
            "common_shares": 323895,
            "book_valuer_per_share": 52.38,
            "book_valuer_per_share_4q_avg": 53.53,
            "equity": 1726558,
            "current_ratio": 189.82,
            "debt_ratio": 42.61,
            "inventory_turnover_ratio": 19.56,
            "account_receivable_turnover_ratio": 15.94,
            "reinvestment_rate": -8.02,
            "research_to_sale_ratio": null,
            "price_fair": 158.11,
            "eps_avg_yearly": 4.52,
            "eps_latest_yearly": 5,
            "eps_growth_yearly": 207.47
        },
        "20183": {
            "year_quarter": 20183,
            "year": 2018,
            "quarter": 3,
            "eps": 1.61,
            "eps_growth_year": -8.52,
            "eps_4q": 4.39,
            "eps_4q_growth_year": -14.33,
            "roe": 2.66,
            "roe_4q": 6.88,
            "gross_profit": 351366,
            "gross_margin": 25.06,
            "gross_margin_4q_avg": 24.91,
            "net_income": 46464,
            "revenue": 1401835,
            "common_shares": 323895,
            "book_valuer_per_share": 53.94,
            "book_valuer_per_share_4q_avg": 53.69,
            "equity": 1770528,
            "current_ratio": 204.56,
            "debt_ratio": 39.51,
            "inventory_turnover_ratio": 22.62,
            "account_receivable_turnover_ratio": 13.92,
            "reinvestment_rate": -3.05,
            "research_to_sale_ratio": null,
            "price_fair": 161.09,
            "eps_avg_yearly": 4.6,
            "eps_latest_yearly": 6.44,
            "eps_growth_yearly": 208.24
        },
        "20184": {
            "year_quarter": 20184,
            "year": 2018,
            "quarter": 4,
            "eps": 0.7,
            "eps_growth_year": -3.99,
            "eps_4q": 4.36,
            "eps_4q_growth_year": -16.59,
            "roe": 0.97,
            "roe_4q": 6.8500000000000005,
            "gross_profit": 372643,
            "gross_margin": 28.52,
            "gross_margin_4q_avg": 25.84,
            "net_income": 17349,
            "revenue": 1306681,
            "common_shares": 323895,
            "book_valuer_per_share": 54.67,
            "book_valuer_per_share_4q_avg": 53.91,
            "equity": 1788856,
            "current_ratio": 207.57,
            "debt_ratio": 39.37,
            "inventory_turnover_ratio": 21.66,
            "account_receivable_turnover_ratio": 12.72,
            "reinvestment_rate": -0.96,
            "research_to_sale_ratio": null,
            "price_fair": 166.25,
            "eps_avg_yearly": 4.75,
            "eps_latest_yearly": 2.8,
            "eps_growth_yearly": 216.94
        },
        "20191": {
            "year_quarter": 20191,
            "year": 2019,
            "quarter": 1,
            "eps": 0.87,
            "eps_growth_year": 8.75,
            "eps_4q": 4.42,
            "eps_4q_growth_year": -8.39,
            "roe": 1.31,
            "roe_4q": 6.960000000000001,
            "gross_profit": 320495,
            "gross_margin": 24.61,
            "gross_margin_4q_avg": 25.9,
            "net_income": 23886,
            "revenue": 1302091,
            "common_shares": 323895,
            "book_valuer_per_share": 55.8,
            "book_valuer_per_share_4q_avg": 54.2,
            "equity": 1849787,
            "current_ratio": 155.2,
            "debt_ratio": 60.69,
            "inventory_turnover_ratio": 22.86,
            "account_receivable_turnover_ratio": 12.51,
            "reinvestment_rate": 0.26,
            "research_to_sale_ratio": null,
            "price_fair": 166.95,
            "eps_avg_yearly": 4.77,
            "eps_latest_yearly": 3.48,
            "eps_growth_yearly": 68.47
        },
        "20192": {
            "year_quarter": 20192,
            "year": 2019,
            "quarter": 2,
            "eps": 1.38,
            "eps_growth_year": 10.4,
            "eps_4q": 4.55,
            "eps_4q_growth_year": 0.23,
            "roe": 2.26,
            "roe_4q": 7.2,
            "gross_profit": 366985,
            "gross_margin": 26.64,
            "gross_margin_4q_avg": 26.21,
            "net_income": 41249,
            "revenue": 1377328,
            "common_shares": 323895,
            "book_valuer_per_share": 54.17,
            "book_valuer_per_share_4q_avg": 54.65,
            "equity": 1793652,
            "current_ratio": 147.62,
            "debt_ratio": 62.68,
            "inventory_turnover_ratio": 22.98,
            "account_receivable_turnover_ratio": 12.34,
            "reinvestment_rate": 5.19,
            "research_to_sale_ratio": null,
            "price_fair": 169.66,
            "eps_avg_yearly": 4.85,
            "eps_latest_yearly": 5.52,
            "eps_growth_yearly": 74.26
        },
        "20193": {
            "year_quarter": 20193,
            "year": 2019,
            "quarter": 3,
            "eps": 2.11,
            "eps_growth_year": 31.06,
            "eps_4q": 5.06,
            "eps_4q_growth_year": 15.27,
            "roe": 3.56,
            "roe_4q": 8.100000000000001,
            "gross_profit": 395027,
            "gross_margin": 27.33,
            "gross_margin_4q_avg": 26.78,
            "net_income": 64929,
            "revenue": 1445520,
            "common_shares": 323895,
            "book_valuer_per_share": 56.15,
            "book_valuer_per_share_4q_avg": 55.2,
            "equity": 1852791,
            "current_ratio": 150.94,
            "debt_ratio": 61.46,
            "inventory_turnover_ratio": 22.78,
            "account_receivable_turnover_ratio": 12.18,
            "reinvestment_rate": 7.27,
            "research_to_sale_ratio": null,
            "price_fair": 173.6,
            "eps_avg_yearly": 4.96,
            "eps_latest_yearly": 8.44,
            "eps_growth_yearly": 73.7
        },
        "20194": {
            "year_quarter": 20194,
            "year": 2019,
            "quarter": 4,
            "eps": 0.66,
            "eps_growth_year": -5.56,
            "eps_4q": 5.02,
            "eps_4q_growth_year": 15.14,
            "roe": 0.92,
            "roe_4q": 8.05,
            "gross_profit": 340442,
            "gross_margin": 25.04,
            "gross_margin_4q_avg": 25.91,
            "net_income": 17167,
            "revenue": 1359553,
            "common_shares": 323895,
            "book_valuer_per_share": 56.6,
            "book_valuer_per_share_4q_avg": 55.68,
            "equity": 1862870,
            "current_ratio": 156.52,
            "debt_ratio": 59.24,
            "inventory_turnover_ratio": 21.17,
            "account_receivable_turnover_ratio": 13.07,
            "reinvestment_rate": 12.67,
            "research_to_sale_ratio": null,
            "price_fair": 174.74,
            "eps_avg_yearly": 4.99,
            "eps_latest_yearly": 2.64,
            "eps_growth_yearly": 73.54
        },
        "20201": {
            "year_quarter": 20201,
            "year": 2020,
            "quarter": 1,
            "eps": 0.13,
            "eps_growth_year": -85.06,
            "eps_4q": 4.28,
            "eps_4q_growth_year": -3.27,
            "roe": 0.02,
            "roe_4q": 6.76,
            "gross_profit": 312032,
            "gross_margin": 24.35,
            "gross_margin_4q_avg": 25.84,
            "net_income": 327,
            "revenue": 1281282,
            "common_shares": 323895,
            "book_valuer_per_share": 56.13,
            "book_valuer_per_share_4q_avg": 55.76,
            "equity": 1843543,
            "current_ratio": 141.95,
            "debt_ratio": 59.05,
            "inventory_turnover_ratio": 19.53,
            "account_receivable_turnover_ratio": 16.03,
            "reinvestment_rate": 14.87,
            "research_to_sale_ratio": null,
            "price_fair": 166.95,
            "eps_avg_yearly": 4.77,
            "eps_latest_yearly": 0.52,
            "eps_growth_yearly": 30.35
        },
        "20202": {
            "year_quarter": 20202,
            "year": 2020,
            "quarter": 2,
            "eps": 1.49,
            "eps_growth_year": 7.97,
            "eps_4q": 4.39,
            "eps_4q_growth_year": -3.66,
            "roe": 2.48,
            "roe_4q": 6.98,
            "gross_profit": 340235,
            "gross_margin": 26.58,
            "gross_margin_4q_avg": 25.83,
            "net_income": 45532,
            "revenue": 1279832,
            "common_shares": 323895,
            "book_valuer_per_share": 55.72,
            "book_valuer_per_share_4q_avg": 56.15,
            "equity": 1827133,
            "current_ratio": 136.91,
            "debt_ratio": 60.43,
            "inventory_turnover_ratio": 16.87,
            "account_receivable_turnover_ratio": 15.5,
            "reinvestment_rate": 16.1,
            "research_to_sale_ratio": null,
            "price_fair": 162.31,
            "eps_avg_yearly": 4.64,
            "eps_latest_yearly": 5.96,
            "eps_growth_yearly": 267.38
        },
        "20203": {
            "year_quarter": 20203,
            "year": 2020,
            "quarter": 3,
            "eps": 2.19,
            "eps_growth_year": 3.79,
            "eps_4q": 4.47,
            "eps_4q_growth_year": -11.66,
            "roe": 3.71,
            "roe_4q": 7.129999999999999,
            "gross_profit": 404995,
            "gross_margin": 27.8,
            "gross_margin_4q_avg": 25.94,
            "net_income": 69607,
            "revenue": 1456645,
            "common_shares": 323895,
            "book_valuer_per_share": 58.51,
            "book_valuer_per_share_4q_avg": 56.74,
            "equity": 1925578,
            "current_ratio": 142.88,
            "debt_ratio": 58.85,
            "inventory_turnover_ratio": 17.25,
            "account_receivable_turnover_ratio": 15.66,
            "reinvestment_rate": 8.53,
            "research_to_sale_ratio": null,
            "price_fair": 166.51,
            "eps_avg_yearly": 4.76,
            "eps_latest_yearly": 8.76,
            "eps_growth_yearly": 282.96
        },
        "20204": {
            "year_quarter": 20204,
            "year": 2020,
            "quarter": 4,
            "eps": 1.15,
            "eps_growth_year": 74.02,
            "eps_4q": 4.96,
            "eps_4q_growth_year": -1.25,
            "roe": 1.81,
            "roe_4q": 8.02,
            "gross_profit": 336216,
            "gross_margin": 25.39,
            "gross_margin_4q_avg": 26.03,
            "net_income": 34972,
            "revenue": 1324335,
            "common_shares": 323895,
            "book_valuer_per_share": 58.98,
            "book_valuer_per_share_4q_avg": 57.34,
            "equity": 1939491,
            "current_ratio": 142.51,
            "debt_ratio": 58.41,
            "inventory_turnover_ratio": 16.44,
            "account_receivable_turnover_ratio": 14.55,
            "reinvestment_rate": 9.9,
            "research_to_sale_ratio": null,
            "price_fair": 171.15,
            "eps_avg_yearly": 4.89,
            "eps_latest_yearly": 4.6,
            "eps_growth_yearly": 287.03
        },
        "20211": {
            "year_quarter": 20211,
            "year": 2021,
            "quarter": 1,
            "eps": 0.65,
            "eps_growth_year": 400,
            "eps_4q": 5.48,
            "eps_4q_growth_year": 27.99,
            "roe": 0.92,
            "roe_4q": 8.92,
            "gross_profit": 311847,
            "gross_margin": 24.26,
            "gross_margin_4q_avg": 26.01,
            "net_income": 18418,
            "revenue": 1285183,
            "common_shares": 323895,
            "book_valuer_per_share": 62.78,
            "book_valuer_per_share_4q_avg": 59,
            "equity": 2059484,
            "current_ratio": 130.56,
            "debt_ratio": 56.41,
            "inventory_turnover_ratio": 16.93,
            "account_receivable_turnover_ratio": 14.35,
            "reinvestment_rate": 51.5,
            "research_to_sale_ratio": null,
            "price_fair": 166.34,
            "eps_avg_yearly": 4.75,
            "eps_latest_yearly": 2.6,
            "eps_growth_yearly": 252.77
        },
        "20212": {
            "year_quarter": 20212,
            "year": 2021,
            "quarter": 2,
            "eps": 0,
            "eps_growth_year": -100,
            "eps_4q": 3.99,
            "eps_4q_growth_year": -9.1,
            "roe": -0.08,
            "roe_4q": 6.36,
            "gross_profit": 281175,
            "gross_margin": 23.65,
            "gross_margin_4q_avg": 25.28,
            "net_income": -1713,
            "revenue": 1188679,
            "common_shares": 323895,
            "book_valuer_per_share": 68.5,
            "book_valuer_per_share_4q_avg": 62.19,
            "equity": 2241890,
            "current_ratio": 140.21,
            "debt_ratio": 54.93,
            "inventory_turnover_ratio": 16.37,
            "account_receivable_turnover_ratio": 14.29,
            "reinvestment_rate": 59.29,
            "research_to_sale_ratio": null,
            "price_fair": 163.15,
            "eps_avg_yearly": 4.66,
            "eps_latest_yearly": 2.6,
            "eps_growth_yearly": 262.29
        },
        "20213": {
            "year_quarter": 20213,
            "year": 2021,
            "quarter": 3,
            "eps": 0.43,
            "eps_growth_year": -80.37,
            "eps_4q": 2.22,
            "eps_4q_growth_year": -50.27,
            "roe": 0.55,
            "roe_4q": 3.2,
            "gross_profit": 314433,
            "gross_margin": 25.68,
            "gross_margin_4q_avg": 24.75,
            "net_income": 11671,
            "revenue": 1224592,
            "common_shares": 323895,
            "book_valuer_per_share": 61.95,
            "book_valuer_per_share_4q_avg": 63.05,
            "equity": 2035412,
            "current_ratio": 120.9,
            "debt_ratio": 59.05,
            "inventory_turnover_ratio": 15.87,
            "account_receivable_turnover_ratio": 14.53,
            "reinvestment_rate": 70.46,
            "research_to_sale_ratio": null,
            "price_fair": 157.2,
            "eps_avg_yearly": 4.49,
            "eps_latest_yearly": 2.6,
            "eps_growth_yearly": 276.73
        },
        "20214": {
            "year_quarter": 20214,
            "year": 2021,
            "quarter": 4,
            "eps": 1.99,
            "eps_growth_year": 73.37,
            "eps_4q": 3.07,
            "eps_4q_growth_year": -38.11,
            "roe": 2.94,
            "roe_4q": 4.33,
            "gross_profit": 330525,
            "gross_margin": 24.74,
            "gross_margin_4q_avg": 24.58,
            "net_income": 60569,
            "revenue": 1335728,
            "common_shares": 323895,
            "book_valuer_per_share": 63.79,
            "book_valuer_per_share_4q_avg": 64.26,
            "equity": 2091290,
            "current_ratio": 121.77,
            "debt_ratio": 60.44,
            "inventory_turnover_ratio": 16.11,
            "account_receivable_turnover_ratio": 12.9,
            "reinvestment_rate": 60.32,
            "research_to_sale_ratio": null,
            "price_fair": 169.8,
            "eps_avg_yearly": 4.85,
            "eps_latest_yearly": 7.96,
            "eps_growth_yearly": 397.1
        },
        "20221": {
            "year_quarter": 20221,
            "year": 2022,
            "quarter": 1,
            "eps": 0.41,
            "eps_growth_year": -36.92,
            "eps_4q": 2.83,
            "eps_4q_growth_year": -48.23,
            "roe": 0.42,
            "roe_4q": 3.83,
            "gross_profit": 329715,
            "gross_margin": 24.65,
            "gross_margin_4q_avg": 24.68,
            "net_income": 8558,
            "revenue": 1337517,
            "common_shares": 323895,
            "book_valuer_per_share": 61.65,
            "book_valuer_per_share_4q_avg": 63.97,
            "equity": 2024904,
            "current_ratio": 111.7,
            "debt_ratio": 61.66,
            "inventory_turnover_ratio": 15.67,
            "account_receivable_turnover_ratio": 11.73,
            "reinvestment_rate": 74.85,
            "research_to_sale_ratio": null,
            "price_fair": 165.9,
            "eps_avg_yearly": 4.74,
            "eps_latest_yearly": 1.64,
            "eps_growth_yearly": 371.68
        },
        "20222": {
            "year_quarter": 20222,
            "year": 2022,
            "quarter": 2,
            "eps": 0.72,
            "eps_growth_year": null,
            "eps_4q": 3.55,
            "eps_4q_growth_year": -10.88,
            "roe": 1.11,
            "roe_4q": 5.02,
            "gross_profit": 361905,
            "gross_margin": 25.7,
            "gross_margin_4q_avg": 25.19,
            "net_income": 22069,
            "revenue": 1408315,
            "common_shares": 323895,
            "book_valuer_per_share": 59.35,
            "book_valuer_per_share_4q_avg": 61.69,
            "equity": 1948935,
            "current_ratio": 109.85,
            "debt_ratio": 61.82,
            "inventory_turnover_ratio": 16.99,
            "account_receivable_turnover_ratio": 12.44,
            "reinvestment_rate": 69.73,
            "research_to_sale_ratio": null,
            "price_fair": 160.6,
            "eps_avg_yearly": 4.59,
            "eps_latest_yearly": 2.88,
            "eps_growth_yearly": 377.21
        },
        "20223": {
            "year_quarter": 20223,
            "year": 2022,
            "quarter": 3,
            "eps": 1.98,
            "eps_growth_year": 360.47,
            "eps_4q": 5.1,
            "eps_4q_growth_year": 129.64,
            "roe": 3.16,
            "roe_4q": 7.630000000000001,
            "gross_profit": 401531,
            "gross_margin": 26.33,
            "gross_margin_4q_avg": 25.36,
            "net_income": 61816,
            "revenue": 1524868,
            "common_shares": 323895,
            "book_valuer_per_share": 59.85,
            "book_valuer_per_share_4q_avg": 61.16,
            "equity": 1963229,
            "current_ratio": 112.69,
            "debt_ratio": 62.22,
            "inventory_turnover_ratio": 17.71,
            "account_receivable_turnover_ratio": 12.81,
            "reinvestment_rate": 68.83,
            "research_to_sale_ratio": null,
            "price_fair": 164.3,
            "eps_avg_yearly": 4.69,
            "eps_latest_yearly": 7.92,
            "eps_growth_yearly": 418.98
        },
        "20224": {
            "year_quarter": 20224,
            "year": 2022,
            "quarter": 4,
            "eps": 0.9,
            "eps_growth_year": -54.51,
            "eps_4q": 4.02,
            "eps_4q_growth_year": 31.01,
            "roe": 1.29,
            "roe_4q": 5.98,
            "gross_profit": 359677,
            "gross_margin": 24.72,
            "gross_margin_4q_avg": 25.35,
            "net_income": 25508,
            "revenue": 1454750,
            "common_shares": 323895,
            "book_valuer_per_share": 61.28,
            "book_valuer_per_share_4q_avg": 60.53,
            "equity": 2005546,
            "current_ratio": 115.08,
            "debt_ratio": 62.33,
            "inventory_turnover_ratio": 14.96,
            "account_receivable_turnover_ratio": 11.53,
            "reinvestment_rate": 71.22,
            "research_to_sale_ratio": null,
            "price_fair": 166.3,
            "eps_avg_yearly": 4.75,
            "eps_latest_yearly": 3.6,
            "eps_growth_yearly": 419.54
        },
        "20231": {
            "year_quarter": 20231,
            "year": 2023,
            "quarter": 1,
            "eps": 1.04,
            "eps_growth_year": 153.66,
            "eps_4q": 4.64,
            "eps_4q_growth_year": 63.82,
            "roe": 1.53,
            "roe_4q": 7.090000000000001,
            "gross_profit": 317607,
            "gross_margin": 22.15,
            "gross_margin_4q_avg": 24.73,
            "net_income": 32084,
            "revenue": 1434021,
            "common_shares": 323895,
            "book_valuer_per_share": 67.18,
            "book_valuer_per_share_4q_avg": 61.92,
            "equity": 2195237,
            "current_ratio": 97.75,
            "debt_ratio": 60.06,
            "inventory_turnover_ratio": 14.4,
            "account_receivable_turnover_ratio": 11.82,
            "reinvestment_rate": 130.45,
            "research_to_sale_ratio": null,
            "price_fair": 168,
            "eps_avg_yearly": 4.8,
            "eps_latest_yearly": 4.16,
            "eps_growth_yearly": 417.05
        }
    },
    "months": {
        "2011-01": {
            "month": "2011-01",
            "price": "233.99",
            "revenue": 301207
        },
        "2011-02": {
            "month": "2011-02",
            "price": "216.99",
            "revenue": 287921
        },
        "2011-03": {
            "month": "2011-03",
            "price": "207.21",
            "revenue": 292972
        },
        "2011-04": {
            "month": "2011-04",
            "price": "234.86",
            "revenue": 311008
        },
        "2011-05": {
            "month": "2011-05",
            "price": "241.79",
            "revenue": 336142
        },
        "2011-06": {
            "month": "2011-06",
            "price": "238.79",
            "revenue": 370433
        },
        "2011-07": {
            "month": "2011-07",
            "price": "239.76",
            "revenue": 357168
        },
        "2011-08": {
            "month": "2011-08",
            "price": "237.94",
            "revenue": 364806
        },
        "2011-09": {
            "month": "2011-09",
            "price": "218.50",
            "revenue": 364485
        },
        "2011-10": {
            "month": "2011-10",
            "price": "217.60",
            "revenue": 352974
        },
        "2011-11": {
            "month": "2011-11",
            "price": "215.60",
            "revenue": 326866
        },
        "2011-12": {
            "month": "2011-12",
            "price": "157.08",
            "revenue": 317433
        },
        "2012-01": {
            "month": "2012-01",
            "price": "155.10",
            "revenue": 364727
        },
        "2012-02": {
            "month": "2012-02",
            "price": "181.18",
            "revenue": 315114
        },
        "2012-03": {
            "month": "2012-03",
            "price": "173.87",
            "revenue": 339543
        },
        "2012-04": {
            "month": "2012-04",
            "price": "157.60",
            "revenue": 315050
        },
        "2012-05": {
            "month": "2012-05",
            "price": "144.30",
            "revenue": 348380
        },
        "2012-06": {
            "month": "2012-06",
            "price": "134.64",
            "revenue": 375322
        },
        "2012-07": {
            "month": "2012-07",
            "price": "134.30",
            "revenue": 380845
        },
        "2012-08": {
            "month": "2012-08",
            "price": "140.89",
            "revenue": 365106
        },
        "2012-09": {
            "month": "2012-09",
            "price": "114.12",
            "revenue": 388744
        },
        "2012-10": {
            "month": "2012-10",
            "price": "101.44",
            "revenue": 337400
        },
        "2012-11": {
            "month": "2012-11",
            "price": "85.03",
            "revenue": 320656
        },
        "2012-12": {
            "month": "2012-12",
            "price": "84.95",
            "revenue": 319829
        },
        "2013-01": {
            "month": "2013-01",
            "price": "82.67",
            "revenue": 336620
        },
        "2013-02": {
            "month": "2013-02",
            "price": "83.17",
            "revenue": 346720
        },
        "2013-03": {
            "month": "2013-03",
            "price": "83.10",
            "revenue": 349716
        },
        "2013-04": {
            "month": "2013-04",
            "price": "84.28",
            "revenue": 324791
        },
        "2013-05": {
            "month": "2013-05",
            "price": "80.61",
            "revenue": 366377
        },
        "2013-06": {
            "month": "2013-06",
            "price": "71.15",
            "revenue": 410971
        },
        "2013-07": {
            "month": "2013-07",
            "price": "71.06",
            "revenue": 393442
        },
        "2013-08": {
            "month": "2013-08",
            "price": "71.21",
            "revenue": 387299
        },
        "2013-09": {
            "month": "2013-09",
            "price": "76.92",
            "revenue": 375825
        },
        "2013-10": {
            "month": "2013-10",
            "price": "77.17",
            "revenue": 346975
        },
        "2013-11": {
            "month": "2013-11",
            "price": "75.49",
            "revenue": 334021
        },
        "2013-12": {
            "month": "2013-12",
            "price": "74.23",
            "revenue": 331302
        },
        "2014-01": {
            "month": "2014-01",
            "price": "72.61",
            "revenue": 348742
        },
        "2014-02": {
            "month": "2014-02",
            "price": "71.35",
            "revenue": 324963
        },
        "2014-03": {
            "month": "2014-03",
            "price": "71.22",
            "revenue": 340297
        },
        "2014-04": {
            "month": "2014-04",
            "price": "72.40",
            "revenue": 333428
        },
        "2014-05": {
            "month": "2014-05",
            "price": "71.42",
            "revenue": 369081
        },
        "2014-06": {
            "month": "2014-06",
            "price": "71.16",
            "revenue": 378795
        },
        "2014-07": {
            "month": "2014-07",
            "price": "69.00",
            "revenue": 407533
        },
        "2014-08": {
            "month": "2014-08",
            "price": "68.42",
            "revenue": 406756
        },
        "2014-09": {
            "month": "2014-09",
            "price": "67.91",
            "revenue": 366343
        },
        "2014-10": {
            "month": "2014-10",
            "price": "67.47",
            "revenue": 323129
        },
        "2014-11": {
            "month": "2014-11",
            "price": "67.74",
            "revenue": 324876
        },
        "2014-12": {
            "month": "2014-12",
            "price": "69.20",
            "revenue": 330222
        },
        "2015-01": {
            "month": "2015-01",
            "price": "72.62",
            "revenue": 341286
        },
        "2015-02": {
            "month": "2015-02",
            "price": "71.74",
            "revenue": 359707
        },
        "2015-03": {
            "month": "2015-03",
            "price": "69.23",
            "revenue": 352348
        },
        "2015-04": {
            "month": "2015-04",
            "price": "68.07",
            "revenue": 345526
        },
        "2015-05": {
            "month": "2015-05",
            "price": "66.99",
            "revenue": 367415
        },
        "2015-06": {
            "month": "2015-06",
            "price": "65.58",
            "revenue": 397170
        },
        "2015-07": {
            "month": "2015-07",
            "price": "62.82",
            "revenue": 414985
        },
        "2015-08": {
            "month": "2015-08",
            "price": "61.83",
            "revenue": 394274
        },
        "2015-09": {
            "month": "2015-09",
            "price": "59.70",
            "revenue": 370414
        },
        "2015-10": {
            "month": "2015-10",
            "price": "59.98",
            "revenue": 371676
        },
        "2015-11": {
            "month": "2015-11",
            "price": "63.28",
            "revenue": 350619
        },
        "2015-12": {
            "month": "2015-12",
            "price": "70.79",
            "revenue": 359126
        },
        "2016-01": {
            "month": "2016-01",
            "price": "70.98",
            "revenue": 370840
        },
        "2016-02": {
            "month": "2016-02",
            "price": "71.30",
            "revenue": 381000
        },
        "2016-03": {
            "month": "2016-03",
            "price": "72.37",
            "revenue": 361082
        },
        "2016-04": {
            "month": "2016-04",
            "price": "71.34",
            "revenue": 373693
        },
        "2016-05": {
            "month": "2016-05",
            "price": "72.11",
            "revenue": 407251
        },
        "2016-06": {
            "month": "2016-06",
            "price": "73.03",
            "revenue": 408800
        },
        "2016-07": {
            "month": "2016-07",
            "price": "72.69",
            "revenue": 423078
        },
        "2016-08": {
            "month": "2016-08",
            "price": "82.41",
            "revenue": 415254
        },
        "2016-09": {
            "month": "2016-09",
            "price": "87.43",
            "revenue": 374305
        },
        "2016-10": {
            "month": "2016-10",
            "price": "82.04",
            "revenue": 402058
        },
        "2016-11": {
            "month": "2016-11",
            "price": "77.68",
            "revenue": 364606
        },
        "2016-12": {
            "month": "2016-12",
            "price": "77.42",
            "revenue": 381613
        },
        "2017-01": {
            "month": "2017-01",
            "price": "75.46",
            "revenue": 413708
        },
        "2017-02": {
            "month": "2017-02",
            "price": "77.32",
            "revenue": 365339
        },
        "2017-03": {
            "month": "2017-03",
            "price": "79.03",
            "revenue": 377953
        },
        "2017-04": {
            "month": "2017-04",
            "price": "77.39",
            "revenue": 387932
        },
        "2017-05": {
            "month": "2017-05",
            "price": "83.15",
            "revenue": 433240
        },
        "2017-06": {
            "month": "2017-06",
            "price": "96.91",
            "revenue": 418458
        },
        "2017-07": {
            "month": "2017-07",
            "price": "94.38",
            "revenue": 456288
        },
        "2017-08": {
            "month": "2017-08",
            "price": "88.26",
            "revenue": 444965
        },
        "2017-09": {
            "month": "2017-09",
            "price": "84.48",
            "revenue": 399781
        },
        "2017-10": {
            "month": "2017-10",
            "price": "82.92",
            "revenue": 426481
        },
        "2017-11": {
            "month": "2017-11",
            "price": "86.08",
            "revenue": 387638
        },
        "2017-12": {
            "month": "2017-12",
            "price": "88.59",
            "revenue": 407528
        },
        "2018-01": {
            "month": "2018-01",
            "price": "87.52",
            "revenue": 409934
        },
        "2018-02": {
            "month": "2018-02",
            "price": "85.18",
            "revenue": 411650
        },
        "2018-03": {
            "month": "2018-03",
            "price": "82.72",
            "revenue": 413896
        },
        "2018-04": {
            "month": "2018-04",
            "price": "82.11",
            "revenue": 402708
        },
        "2018-05": {
            "month": "2018-05",
            "price": "80.09",
            "revenue": 445993
        },
        "2018-06": {
            "month": "2018-06",
            "price": "79.81",
            "revenue": 459408
        },
        "2018-07": {
            "month": "2018-07",
            "price": "77.08",
            "revenue": 479534
        },
        "2018-08": {
            "month": "2018-08",
            "price": "78.12",
            "revenue": 469268
        },
        "2018-09": {
            "month": "2018-09",
            "price": "72.22",
            "revenue": 453036
        },
        "2018-10": {
            "month": "2018-10",
            "price": "67.66",
            "revenue": 438450
        },
        "2018-11": {
            "month": "2018-11",
            "price": "67.83",
            "revenue": 432043
        },
        "2018-12": {
            "month": "2018-12",
            "price": "66.02",
            "revenue": 436189
        },
        "2019-01": {
            "month": "2019-01",
            "price": "65.39",
            "revenue": 434403
        },
        "2019-02": {
            "month": "2019-02",
            "price": "68.50",
            "revenue": 425382
        },
        "2019-03": {
            "month": "2019-03",
            "price": "69.22",
            "revenue": 442305
        },
        "2019-04": {
            "month": "2019-04",
            "price": "68.35",
            "revenue": 432786
        },
        "2019-05": {
            "month": "2019-05",
            "price": "68.46",
            "revenue": 473037
        },
        "2019-06": {
            "month": "2019-06",
            "price": "69.71",
            "revenue": 471523
        },
        "2019-07": {
            "month": "2019-07",
            "price": "69.62",
            "revenue": 494332
        },
        "2019-08": {
            "month": "2019-08",
            "price": "69.08",
            "revenue": 482921
        },
        "2019-09": {
            "month": "2019-09",
            "price": "69.33",
            "revenue": 468247
        },
        "2019-10": {
            "month": "2019-10",
            "price": "68.55",
            "revenue": 467301
        },
        "2019-11": {
            "month": "2019-11",
            "price": "73.50",
            "revenue": 440813
        },
        "2019-12": {
            "month": "2019-12",
            "price": "75.78",
            "revenue": 451430
        },
        "2020-01": {
            "month": "2020-01",
            "price": "75.75",
            "revenue": 487396
        },
        "2020-02": {
            "month": "2020-02",
            "price": "73.96",
            "revenue": 392606
        },
        "2020-03": {
            "month": "2020-03",
            "price": "65.80",
            "revenue": 401279
        },
        "2020-04": {
            "month": "2020-04",
            "price": "65.96",
            "revenue": 366567
        },
        "2020-05": {
            "month": "2020-05",
            "price": "68.69",
            "revenue": 432027
        },
        "2020-06": {
            "month": "2020-06",
            "price": "70.74",
            "revenue": 481241
        },
        "2020-07": {
            "month": "2020-07",
            "price": "68.08",
            "revenue": 502535
        },
        "2020-08": {
            "month": "2020-08",
            "price": "67.50",
            "revenue": 487191
        },
        "2020-09": {
            "month": "2020-09",
            "price": "67.24",
            "revenue": 466917
        },
        "2020-10": {
            "month": "2020-10",
            "price": "67.96",
            "revenue": 451296
        },
        "2020-11": {
            "month": "2020-11",
            "price": "69.11",
            "revenue": 435750
        },
        "2020-12": {
            "month": "2020-12",
            "price": "69.00",
            "revenue": 437291
        },
        "2021-01": {
            "month": "2021-01",
            "price": "68.08",
            "revenue": 428998
        },
        "2021-02": {
            "month": "2021-02",
            "price": "67.72",
            "revenue": 426779
        },
        "2021-03": {
            "month": "2021-03",
            "price": "69.49",
            "revenue": 429387
        },
        "2021-04": {
            "month": "2021-04",
            "price": "69.89",
            "revenue": 433647
        },
        "2021-05": {
            "month": "2021-05",
            "price": "67.32",
            "revenue": 404651
        },
        "2021-06": {
            "month": "2021-06",
            "price": "66.74",
            "revenue": 350351
        },
        "2021-07": {
            "month": "2021-07",
            "price": "68.79",
            "revenue": 375420
        },
        "2021-08": {
            "month": "2021-08",
            "price": "69.80",
            "revenue": 411406
        },
        "2021-09": {
            "month": "2021-09",
            "price": "69.78",
            "revenue": 440163
        },
        "2021-10": {
            "month": "2021-10",
            "price": "70.18",
            "revenue": 462531
        },
        "2021-11": {
            "month": "2021-11",
            "price": "69.65",
            "revenue": 423554
        },
        "2021-12": {
            "month": "2021-12",
            "price": "69.05",
            "revenue": 449403
        },
        "2022-01": {
            "month": "2022-01",
            "price": "68.60",
            "revenue": 449374
        },
        "2022-02": {
            "month": "2022-02",
            "price": "68.25",
            "revenue": 414356
        },
        "2022-03": {
            "month": "2022-03",
            "price": "67.93",
            "revenue": 474960
        },
        "2022-04": {
            "month": "2022-04",
            "price": "67.72",
            "revenue": 457469
        },
        "2022-05": {
            "month": "2022-05",
            "price": "67.99",
            "revenue": 475404
        },
        "2022-06": {
            "month": "2022-06",
            "price": "68.23",
            "revenue": 475576
        },
        "2022-07": {
            "month": "2022-07",
            "price": "69.06",
            "revenue": 507739
        },
        "2022-08": {
            "month": "2022-08",
            "price": "71.53",
            "revenue": 524381
        },
        "2022-09": {
            "month": "2022-09",
            "price": "72.27",
            "revenue": 489931
        },
        "2022-10": {
            "month": "2022-10",
            "price": "72.67",
            "revenue": 481302
        },
        "2022-11": {
            "month": "2022-11",
            "price": "72.87",
            "revenue": 487256
        },
        "2022-12": {
            "month": "2022-12",
            "price": "73.91",
            "revenue": 472991
        },
        "2023-01": {
            "month": "2023-01",
            "price": "73.98",
            "revenue": 526155
        },
        "2023-02": {
            "month": "2023-02",
            "price": "75.55",
            "revenue": 436184
        },
        "2023-03": {
            "month": "2023-03",
            "price": "75.78",
            "revenue": 473205
        },
        "2023-04": {
            "month": "2023-04",
            "price": "73.82",
            "revenue": 468795
        },
        "2023-05": {
            "month": "2023-05",
            "price": "75.15",
            "revenue": 503449
        }
    }
}
