{
    "summary": {
        "stock_name": "綠悅-KY",
        "stock_id": "1262",
        "category": "其他",
        "main_business": "雙向拉伸尼龍薄膜(BOPA薄膜)之生產及銷售",
        "website_url": "",
        "ceo": "王哲夫",
        "pe_ratio": -13,
        "report_year_from": 2011,
        "report_year_to": 2019,
        "age": 12,
        "eps_negative_percentage": 29,
        "eps_growth_avg": {
            "last_all": -8.75,
            "last_2y": -79.74,
            "last_4y": -35.94,
            "last_8y": null,
            "last_12y": null,
            "last_16y": null,
            "last_20y": null,
            "at_2006_last_3y": null,
            "at_2007_last_3y": null,
            "at_2008_last_3y": null,
            "at_2009_last_3y": null,
            "at_2010_last_3y": null,
            "at_2011_last_3y": null,
            "at_2012_last_3y": null,
            "at_2013_last_3y": null,
            "at_2014_last_3y": null,
            "at_2015_last_3y": null,
            "at_2016_last_3y": null,
            "at_2017_last_3y": 14.06,
            "at_2018_last_3y": -35.94,
            "at_2019_last_3y": -47.48,
            "at_2020_last_3y": -47.48,
            "at_2021_last_3y": -47.48,
            "at_2022_last_3y": -47.48,
            "at_2023_last_3y": -47.48,
            "at_2006_last_all": null,
            "at_2007_last_all": null,
            "at_2008_last_all": null,
            "at_2009_last_all": null,
            "at_2010_last_all": null,
            "at_2011_last_all": null,
            "at_2012_last_all": null,
            "at_2013_last_all": null,
            "at_2014_last_all": null,
            "at_2015_last_all": 49.34,
            "at_2016_last_all": 38.58,
            "at_2017_last_all": 14.06,
            "at_2018_last_all": -8.75,
            "at_2019_last_all": -8.75,
            "at_2020_last_all": -8.75,
            "at_2021_last_all": -8.75,
            "at_2022_last_all": -8.75,
            "at_2023_last_all": -8.75
        },
        "latest_eps": -3.12,
        "latest_price": 39.85,
        "latest_roe": -4.9,
        "latest_gross_margin": -7.18,
        "latest_equity": 10057215,
        "latest_revenue": 919734,
        "latest_gross_profit": -66027,
        "latest_net_income": -134482,
        "latest_debt_ratio": 9,
        "latest_current_ratio": 164.93,
        "latest_account_receivable_turnover_ratio": 1.38,
        "latest_inventory_turnover_ratio": 6.21,
        "latest_reinvestment_rate": 108.73,
        "latest_research_to_sale_ratio": 1.92
    },
    "eps_dividends": {
        "2001": {
            "cash": 0,
            "stock": 0,
            "eps": 0
        },
        "2002": {
            "cash": 0,
            "stock": 0,
            "eps": 0
        },
        "2003": {
            "cash": 0,
            "stock": 0,
            "eps": 0
        },
        "2004": {
            "cash": 0,
            "stock": 0,
            "eps": 0
        },
        "2005": {
            "cash": 0,
            "stock": 0,
            "eps": 0
        },
        "2006": {
            "cash": 0,
            "stock": 0,
            "eps": 0
        },
        "2007": {
            "cash": 0,
            "stock": 0,
            "eps": 0
        },
        "2008": {
            "cash": 0,
            "stock": 0,
            "eps": 0
        },
        "2009": {
            "cash": 0,
            "stock": 0,
            "eps": 0
        },
        "2010": {
            "cash": 0,
            "stock": 0,
            "eps": 0
        },
        "2011": {
            "cash": 0,
            "stock": 0,
            "eps": 0
        },
        "2012": {
            "cash": 0,
            "stock": 0,
            "eps": 0
        },
        "2013": {
            "cash": 0,
            "stock": 0,
            "eps": 5.29
        },
        "2014": {
            "cash": 3,
            "stock": 1,
            "eps": 10.64
        },
        "2015": {
            "cash": 3,
            "stock": 0,
            "eps": 10.5
        },
        "2016": {
            "cash": 5,
            "stock": 0,
            "eps": 12.29
        },
        "2017": {
            "cash": 0,
            "stock": 1,
            "eps": 4.98
        },
        "2018": {
            "cash": 0,
            "stock": 0,
            "eps": -2.72
        },
        "2019": {
            "cash": 0,
            "stock": 0,
            "eps": -1.53
        }
    },
    "dividends": {
        "2014-09-05": {
            "cash": 2.5,
            "stock": 1
        },
        "2015-08-06": {
            "cash": 2.5,
            "stock": 0
        },
        "2016-10-25": {
            "cash": 5,
            "stock": 0
        },
        "2017-08-07": {
            "cash": 0.12,
            "stock": 1
        },
        "2018-09-28": {
            "cash": 0.3,
            "stock": 0
        }
    },
    "prices": {
        "200101": "無",
        "200102": "無",
        "200103": "無",
        "200104": "無",
        "200105": "無",
        "200106": "無",
        "200107": "無",
        "200108": "無",
        "200109": "無",
        "200110": "無",
        "200111": "無",
        "200112": "無",
        "200201": "無",
        "200202": "無",
        "200203": "無",
        "200204": "無",
        "200205": "無",
        "200206": "無",
        "200207": "無",
        "200208": "無",
        "200209": "無",
        "200210": "無",
        "200211": "無",
        "200212": "無",
        "200301": "無",
        "200302": "無",
        "200303": "無",
        "200304": "無",
        "200305": "無",
        "200306": "無",
        "200307": "無",
        "200308": "無",
        "200309": "無",
        "200310": "無",
        "200311": "無",
        "200312": "無",
        "200401": "無",
        "200402": "無",
        "200403": "無",
        "200404": "無",
        "200405": "無",
        "200406": "無",
        "200407": "無",
        "200408": "無",
        "200409": "無",
        "200410": "無",
        "200411": "無",
        "200412": "無",
        "200501": "無",
        "200502": "無",
        "200503": "無",
        "200504": "無",
        "200505": "無",
        "200506": "無",
        "200507": "無",
        "200508": "無",
        "200509": "無",
        "200510": "無",
        "200511": "無",
        "200512": "無",
        "200601": "無",
        "200602": "無",
        "200603": "無",
        "200604": "無",
        "200605": "無",
        "200606": "無",
        "200607": "無",
        "200608": "無",
        "200609": "無",
        "200610": "無",
        "200611": "無",
        "200612": "無",
        "200701": "無",
        "200702": "無",
        "200703": "無",
        "200704": "無",
        "200705": "無",
        "200706": "無",
        "200707": "無",
        "200708": "無",
        "200709": "無",
        "200710": "無",
        "200711": "無",
        "200712": "無",
        "200801": "無",
        "200802": "無",
        "200803": "無",
        "200804": "無",
        "200805": "無",
        "200806": "無",
        "200807": "無",
        "200808": "無",
        "200809": "無",
        "200810": "無",
        "200811": "無",
        "200812": "無",
        "200901": "無",
        "200902": "無",
        "200903": "無",
        "200904": "無",
        "200905": "無",
        "200906": "無",
        "200907": "無",
        "200908": "無",
        "200909": "無",
        "200910": "無",
        "200911": "無",
        "200912": "無",
        "201001": "無",
        "201002": "無",
        "201003": "無",
        "201004": "無",
        "201005": "無",
        "201006": "無",
        "201007": "無",
        "201008": "無",
        "201009": "無",
        "201010": "無",
        "201011": "無",
        "201012": "無",
        "201101": "無",
        "201102": "無",
        "201103": "無",
        "201104": "無",
        "201105": "無",
        "201106": "無",
        "201107": "無",
        "201108": "無",
        "201109": "無",
        "201110": "無",
        "201111": "無",
        "201112": "無",
        "201201": "無",
        "201202": "無",
        "201203": "無",
        "201204": "無",
        "201205": "無",
        "201206": "無",
        "201207": "無",
        "201208": "無",
        "201209": "無",
        "201210": "無",
        "201211": "無",
        "201212": "無",
        "201301": "無",
        "201302": "無",
        "201303": "無",
        "201304": "無",
        "201305": "無",
        "201306": "無",
        "201307": "無",
        "201308": "無",
        "201309": "無",
        "201310": "無",
        "201311": "無",
        "201312": "無",
        "201401": "165.00",
        "201402": "173.21",
        "201403": "243.02",
        "201404": "233.40",
        "201405": "218.86",
        "201406": "215.90",
        "201407": "201.86",
        "201408": "172.62",
        "201409": "168.83",
        "201410": "150.82",
        "201411": "127.82",
        "201412": "146.92",
        "201501": "158.20",
        "201502": "148.92",
        "201503": "140.75",
        "201504": "138.02",
        "201505": "142.60",
        "201506": "135.17",
        "201507": "131.14",
        "201508": "121.95",
        "201509": "116.80",
        "201510": "122.14",
        "201511": "127.29",
        "201512": "121.52",
        "201601": "109.10",
        "201602": "116.08",
        "201603": "125.00",
        "201604": "133.05",
        "201605": "149.74",
        "201606": "155.07",
        "201607": "153.15",
        "201608": "144.43",
        "201609": "146.87",
        "201610": "163.05",
        "201611": "152.18",
        "201612": "148.66",
        "201701": "150.00",
        "201702": "168.78",
        "201703": "165.04",
        "201704": "161.86",
        "201705": "131.65",
        "201706": "128.24",
        "201707": "96.05",
        "201708": "82.37",
        "201709": "73.39",
        "201710": "73.96",
        "201711": "62.62",
        "201712": "61.25",
        "201801": "62.56",
        "201802": "57.91",
        "201803": "53.56",
        "201804": "39.65",
        "201805": "34.33",
        "201806": "31.49",
        "201807": "28.29",
        "201808": "33.29",
        "201809": "32.26",
        "201810": "34.79",
        "201811": "36.42",
        "201812": "36.62",
        "201901": "36.39",
        "201902": "37.52",
        "201903": "36.85",
        "201904": "36.89",
        "201905": "32.07",
        "201906": "29.07",
        "201907": "36.42",
        "201908": "39.40",
        "201909": "39.76",
        "201910": "39.79",
        "201911": "無",
        "201912": "無",
        "202001": "無",
        "202002": "無",
        "202003": "無",
        "202004": "無",
        "202005": "無",
        "202006": "無",
        "202007": "無",
        "202008": "無",
        "202009": "無",
        "202010": "無",
        "202011": "無",
        "202012": "無",
        "202101": "無",
        "202102": "無",
        "202103": "無",
        "202104": "無",
        "202105": "無",
        "202106": "無",
        "202107": "無",
        "202108": "無",
        "202109": "無",
        "202110": "無",
        "202111": "無",
        "202112": "無",
        "202201": "無",
        "202202": "無",
        "202203": "無",
        "202204": "無",
        "202205": "無",
        "202206": "無",
        "202207": "無",
        "202208": "無",
        "202209": "無",
        "202210": "無",
        "202211": "無",
        "202212": "無",
        "202301": "無",
        "202302": "無",
        "202303": "無",
        "202304": "無",
        "202305": "無"
    },
    "quarters": {
        "20011": {
            "year_quarter": 20011,
            "year": 2001,
            "quarter": 1,
            "eps": null,
            "eps_growth_year": null,
            "eps_4q": null,
            "eps_4q_growth_year": null,
            "roe": null,
            "gross_profit": null,
            "gross_margin": null,
            "net_income": null,
            "revenue": null,
            "common_shares": null,
            "equity": null,
            "current_ratio": null,
            "debt_ratio": null,
            "inventory_turnover_ratio": null,
            "account_receivable_turnover_ratio": null,
            "reinvestment_rate": null,
            "research_to_sale_ratio": null,
            "price_fair": 0,
            "eps_avg_yearly": 0,
            "eps_latest_yearly": 0,
            "eps_growth_yearly": 0
        },
        "20012": {
            "year_quarter": 20012,
            "year": 2001,
            "quarter": 2,
            "eps": null,
            "eps_growth_year": null,
            "eps_4q": null,
            "eps_4q_growth_year": null,
            "roe": null,
            "gross_profit": null,
            "gross_margin": null,
            "net_income": null,
            "revenue": null,
            "common_shares": null,
            "equity": null,
            "current_ratio": null,
            "debt_ratio": null,
            "inventory_turnover_ratio": null,
            "account_receivable_turnover_ratio": null,
            "reinvestment_rate": null,
            "research_to_sale_ratio": null,
            "price_fair": 0,
            "eps_avg_yearly": 0,
            "eps_latest_yearly": 0,
            "eps_growth_yearly": 0
        },
        "20013": {
            "year_quarter": 20013,
            "year": 2001,
            "quarter": 3,
            "eps": null,
            "eps_growth_year": null,
            "eps_4q": null,
            "eps_4q_growth_year": null,
            "roe": null,
            "gross_profit": null,
            "gross_margin": null,
            "net_income": null,
            "revenue": null,
            "common_shares": null,
            "equity": null,
            "current_ratio": null,
            "debt_ratio": null,
            "inventory_turnover_ratio": null,
            "account_receivable_turnover_ratio": null,
            "reinvestment_rate": null,
            "research_to_sale_ratio": null,
            "price_fair": 0,
            "eps_avg_yearly": 0,
            "eps_latest_yearly": 0,
            "eps_growth_yearly": 0
        },
        "20014": {
            "year_quarter": 20014,
            "year": 2001,
            "quarter": 4,
            "eps": null,
            "eps_growth_year": null,
            "eps_4q": null,
            "eps_4q_growth_year": null,
            "roe": null,
            "gross_profit": null,
            "gross_margin": null,
            "net_income": null,
            "revenue": null,
            "common_shares": null,
            "equity": null,
            "current_ratio": null,
            "debt_ratio": null,
            "inventory_turnover_ratio": null,
            "account_receivable_turnover_ratio": null,
            "reinvestment_rate": null,
            "research_to_sale_ratio": null,
            "price_fair": 0,
            "eps_avg_yearly": 0,
            "eps_latest_yearly": 0,
            "eps_growth_yearly": 0
        },
        "20021": {
            "year_quarter": 20021,
            "year": 2002,
            "quarter": 1,
            "eps": null,
            "eps_growth_year": null,
            "eps_4q": null,
            "eps_4q_growth_year": null,
            "roe": null,
            "gross_profit": null,
            "gross_margin": null,
            "net_income": null,
            "revenue": null,
            "common_shares": null,
            "equity": null,
            "current_ratio": null,
            "debt_ratio": null,
            "inventory_turnover_ratio": null,
            "account_receivable_turnover_ratio": null,
            "reinvestment_rate": null,
            "research_to_sale_ratio": null,
            "price_fair": 0,
            "eps_avg_yearly": 0,
            "eps_latest_yearly": 0,
            "eps_growth_yearly": 0
        },
        "20022": {
            "year_quarter": 20022,
            "year": 2002,
            "quarter": 2,
            "eps": null,
            "eps_growth_year": null,
            "eps_4q": null,
            "eps_4q_growth_year": null,
            "roe": null,
            "gross_profit": null,
            "gross_margin": null,
            "net_income": null,
            "revenue": null,
            "common_shares": null,
            "equity": null,
            "current_ratio": null,
            "debt_ratio": null,
            "inventory_turnover_ratio": null,
            "account_receivable_turnover_ratio": null,
            "reinvestment_rate": null,
            "research_to_sale_ratio": null,
            "price_fair": 0,
            "eps_avg_yearly": 0,
            "eps_latest_yearly": 0,
            "eps_growth_yearly": 0
        },
        "20023": {
            "year_quarter": 20023,
            "year": 2002,
            "quarter": 3,
            "eps": null,
            "eps_growth_year": null,
            "eps_4q": null,
            "eps_4q_growth_year": null,
            "roe": null,
            "gross_profit": null,
            "gross_margin": null,
            "net_income": null,
            "revenue": null,
            "common_shares": null,
            "equity": null,
            "current_ratio": null,
            "debt_ratio": null,
            "inventory_turnover_ratio": null,
            "account_receivable_turnover_ratio": null,
            "reinvestment_rate": null,
            "research_to_sale_ratio": null,
            "price_fair": 0,
            "eps_avg_yearly": 0,
            "eps_latest_yearly": 0,
            "eps_growth_yearly": 0
        },
        "20024": {
            "year_quarter": 20024,
            "year": 2002,
            "quarter": 4,
            "eps": null,
            "eps_growth_year": null,
            "eps_4q": null,
            "eps_4q_growth_year": null,
            "roe": null,
            "gross_profit": null,
            "gross_margin": null,
            "net_income": null,
            "revenue": null,
            "common_shares": null,
            "equity": null,
            "current_ratio": null,
            "debt_ratio": null,
            "inventory_turnover_ratio": null,
            "account_receivable_turnover_ratio": null,
            "reinvestment_rate": null,
            "research_to_sale_ratio": null,
            "price_fair": 0,
            "eps_avg_yearly": 0,
            "eps_latest_yearly": 0,
            "eps_growth_yearly": 0
        },
        "20031": {
            "year_quarter": 20031,
            "year": 2003,
            "quarter": 1,
            "eps": null,
            "eps_growth_year": null,
            "eps_4q": null,
            "eps_4q_growth_year": null,
            "roe": null,
            "gross_profit": null,
            "gross_margin": null,
            "net_income": null,
            "revenue": null,
            "common_shares": null,
            "equity": null,
            "current_ratio": null,
            "debt_ratio": null,
            "inventory_turnover_ratio": null,
            "account_receivable_turnover_ratio": null,
            "reinvestment_rate": null,
            "research_to_sale_ratio": null,
            "price_fair": 0,
            "eps_avg_yearly": 0,
            "eps_latest_yearly": 0,
            "eps_growth_yearly": 0
        },
        "20032": {
            "year_quarter": 20032,
            "year": 2003,
            "quarter": 2,
            "eps": null,
            "eps_growth_year": null,
            "eps_4q": null,
            "eps_4q_growth_year": null,
            "roe": null,
            "gross_profit": null,
            "gross_margin": null,
            "net_income": null,
            "revenue": null,
            "common_shares": null,
            "equity": null,
            "current_ratio": null,
            "debt_ratio": null,
            "inventory_turnover_ratio": null,
            "account_receivable_turnover_ratio": null,
            "reinvestment_rate": null,
            "research_to_sale_ratio": null,
            "price_fair": 0,
            "eps_avg_yearly": 0,
            "eps_latest_yearly": 0,
            "eps_growth_yearly": 0
        },
        "20033": {
            "year_quarter": 20033,
            "year": 2003,
            "quarter": 3,
            "eps": null,
            "eps_growth_year": null,
            "eps_4q": null,
            "eps_4q_growth_year": null,
            "roe": null,
            "gross_profit": null,
            "gross_margin": null,
            "net_income": null,
            "revenue": null,
            "common_shares": null,
            "equity": null,
            "current_ratio": null,
            "debt_ratio": null,
            "inventory_turnover_ratio": null,
            "account_receivable_turnover_ratio": null,
            "reinvestment_rate": null,
            "research_to_sale_ratio": null,
            "price_fair": 0,
            "eps_avg_yearly": 0,
            "eps_latest_yearly": 0,
            "eps_growth_yearly": 0
        },
        "20034": {
            "year_quarter": 20034,
            "year": 2003,
            "quarter": 4,
            "eps": null,
            "eps_growth_year": null,
            "eps_4q": null,
            "eps_4q_growth_year": null,
            "roe": null,
            "gross_profit": null,
            "gross_margin": null,
            "net_income": null,
            "revenue": null,
            "common_shares": null,
            "equity": null,
            "current_ratio": null,
            "debt_ratio": null,
            "inventory_turnover_ratio": null,
            "account_receivable_turnover_ratio": null,
            "reinvestment_rate": null,
            "research_to_sale_ratio": null,
            "price_fair": 0,
            "eps_avg_yearly": 0,
            "eps_latest_yearly": 0,
            "eps_growth_yearly": 0
        },
        "20041": {
            "year_quarter": 20041,
            "year": 2004,
            "quarter": 1,
            "eps": null,
            "eps_growth_year": null,
            "eps_4q": null,
            "eps_4q_growth_year": null,
            "roe": null,
            "gross_profit": null,
            "gross_margin": null,
            "net_income": null,
            "revenue": null,
            "common_shares": null,
            "equity": null,
            "current_ratio": null,
            "debt_ratio": null,
            "inventory_turnover_ratio": null,
            "account_receivable_turnover_ratio": null,
            "reinvestment_rate": null,
            "research_to_sale_ratio": null,
            "price_fair": 0,
            "eps_avg_yearly": 0,
            "eps_latest_yearly": 0,
            "eps_growth_yearly": 0
        },
        "20042": {
            "year_quarter": 20042,
            "year": 2004,
            "quarter": 2,
            "eps": null,
            "eps_growth_year": null,
            "eps_4q": null,
            "eps_4q_growth_year": null,
            "roe": null,
            "gross_profit": null,
            "gross_margin": null,
            "net_income": null,
            "revenue": null,
            "common_shares": null,
            "equity": null,
            "current_ratio": null,
            "debt_ratio": null,
            "inventory_turnover_ratio": null,
            "account_receivable_turnover_ratio": null,
            "reinvestment_rate": null,
            "research_to_sale_ratio": null,
            "price_fair": 0,
            "eps_avg_yearly": 0,
            "eps_latest_yearly": 0,
            "eps_growth_yearly": 0
        },
        "20043": {
            "year_quarter": 20043,
            "year": 2004,
            "quarter": 3,
            "eps": null,
            "eps_growth_year": null,
            "eps_4q": null,
            "eps_4q_growth_year": null,
            "roe": null,
            "gross_profit": null,
            "gross_margin": null,
            "net_income": null,
            "revenue": null,
            "common_shares": null,
            "equity": null,
            "current_ratio": null,
            "debt_ratio": null,
            "inventory_turnover_ratio": null,
            "account_receivable_turnover_ratio": null,
            "reinvestment_rate": null,
            "research_to_sale_ratio": null,
            "price_fair": 0,
            "eps_avg_yearly": 0,
            "eps_latest_yearly": 0,
            "eps_growth_yearly": 0
        },
        "20044": {
            "year_quarter": 20044,
            "year": 2004,
            "quarter": 4,
            "eps": null,
            "eps_growth_year": null,
            "eps_4q": null,
            "eps_4q_growth_year": null,
            "roe": null,
            "gross_profit": null,
            "gross_margin": null,
            "net_income": null,
            "revenue": null,
            "common_shares": null,
            "equity": null,
            "current_ratio": null,
            "debt_ratio": null,
            "inventory_turnover_ratio": null,
            "account_receivable_turnover_ratio": null,
            "reinvestment_rate": null,
            "research_to_sale_ratio": null,
            "price_fair": 0,
            "eps_avg_yearly": 0,
            "eps_latest_yearly": 0,
            "eps_growth_yearly": 0
        },
        "20051": {
            "year_quarter": 20051,
            "year": 2005,
            "quarter": 1,
            "eps": null,
            "eps_growth_year": null,
            "eps_4q": null,
            "eps_4q_growth_year": null,
            "roe": null,
            "gross_profit": null,
            "gross_margin": null,
            "net_income": null,
            "revenue": null,
            "common_shares": null,
            "equity": null,
            "current_ratio": null,
            "debt_ratio": null,
            "inventory_turnover_ratio": null,
            "account_receivable_turnover_ratio": null,
            "reinvestment_rate": null,
            "research_to_sale_ratio": null,
            "price_fair": 0,
            "eps_avg_yearly": 0,
            "eps_latest_yearly": 0,
            "eps_growth_yearly": 0
        },
        "20052": {
            "year_quarter": 20052,
            "year": 2005,
            "quarter": 2,
            "eps": null,
            "eps_growth_year": null,
            "eps_4q": null,
            "eps_4q_growth_year": null,
            "roe": null,
            "gross_profit": null,
            "gross_margin": null,
            "net_income": null,
            "revenue": null,
            "common_shares": null,
            "equity": null,
            "current_ratio": null,
            "debt_ratio": null,
            "inventory_turnover_ratio": null,
            "account_receivable_turnover_ratio": null,
            "reinvestment_rate": null,
            "research_to_sale_ratio": null,
            "price_fair": 0,
            "eps_avg_yearly": 0,
            "eps_latest_yearly": 0,
            "eps_growth_yearly": 0
        },
        "20053": {
            "year_quarter": 20053,
            "year": 2005,
            "quarter": 3,
            "eps": null,
            "eps_growth_year": null,
            "eps_4q": null,
            "eps_4q_growth_year": null,
            "roe": null,
            "gross_profit": null,
            "gross_margin": null,
            "net_income": null,
            "revenue": null,
            "common_shares": null,
            "equity": null,
            "current_ratio": null,
            "debt_ratio": null,
            "inventory_turnover_ratio": null,
            "account_receivable_turnover_ratio": null,
            "reinvestment_rate": null,
            "research_to_sale_ratio": null,
            "price_fair": 0,
            "eps_avg_yearly": 0,
            "eps_latest_yearly": 0,
            "eps_growth_yearly": 0
        },
        "20054": {
            "year_quarter": 20054,
            "year": 2005,
            "quarter": 4,
            "eps": null,
            "eps_growth_year": null,
            "eps_4q": null,
            "eps_4q_growth_year": null,
            "roe": null,
            "gross_profit": null,
            "gross_margin": null,
            "net_income": null,
            "revenue": null,
            "common_shares": null,
            "equity": null,
            "current_ratio": null,
            "debt_ratio": null,
            "inventory_turnover_ratio": null,
            "account_receivable_turnover_ratio": null,
            "reinvestment_rate": null,
            "research_to_sale_ratio": null,
            "price_fair": 0,
            "eps_avg_yearly": 0,
            "eps_latest_yearly": 0,
            "eps_growth_yearly": 0
        },
        "20061": {
            "year_quarter": 20061,
            "year": 2006,
            "quarter": 1,
            "eps": null,
            "eps_growth_year": null,
            "eps_4q": null,
            "eps_4q_growth_year": null,
            "roe": null,
            "gross_profit": null,
            "gross_margin": null,
            "net_income": null,
            "revenue": null,
            "common_shares": null,
            "equity": null,
            "current_ratio": null,
            "debt_ratio": null,
            "inventory_turnover_ratio": null,
            "account_receivable_turnover_ratio": null,
            "reinvestment_rate": null,
            "research_to_sale_ratio": null,
            "price_fair": 0,
            "eps_avg_yearly": 0,
            "eps_latest_yearly": 0,
            "eps_growth_yearly": 0
        },
        "20062": {
            "year_quarter": 20062,
            "year": 2006,
            "quarter": 2,
            "eps": null,
            "eps_growth_year": null,
            "eps_4q": null,
            "eps_4q_growth_year": null,
            "roe": null,
            "gross_profit": null,
            "gross_margin": null,
            "net_income": null,
            "revenue": null,
            "common_shares": null,
            "equity": null,
            "current_ratio": null,
            "debt_ratio": null,
            "inventory_turnover_ratio": null,
            "account_receivable_turnover_ratio": null,
            "reinvestment_rate": null,
            "research_to_sale_ratio": null,
            "price_fair": 0,
            "eps_avg_yearly": 0,
            "eps_latest_yearly": 0,
            "eps_growth_yearly": 0
        },
        "20063": {
            "year_quarter": 20063,
            "year": 2006,
            "quarter": 3,
            "eps": null,
            "eps_growth_year": null,
            "eps_4q": null,
            "eps_4q_growth_year": null,
            "roe": null,
            "gross_profit": null,
            "gross_margin": null,
            "net_income": null,
            "revenue": null,
            "common_shares": null,
            "equity": null,
            "current_ratio": null,
            "debt_ratio": null,
            "inventory_turnover_ratio": null,
            "account_receivable_turnover_ratio": null,
            "reinvestment_rate": null,
            "research_to_sale_ratio": null,
            "price_fair": 0,
            "eps_avg_yearly": 0,
            "eps_latest_yearly": 0,
            "eps_growth_yearly": 0
        },
        "20064": {
            "year_quarter": 20064,
            "year": 2006,
            "quarter": 4,
            "eps": null,
            "eps_growth_year": null,
            "eps_4q": null,
            "eps_4q_growth_year": null,
            "roe": null,
            "gross_profit": null,
            "gross_margin": null,
            "net_income": null,
            "revenue": null,
            "common_shares": null,
            "equity": null,
            "current_ratio": null,
            "debt_ratio": null,
            "inventory_turnover_ratio": null,
            "account_receivable_turnover_ratio": null,
            "reinvestment_rate": null,
            "research_to_sale_ratio": null,
            "price_fair": 0,
            "eps_avg_yearly": 0,
            "eps_latest_yearly": 0,
            "eps_growth_yearly": 0
        },
        "20071": {
            "year_quarter": 20071,
            "year": 2007,
            "quarter": 1,
            "eps": null,
            "eps_growth_year": null,
            "eps_4q": null,
            "eps_4q_growth_year": null,
            "roe": null,
            "gross_profit": null,
            "gross_margin": null,
            "net_income": null,
            "revenue": null,
            "common_shares": null,
            "equity": null,
            "current_ratio": null,
            "debt_ratio": null,
            "inventory_turnover_ratio": null,
            "account_receivable_turnover_ratio": null,
            "reinvestment_rate": null,
            "research_to_sale_ratio": null,
            "price_fair": 0,
            "eps_avg_yearly": 0,
            "eps_latest_yearly": 0,
            "eps_growth_yearly": 0
        },
        "20072": {
            "year_quarter": 20072,
            "year": 2007,
            "quarter": 2,
            "eps": null,
            "eps_growth_year": null,
            "eps_4q": null,
            "eps_4q_growth_year": null,
            "roe": null,
            "gross_profit": null,
            "gross_margin": null,
            "net_income": null,
            "revenue": null,
            "common_shares": null,
            "equity": null,
            "current_ratio": null,
            "debt_ratio": null,
            "inventory_turnover_ratio": null,
            "account_receivable_turnover_ratio": null,
            "reinvestment_rate": null,
            "research_to_sale_ratio": null,
            "price_fair": 0,
            "eps_avg_yearly": 0,
            "eps_latest_yearly": 0,
            "eps_growth_yearly": 0
        },
        "20073": {
            "year_quarter": 20073,
            "year": 2007,
            "quarter": 3,
            "eps": null,
            "eps_growth_year": null,
            "eps_4q": null,
            "eps_4q_growth_year": null,
            "roe": null,
            "gross_profit": null,
            "gross_margin": null,
            "net_income": null,
            "revenue": null,
            "common_shares": null,
            "equity": null,
            "current_ratio": null,
            "debt_ratio": null,
            "inventory_turnover_ratio": null,
            "account_receivable_turnover_ratio": null,
            "reinvestment_rate": null,
            "research_to_sale_ratio": null,
            "price_fair": 0,
            "eps_avg_yearly": 0,
            "eps_latest_yearly": 0,
            "eps_growth_yearly": 0
        },
        "20074": {
            "year_quarter": 20074,
            "year": 2007,
            "quarter": 4,
            "eps": null,
            "eps_growth_year": null,
            "eps_4q": null,
            "eps_4q_growth_year": null,
            "roe": null,
            "gross_profit": null,
            "gross_margin": null,
            "net_income": null,
            "revenue": null,
            "common_shares": null,
            "equity": null,
            "current_ratio": null,
            "debt_ratio": null,
            "inventory_turnover_ratio": null,
            "account_receivable_turnover_ratio": null,
            "reinvestment_rate": null,
            "research_to_sale_ratio": null,
            "price_fair": 0,
            "eps_avg_yearly": 0,
            "eps_latest_yearly": 0,
            "eps_growth_yearly": 0
        },
        "20081": {
            "year_quarter": 20081,
            "year": 2008,
            "quarter": 1,
            "eps": null,
            "eps_growth_year": null,
            "eps_4q": null,
            "eps_4q_growth_year": null,
            "roe": null,
            "gross_profit": null,
            "gross_margin": null,
            "net_income": null,
            "revenue": null,
            "common_shares": null,
            "equity": null,
            "current_ratio": null,
            "debt_ratio": null,
            "inventory_turnover_ratio": null,
            "account_receivable_turnover_ratio": null,
            "reinvestment_rate": null,
            "research_to_sale_ratio": null,
            "price_fair": 0,
            "eps_avg_yearly": 0,
            "eps_latest_yearly": 0,
            "eps_growth_yearly": 0
        },
        "20082": {
            "year_quarter": 20082,
            "year": 2008,
            "quarter": 2,
            "eps": null,
            "eps_growth_year": null,
            "eps_4q": null,
            "eps_4q_growth_year": null,
            "roe": null,
            "gross_profit": null,
            "gross_margin": null,
            "net_income": null,
            "revenue": null,
            "common_shares": null,
            "equity": null,
            "current_ratio": null,
            "debt_ratio": null,
            "inventory_turnover_ratio": null,
            "account_receivable_turnover_ratio": null,
            "reinvestment_rate": null,
            "research_to_sale_ratio": null,
            "price_fair": 0,
            "eps_avg_yearly": 0,
            "eps_latest_yearly": 0,
            "eps_growth_yearly": 0
        },
        "20083": {
            "year_quarter": 20083,
            "year": 2008,
            "quarter": 3,
            "eps": null,
            "eps_growth_year": null,
            "eps_4q": null,
            "eps_4q_growth_year": null,
            "roe": null,
            "gross_profit": null,
            "gross_margin": null,
            "net_income": null,
            "revenue": null,
            "common_shares": null,
            "equity": null,
            "current_ratio": null,
            "debt_ratio": null,
            "inventory_turnover_ratio": null,
            "account_receivable_turnover_ratio": null,
            "reinvestment_rate": null,
            "research_to_sale_ratio": null,
            "price_fair": 0,
            "eps_avg_yearly": 0,
            "eps_latest_yearly": 0,
            "eps_growth_yearly": 0
        },
        "20084": {
            "year_quarter": 20084,
            "year": 2008,
            "quarter": 4,
            "eps": null,
            "eps_growth_year": null,
            "eps_4q": null,
            "eps_4q_growth_year": null,
            "roe": null,
            "gross_profit": null,
            "gross_margin": null,
            "net_income": null,
            "revenue": null,
            "common_shares": null,
            "equity": null,
            "current_ratio": null,
            "debt_ratio": null,
            "inventory_turnover_ratio": null,
            "account_receivable_turnover_ratio": null,
            "reinvestment_rate": null,
            "research_to_sale_ratio": null,
            "price_fair": 0,
            "eps_avg_yearly": 0,
            "eps_latest_yearly": 0,
            "eps_growth_yearly": 0
        },
        "20091": {
            "year_quarter": 20091,
            "year": 2009,
            "quarter": 1,
            "eps": null,
            "eps_growth_year": null,
            "eps_4q": null,
            "eps_4q_growth_year": null,
            "roe": null,
            "gross_profit": null,
            "gross_margin": null,
            "net_income": null,
            "revenue": null,
            "common_shares": null,
            "equity": null,
            "current_ratio": null,
            "debt_ratio": null,
            "inventory_turnover_ratio": null,
            "account_receivable_turnover_ratio": null,
            "reinvestment_rate": null,
            "research_to_sale_ratio": null,
            "price_fair": 0,
            "eps_avg_yearly": 0,
            "eps_latest_yearly": 0,
            "eps_growth_yearly": 0
        },
        "20092": {
            "year_quarter": 20092,
            "year": 2009,
            "quarter": 2,
            "eps": null,
            "eps_growth_year": null,
            "eps_4q": null,
            "eps_4q_growth_year": null,
            "roe": null,
            "gross_profit": null,
            "gross_margin": null,
            "net_income": null,
            "revenue": null,
            "common_shares": null,
            "equity": null,
            "current_ratio": null,
            "debt_ratio": null,
            "inventory_turnover_ratio": null,
            "account_receivable_turnover_ratio": null,
            "reinvestment_rate": null,
            "research_to_sale_ratio": null,
            "price_fair": 0,
            "eps_avg_yearly": 0,
            "eps_latest_yearly": 0,
            "eps_growth_yearly": 0
        },
        "20093": {
            "year_quarter": 20093,
            "year": 2009,
            "quarter": 3,
            "eps": null,
            "eps_growth_year": null,
            "eps_4q": null,
            "eps_4q_growth_year": null,
            "roe": null,
            "gross_profit": null,
            "gross_margin": null,
            "net_income": null,
            "revenue": null,
            "common_shares": null,
            "equity": null,
            "current_ratio": null,
            "debt_ratio": null,
            "inventory_turnover_ratio": null,
            "account_receivable_turnover_ratio": null,
            "reinvestment_rate": null,
            "research_to_sale_ratio": null,
            "price_fair": 0,
            "eps_avg_yearly": 0,
            "eps_latest_yearly": 0,
            "eps_growth_yearly": 0
        },
        "20094": {
            "year_quarter": 20094,
            "year": 2009,
            "quarter": 4,
            "eps": null,
            "eps_growth_year": null,
            "eps_4q": null,
            "eps_4q_growth_year": null,
            "roe": null,
            "gross_profit": null,
            "gross_margin": null,
            "net_income": null,
            "revenue": null,
            "common_shares": null,
            "equity": null,
            "current_ratio": null,
            "debt_ratio": null,
            "inventory_turnover_ratio": null,
            "account_receivable_turnover_ratio": null,
            "reinvestment_rate": null,
            "research_to_sale_ratio": null,
            "price_fair": 0,
            "eps_avg_yearly": 0,
            "eps_latest_yearly": 0,
            "eps_growth_yearly": 0
        },
        "20101": {
            "year_quarter": 20101,
            "year": 2010,
            "quarter": 1,
            "eps": null,
            "eps_growth_year": null,
            "eps_4q": null,
            "eps_4q_growth_year": null,
            "roe": null,
            "gross_profit": null,
            "gross_margin": null,
            "net_income": null,
            "revenue": null,
            "common_shares": null,
            "equity": null,
            "current_ratio": null,
            "debt_ratio": null,
            "inventory_turnover_ratio": null,
            "account_receivable_turnover_ratio": null,
            "reinvestment_rate": null,
            "research_to_sale_ratio": null,
            "price_fair": 0,
            "eps_avg_yearly": 0,
            "eps_latest_yearly": 0,
            "eps_growth_yearly": 0
        },
        "20102": {
            "year_quarter": 20102,
            "year": 2010,
            "quarter": 2,
            "eps": null,
            "eps_growth_year": null,
            "eps_4q": null,
            "eps_4q_growth_year": null,
            "roe": null,
            "gross_profit": null,
            "gross_margin": null,
            "net_income": null,
            "revenue": null,
            "common_shares": null,
            "equity": null,
            "current_ratio": null,
            "debt_ratio": null,
            "inventory_turnover_ratio": null,
            "account_receivable_turnover_ratio": null,
            "reinvestment_rate": null,
            "research_to_sale_ratio": null,
            "price_fair": 0,
            "eps_avg_yearly": 0,
            "eps_latest_yearly": 0,
            "eps_growth_yearly": 0
        },
        "20103": {
            "year_quarter": 20103,
            "year": 2010,
            "quarter": 3,
            "eps": null,
            "eps_growth_year": null,
            "eps_4q": null,
            "eps_4q_growth_year": null,
            "roe": null,
            "gross_profit": null,
            "gross_margin": null,
            "net_income": null,
            "revenue": null,
            "common_shares": null,
            "equity": null,
            "current_ratio": null,
            "debt_ratio": null,
            "inventory_turnover_ratio": null,
            "account_receivable_turnover_ratio": null,
            "reinvestment_rate": null,
            "research_to_sale_ratio": null,
            "price_fair": 0,
            "eps_avg_yearly": 0,
            "eps_latest_yearly": 0,
            "eps_growth_yearly": 0
        },
        "20104": {
            "year_quarter": 20104,
            "year": 2010,
            "quarter": 4,
            "eps": null,
            "eps_growth_year": null,
            "eps_4q": null,
            "eps_4q_growth_year": null,
            "roe": null,
            "gross_profit": null,
            "gross_margin": null,
            "net_income": null,
            "revenue": null,
            "common_shares": 42,
            "equity": 406837,
            "current_ratio": 125.39,
            "debt_ratio": 87.12,
            "inventory_turnover_ratio": null,
            "account_receivable_turnover_ratio": null,
            "reinvestment_rate": null,
            "research_to_sale_ratio": null,
            "price_fair": 0,
            "eps_avg_yearly": 0,
            "eps_latest_yearly": 0,
            "eps_growth_yearly": 0
        },
        "20111": {
            "year_quarter": 20111,
            "year": 2011,
            "quarter": 1,
            "eps": null,
            "eps_growth_year": null,
            "eps_4q": null,
            "eps_4q_growth_year": null,
            "roe": null,
            "gross_profit": null,
            "gross_margin": null,
            "net_income": null,
            "revenue": null,
            "common_shares": null,
            "equity": null,
            "current_ratio": null,
            "debt_ratio": null,
            "inventory_turnover_ratio": null,
            "account_receivable_turnover_ratio": null,
            "reinvestment_rate": null,
            "research_to_sale_ratio": null,
            "price_fair": 0,
            "eps_avg_yearly": 0,
            "eps_latest_yearly": 0,
            "eps_growth_yearly": 0
        },
        "20112": {
            "year_quarter": 20112,
            "year": 2011,
            "quarter": 2,
            "eps": null,
            "eps_growth_year": null,
            "eps_4q": null,
            "eps_4q_growth_year": null,
            "roe": null,
            "gross_profit": null,
            "gross_margin": null,
            "net_income": null,
            "revenue": null,
            "common_shares": null,
            "equity": null,
            "current_ratio": null,
            "debt_ratio": null,
            "inventory_turnover_ratio": null,
            "account_receivable_turnover_ratio": null,
            "reinvestment_rate": null,
            "research_to_sale_ratio": null,
            "price_fair": 0,
            "eps_avg_yearly": 0,
            "eps_latest_yearly": 0,
            "eps_growth_yearly": 0
        },
        "20113": {
            "year_quarter": 20113,
            "year": 2011,
            "quarter": 3,
            "eps": null,
            "eps_growth_year": null,
            "eps_4q": null,
            "eps_4q_growth_year": null,
            "roe": null,
            "gross_profit": null,
            "gross_margin": null,
            "net_income": null,
            "revenue": null,
            "common_shares": null,
            "equity": null,
            "current_ratio": null,
            "debt_ratio": null,
            "inventory_turnover_ratio": null,
            "account_receivable_turnover_ratio": null,
            "reinvestment_rate": null,
            "research_to_sale_ratio": null,
            "price_fair": 0,
            "eps_avg_yearly": 0,
            "eps_latest_yearly": 0,
            "eps_growth_yearly": 0
        },
        "20114": {
            "year_quarter": 20114,
            "year": 2011,
            "quarter": 4,
            "eps": null,
            "eps_growth_year": null,
            "eps_4q": null,
            "eps_4q_growth_year": null,
            "roe": null,
            "gross_profit": null,
            "gross_margin": null,
            "net_income": null,
            "revenue": null,
            "common_shares": 29,
            "equity": 1026305,
            "current_ratio": 126.03,
            "debt_ratio": 79.38,
            "inventory_turnover_ratio": null,
            "account_receivable_turnover_ratio": null,
            "reinvestment_rate": null,
            "research_to_sale_ratio": null,
            "price_fair": 0,
            "eps_avg_yearly": 0,
            "eps_latest_yearly": 0,
            "eps_growth_yearly": 0
        },
        "20121": {
            "year_quarter": 20121,
            "year": 2012,
            "quarter": 1,
            "eps": null,
            "eps_growth_year": null,
            "eps_4q": null,
            "eps_4q_growth_year": null,
            "roe": null,
            "gross_profit": null,
            "gross_margin": null,
            "net_income": null,
            "revenue": null,
            "common_shares": null,
            "equity": null,
            "current_ratio": null,
            "debt_ratio": null,
            "inventory_turnover_ratio": null,
            "account_receivable_turnover_ratio": null,
            "reinvestment_rate": null,
            "research_to_sale_ratio": null,
            "price_fair": 0,
            "eps_avg_yearly": 0,
            "eps_latest_yearly": 0,
            "eps_growth_yearly": 0
        },
        "20122": {
            "year_quarter": 20122,
            "year": 2012,
            "quarter": 2,
            "eps": null,
            "eps_growth_year": null,
            "eps_4q": null,
            "eps_4q_growth_year": null,
            "roe": null,
            "gross_profit": null,
            "gross_margin": null,
            "net_income": null,
            "revenue": null,
            "common_shares": null,
            "equity": null,
            "current_ratio": null,
            "debt_ratio": null,
            "inventory_turnover_ratio": null,
            "account_receivable_turnover_ratio": null,
            "reinvestment_rate": null,
            "research_to_sale_ratio": null,
            "price_fair": 0,
            "eps_avg_yearly": 0,
            "eps_latest_yearly": 0,
            "eps_growth_yearly": 0
        },
        "20123": {
            "year_quarter": 20123,
            "year": 2012,
            "quarter": 3,
            "eps": null,
            "eps_growth_year": null,
            "eps_4q": null,
            "eps_4q_growth_year": null,
            "roe": null,
            "gross_profit": 401561,
            "gross_margin": null,
            "net_income": 262616,
            "revenue": 1318731,
            "common_shares": 29,
            "equity": 1669565,
            "current_ratio": null,
            "debt_ratio": null,
            "inventory_turnover_ratio": null,
            "account_receivable_turnover_ratio": null,
            "reinvestment_rate": null,
            "research_to_sale_ratio": null,
            "price_fair": 0,
            "eps_avg_yearly": 0,
            "eps_latest_yearly": 0,
            "eps_growth_yearly": 0
        },
        "20124": {
            "year_quarter": 20124,
            "year": 2012,
            "quarter": 4,
            "eps": null,
            "eps_growth_year": null,
            "eps_4q": null,
            "eps_4q_growth_year": null,
            "roe": null,
            "gross_profit": 384019,
            "gross_margin": null,
            "net_income": 258198,
            "revenue": 1245601,
            "common_shares": 29,
            "equity": 1925995,
            "current_ratio": 87.77,
            "debt_ratio": 66,
            "inventory_turnover_ratio": null,
            "account_receivable_turnover_ratio": null,
            "reinvestment_rate": null,
            "research_to_sale_ratio": null,
            "price_fair": 0,
            "eps_avg_yearly": 0,
            "eps_latest_yearly": 0,
            "eps_growth_yearly": 0
        },
        "20131": {
            "year_quarter": 20131,
            "year": 2013,
            "quarter": 1,
            "eps": null,
            "eps_growth_year": null,
            "eps_4q": null,
            "eps_4q_growth_year": null,
            "roe": null,
            "gross_profit": 396148,
            "gross_margin": null,
            "net_income": 226861,
            "revenue": 1209888,
            "common_shares": 29,
            "equity": 2214164,
            "current_ratio": 146.33,
            "debt_ratio": 70.46,
            "inventory_turnover_ratio": null,
            "account_receivable_turnover_ratio": null,
            "reinvestment_rate": null,
            "research_to_sale_ratio": null,
            "price_fair": 0,
            "eps_avg_yearly": 0,
            "eps_latest_yearly": 0,
            "eps_growth_yearly": 0
        },
        "20132": {
            "year_quarter": 20132,
            "year": 2013,
            "quarter": 2,
            "eps": null,
            "eps_growth_year": null,
            "eps_4q": null,
            "eps_4q_growth_year": null,
            "roe": null,
            "gross_profit": 381731,
            "gross_margin": null,
            "net_income": 269458,
            "revenue": 1206299,
            "common_shares": 1200000,
            "equity": 4921979,
            "current_ratio": 220.13,
            "debt_ratio": 34.91,
            "inventory_turnover_ratio": null,
            "account_receivable_turnover_ratio": null,
            "reinvestment_rate": null,
            "research_to_sale_ratio": null,
            "price_fair": 0,
            "eps_avg_yearly": 0,
            "eps_latest_yearly": 0,
            "eps_growth_yearly": 0
        },
        "20133": {
            "year_quarter": 20133,
            "year": 2013,
            "quarter": 3,
            "eps": 2.47,
            "eps_growth_year": null,
            "eps_4q": 2.47,
            "eps_4q_growth_year": null,
            "roe": 5.88,
            "gross_profit": 449923,
            "gross_margin": 33.53,
            "net_income": 296704,
            "revenue": 1341663,
            "common_shares": 1200000,
            "equity": 5170877,
            "current_ratio": 229.9,
            "debt_ratio": 32.54,
            "inventory_turnover_ratio": 6.58,
            "account_receivable_turnover_ratio": 2.41,
            "reinvestment_rate": null,
            "research_to_sale_ratio": 0.54,
            "price_fair": 0,
            "eps_avg_yearly": 0,
            "eps_latest_yearly": 0,
            "eps_growth_yearly": 0
        },
        "20134": {
            "year_quarter": 20134,
            "year": 2013,
            "quarter": 4,
            "eps": 2.82,
            "eps_growth_year": null,
            "eps_4q": 5.3,
            "eps_4q_growth_year": null,
            "roe": 6.29,
            "gross_profit": 488661,
            "gross_margin": 34.59,
            "net_income": 338829,
            "revenue": 1412918,
            "common_shares": 1200000,
            "equity": 5599706,
            "current_ratio": 213.89,
            "debt_ratio": 30.44,
            "inventory_turnover_ratio": 5.99,
            "account_receivable_turnover_ratio": 1.13,
            "reinvestment_rate": null,
            "research_to_sale_ratio": 0.52,
            "price_fair": 394.8,
            "eps_avg_yearly": 11.28,
            "eps_latest_yearly": 11.28,
            "eps_growth_yearly": 56.68
        },
        "20141": {
            "year_quarter": 20141,
            "year": 2014,
            "quarter": 1,
            "eps": 2.65,
            "eps_growth_year": null,
            "eps_4q": 7.31,
            "eps_4q_growth_year": null,
            "roe": 5.21,
            "gross_profit": 519683,
            "gross_margin": 33.99,
            "net_income": 351341,
            "revenue": 1528951,
            "common_shares": 1350000,
            "equity": 7893310,
            "current_ratio": 331.31,
            "debt_ratio": 22.99,
            "inventory_turnover_ratio": 5.38,
            "account_receivable_turnover_ratio": 1.08,
            "reinvestment_rate": null,
            "research_to_sale_ratio": 0.48,
            "price_fair": 287.54,
            "eps_avg_yearly": 10.94,
            "eps_latest_yearly": 10.6,
            "eps_growth_yearly": 16.28
        },
        "20142": {
            "year_quarter": 20142,
            "year": 2014,
            "quarter": 2,
            "eps": 2.24,
            "eps_growth_year": null,
            "eps_4q": 8.89,
            "eps_4q_growth_year": null,
            "roe": 4.26,
            "gross_profit": 542928,
            "gross_margin": 34.76,
            "net_income": 332695,
            "revenue": 1562037,
            "common_shares": 1350000,
            "equity": 7729735,
            "current_ratio": 244.69,
            "debt_ratio": 23.62,
            "inventory_turnover_ratio": 4.82,
            "account_receivable_turnover_ratio": 1.09,
            "reinvestment_rate": null,
            "research_to_sale_ratio": 0.52,
            "price_fair": 30.84,
            "eps_avg_yearly": 10.28,
            "eps_latest_yearly": 8.96,
            "eps_growth_yearly": -9.77
        },
        "20143": {
            "year_quarter": 20143,
            "year": 2014,
            "quarter": 3,
            "eps": 2.26,
            "eps_growth_year": -8.5,
            "eps_4q": 9.15,
            "eps_4q_growth_year": 270.09,
            "roe": 4.21,
            "gross_profit": 557152,
            "gross_margin": 35.01,
            "net_income": 335984,
            "revenue": 1591579,
            "common_shares": 1485000,
            "equity": 8214615,
            "current_ratio": 252.08,
            "debt_ratio": 21.98,
            "inventory_turnover_ratio": 4.89,
            "account_receivable_turnover_ratio": 1.1,
            "reinvestment_rate": null,
            "research_to_sale_ratio": 0.61,
            "price_fair": 29.91,
            "eps_avg_yearly": 9.97,
            "eps_latest_yearly": 9.04,
            "eps_growth_yearly": -6.44
        },
        "20144": {
            "year_quarter": 20144,
            "year": 2014,
            "quarter": 4,
            "eps": 3.49,
            "eps_growth_year": 23.55,
            "eps_4q": 10.36,
            "eps_4q_growth_year": 95.57,
            "roe": 5.97,
            "gross_profit": 557004,
            "gross_margin": 35.4,
            "net_income": 518057,
            "revenue": 1573362,
            "common_shares": 1485000,
            "equity": 9130025,
            "current_ratio": 262.22,
            "debt_ratio": 19.29,
            "inventory_turnover_ratio": 5.14,
            "account_receivable_turnover_ratio": 1.07,
            "reinvestment_rate": null,
            "research_to_sale_ratio": 0.82,
            "price_fair": 376.88,
            "eps_avg_yearly": 10.77,
            "eps_latest_yearly": 13.96,
            "eps_growth_yearly": 38.39
        },
        "20151": {
            "year_quarter": 20151,
            "year": 2015,
            "quarter": 1,
            "eps": 2.35,
            "eps_growth_year": -11.32,
            "eps_4q": 10.35,
            "eps_4q_growth_year": 41.52,
            "roe": 3.78,
            "gross_profit": 518209,
            "gross_margin": 36.84,
            "net_income": 349545,
            "revenue": 1406797,
            "common_shares": 1485000,
            "equity": 9341748,
            "current_ratio": 216.23,
            "debt_ratio": 17.95,
            "inventory_turnover_ratio": 4.61,
            "account_receivable_turnover_ratio": 1.04,
            "reinvestment_rate": null,
            "research_to_sale_ratio": 0.93,
            "price_fair": 213.07,
            "eps_avg_yearly": 10.54,
            "eps_latest_yearly": 9.4,
            "eps_growth_yearly": 10.22
        },
        "20152": {
            "year_quarter": 20152,
            "year": 2015,
            "quarter": 2,
            "eps": 2.68,
            "eps_growth_year": 19.64,
            "eps_4q": 10.79,
            "eps_4q_growth_year": 21.37,
            "roe": 4.27,
            "gross_profit": 564739,
            "gross_margin": 35.83,
            "net_income": 397994,
            "revenue": 1576241,
            "common_shares": 1485000,
            "equity": 9280943,
            "current_ratio": 193.71,
            "debt_ratio": 20.29,
            "inventory_turnover_ratio": 4.88,
            "account_receivable_turnover_ratio": 1.2,
            "reinvestment_rate": null,
            "research_to_sale_ratio": 0.67,
            "price_fair": 282.95,
            "eps_avg_yearly": 10.57,
            "eps_latest_yearly": 10.72,
            "eps_growth_yearly": 16.78
        },
        "20153": {
            "year_quarter": 20153,
            "year": 2015,
            "quarter": 3,
            "eps": 2.73,
            "eps_growth_year": 20.8,
            "eps_4q": 11.25,
            "eps_4q_growth_year": 22.95,
            "roe": 4.22,
            "gross_profit": 593466,
            "gross_margin": 36.37,
            "net_income": 405140,
            "revenue": 1631894,
            "common_shares": 1485000,
            "equity": 9910665,
            "current_ratio": 213.62,
            "debt_ratio": 17.71,
            "inventory_turnover_ratio": 5.21,
            "account_receivable_turnover_ratio": 1.17,
            "reinvestment_rate": null,
            "research_to_sale_ratio": 0.76,
            "price_fair": 271.78,
            "eps_avg_yearly": 10.61,
            "eps_latest_yearly": 10.92,
            "eps_growth_yearly": 15.62
        },
        "20154": {
            "year_quarter": 20154,
            "year": 2015,
            "quarter": 4,
            "eps": 2.74,
            "eps_growth_year": -21.33,
            "eps_4q": 10.51,
            "eps_4q_growth_year": 1.44,
            "roe": 4.07,
            "gross_profit": 590775,
            "gross_margin": 36.8,
            "net_income": 407533,
            "revenue": 1605347,
            "common_shares": 1485000,
            "equity": 10098840,
            "current_ratio": 248.75,
            "debt_ratio": 14.43,
            "inventory_turnover_ratio": 6.52,
            "account_receivable_turnover_ratio": 1.16,
            "reinvestment_rate": null,
            "research_to_sale_ratio": 0.78,
            "price_fair": 256.03,
            "eps_avg_yearly": 10.65,
            "eps_latest_yearly": 10.96,
            "eps_growth_yearly": 14.04
        },
        "20161": {
            "year_quarter": 20161,
            "year": 2016,
            "quarter": 1,
            "eps": 2.65,
            "eps_growth_year": 12.77,
            "eps_4q": 10.8,
            "eps_4q_growth_year": 4.42,
            "roe": 3.85,
            "gross_profit": 563557,
            "gross_margin": 37.45,
            "net_income": 393511,
            "revenue": 1504891,
            "common_shares": 1485000,
            "equity": 10337793,
            "current_ratio": 294.91,
            "debt_ratio": 12.57,
            "inventory_turnover_ratio": 6.58,
            "account_receivable_turnover_ratio": 1.13,
            "reinvestment_rate": null,
            "research_to_sale_ratio": 0.6,
            "price_fair": 226.98,
            "eps_avg_yearly": 10.64,
            "eps_latest_yearly": 10.6,
            "eps_growth_yearly": 11.33
        },
        "20162": {
            "year_quarter": 20162,
            "year": 2016,
            "quarter": 2,
            "eps": 3.06,
            "eps_growth_year": 14.18,
            "eps_4q": 11.18,
            "eps_4q_growth_year": 3.67,
            "roe": 4.51,
            "gross_profit": 655970,
            "gross_margin": 37.69,
            "net_income": 454189,
            "revenue": 1740581,
            "common_shares": 1485000,
            "equity": 9812284,
            "current_ratio": 213.31,
            "debt_ratio": 18.21,
            "inventory_turnover_ratio": 6.89,
            "account_receivable_turnover_ratio": 1.29,
            "reinvestment_rate": 121.91,
            "research_to_sale_ratio": 0.67,
            "price_fair": 279.67,
            "eps_avg_yearly": 10.79,
            "eps_latest_yearly": 12.24,
            "eps_growth_yearly": 15.92
        },
        "20163": {
            "year_quarter": 20163,
            "year": 2016,
            "quarter": 3,
            "eps": 2.98,
            "eps_growth_year": 9.16,
            "eps_4q": 11.44,
            "eps_4q_growth_year": 1.64,
            "roe": 4.49,
            "gross_profit": 668326,
            "gross_margin": 38.16,
            "net_income": 442933,
            "revenue": 1751327,
            "common_shares": 1485000,
            "equity": 9903587,
            "current_ratio": 222.67,
            "debt_ratio": 17.92,
            "inventory_turnover_ratio": 7.14,
            "account_receivable_turnover_ratio": 1.24,
            "reinvestment_rate": 76.17,
            "research_to_sale_ratio": 0.72,
            "price_fair": 258.19,
            "eps_avg_yearly": 10.88,
            "eps_latest_yearly": 11.92,
            "eps_growth_yearly": 13.72
        },
        "20164": {
            "year_quarter": 20164,
            "year": 2016,
            "quarter": 4,
            "eps": 3.6,
            "eps_growth_year": 31.17,
            "eps_4q": 12.29,
            "eps_4q_growth_year": 16.98,
            "roe": 5.28,
            "gross_profit": 750500,
            "gross_margin": 38.96,
            "net_income": 534576,
            "revenue": 1926392,
            "common_shares": 1485000,
            "equity": 10333781,
            "current_ratio": 260.27,
            "debt_ratio": 13.65,
            "inventory_turnover_ratio": 6.33,
            "account_receivable_turnover_ratio": 1.27,
            "reinvestment_rate": 65.48,
            "research_to_sale_ratio": 0.7,
            "price_fair": 324.24,
            "eps_avg_yearly": 11.15,
            "eps_latest_yearly": 14.4,
            "eps_growth_yearly": 19.07
        },
        "20171": {
            "year_quarter": 20171,
            "year": 2017,
            "quarter": 1,
            "eps": 3.31,
            "eps_growth_year": 24.91,
            "eps_4q": 12.95,
            "eps_4q_growth_year": 19.89,
            "roe": 4.78,
            "gross_profit": 766023,
            "gross_margin": 35.58,
            "net_income": 491510,
            "revenue": 2152910,
            "common_shares": 1485000,
            "equity": 10250116,
            "current_ratio": 259.02,
            "debt_ratio": 14.68,
            "inventory_turnover_ratio": 5.43,
            "account_receivable_turnover_ratio": 1.22,
            "reinvestment_rate": 58.48,
            "research_to_sale_ratio": 0.67,
            "price_fair": 287.16,
            "eps_avg_yearly": 11.3,
            "eps_latest_yearly": 13.24,
            "eps_growth_yearly": 15.41
        },
        "20172": {
            "year_quarter": 20172,
            "year": 2017,
            "quarter": 2,
            "eps": 1.09,
            "eps_growth_year": -64.38,
            "eps_4q": 10.09,
            "eps_4q_growth_year": -9.79,
            "roe": 1.71,
            "gross_profit": 341755,
            "gross_margin": 21.38,
            "net_income": 178501,
            "revenue": 1598523,
            "common_shares": 1485000,
            "equity": 10637326,
            "current_ratio": 251.63,
            "debt_ratio": 15.24,
            "inventory_turnover_ratio": 4.65,
            "account_receivable_turnover_ratio": 1,
            "reinvestment_rate": 58.32,
            "research_to_sale_ratio": 0.95,
            "price_fair": 32.52,
            "eps_avg_yearly": 10.84,
            "eps_latest_yearly": 4.36,
            "eps_growth_yearly": -3.51
        },
        "20173": {
            "year_quarter": 20173,
            "year": 2017,
            "quarter": 3,
            "eps": 0.54,
            "eps_growth_year": -81.88,
            "eps_4q": 7.92,
            "eps_4q_growth_year": -30.77,
            "roe": 0.82,
            "gross_profit": 84891,
            "gross_margin": 7.61,
            "net_income": 88673,
            "revenue": 1115793,
            "common_shares": 1633500,
            "equity": 10886943,
            "current_ratio": 260.82,
            "debt_ratio": 14.23,
            "inventory_turnover_ratio": 4.56,
            "account_receivable_turnover_ratio": 0.98,
            "reinvestment_rate": 56.65,
            "research_to_sale_ratio": 1.27,
            "price_fair": 30.89,
            "eps_avg_yearly": 10.3,
            "eps_latest_yearly": 2.16,
            "eps_growth_yearly": -15.9
        },
        "20174": {
            "year_quarter": 20174,
            "year": 2017,
            "quarter": 4,
            "eps": 0.04,
            "eps_growth_year": -98.85,
            "eps_4q": 4.69,
            "eps_4q_growth_year": -61.88,
            "roe": 0.06,
            "gross_profit": 201773,
            "gross_margin": 14.12,
            "net_income": 6759,
            "revenue": 1429012,
            "common_shares": 1633500,
            "equity": 10879358,
            "current_ratio": 292.86,
            "debt_ratio": 11.1,
            "inventory_turnover_ratio": 6.47,
            "account_receivable_turnover_ratio": 1.29,
            "reinvestment_rate": 70.73,
            "research_to_sale_ratio": 1.15,
            "price_fair": 28.81,
            "eps_avg_yearly": 9.6,
            "eps_latest_yearly": 0.16,
            "eps_growth_yearly": -42.59
        },
        "20181": {
            "year_quarter": 20181,
            "year": 2018,
            "quarter": 1,
            "eps": -0.14,
            "eps_growth_year": -104.23,
            "eps_4q": 1.53,
            "eps_4q_growth_year": -88.16,
            "roe": -0.21,
            "gross_profit": 98650,
            "gross_margin": 7.73,
            "net_income": -23391,
            "revenue": 1276116,
            "common_shares": 1633500,
            "equity": 11032844,
            "current_ratio": 248.59,
            "debt_ratio": 9.19,
            "inventory_turnover_ratio": 6.52,
            "account_receivable_turnover_ratio": 1.2,
            "reinvestment_rate": 95,
            "research_to_sale_ratio": 1.43,
            "price_fair": 28.61,
            "eps_avg_yearly": 9.54,
            "eps_latest_yearly": 0.16,
            "eps_growth_yearly": -43.82
        },
        "20182": {
            "year_quarter": 20182,
            "year": 2018,
            "quarter": 2,
            "eps": -0.99,
            "eps_growth_year": -190.83,
            "eps_4q": -0.54,
            "eps_4q_growth_year": -105.38,
            "roe": -1.47,
            "gross_profit": -50613,
            "gross_margin": -5.87,
            "net_income": -160711,
            "revenue": 861533,
            "common_shares": 1633500,
            "equity": 10765456,
            "current_ratio": 185.43,
            "debt_ratio": 9.57,
            "inventory_turnover_ratio": 4.36,
            "account_receivable_turnover_ratio": 1.11,
            "reinvestment_rate": 97.34,
            "research_to_sale_ratio": 2.05,
            "price_fair": 28.73,
            "eps_avg_yearly": 9.58,
            "eps_latest_yearly": 0.16,
            "eps_growth_yearly": -42.53
        },
        "20183": {
            "year_quarter": 20183,
            "year": 2018,
            "quarter": 3,
            "eps": -0.53,
            "eps_growth_year": -198.15,
            "eps_4q": -1.62,
            "eps_4q_growth_year": -120.4,
            "roe": -0.82,
            "gross_profit": -17231,
            "gross_margin": -2.08,
            "net_income": -86493,
            "revenue": 829587,
            "common_shares": 1633500,
            "equity": 10291396,
            "current_ratio": 179.09,
            "debt_ratio": 8.64,
            "inventory_turnover_ratio": 3.65,
            "account_receivable_turnover_ratio": 1.29,
            "reinvestment_rate": 89.53,
            "research_to_sale_ratio": 1.84,
            "price_fair": 28.86,
            "eps_avg_yearly": 9.62,
            "eps_latest_yearly": 0.16,
            "eps_growth_yearly": -46.08
        },
        "20184": {
            "year_quarter": 20184,
            "year": 2018,
            "quarter": 4,
            "eps": -1.06,
            "eps_growth_year": -2669.8,
            "eps_4q": -2.72,
            "eps_4q_growth_year": -158.04,
            "roe": -1.69,
            "gross_profit": -52705,
            "gross_margin": -5.91,
            "net_income": -173691,
            "revenue": 892216,
            "common_shares": 1633500,
            "equity": 10207104,
            "current_ratio": 170.2,
            "debt_ratio": 8.28,
            "inventory_turnover_ratio": 4.84,
            "account_receivable_turnover_ratio": 1.35,
            "reinvestment_rate": 95.18,
            "research_to_sale_ratio": 2.12,
            "price_fair": 27.77,
            "eps_avg_yearly": 9.26,
            "eps_latest_yearly": 0.16,
            "eps_growth_yearly": -68.06
        },
        "20191": {
            "year_quarter": 20191,
            "year": 2019,
            "quarter": 1,
            "eps": -0.71,
            "eps_growth_year": null,
            "eps_4q": -3.28,
            "eps_4q_growth_year": -314.13,
            "roe": -1.13,
            "gross_profit": -45818,
            "gross_margin": -5.05,
            "net_income": -115590,
            "revenue": 907524,
            "common_shares": 1633500,
            "equity": 10323519,
            "current_ratio": 168.82,
            "debt_ratio": 8.71,
            "inventory_turnover_ratio": 5.82,
            "account_receivable_turnover_ratio": 1.33,
            "reinvestment_rate": 103.42,
            "research_to_sale_ratio": 1.8,
            "price_fair": 27.73,
            "eps_avg_yearly": 9.24,
            "eps_latest_yearly": 0.16,
            "eps_growth_yearly": -62.37
        },
        "20192": {
            "year_quarter": 20192,
            "year": 2019,
            "quarter": 2,
            "eps": -0.82,
            "eps_growth_year": null,
            "eps_4q": -3.12,
            "eps_4q_growth_year": null,
            "roe": -1.32,
            "gross_profit": -66027,
            "gross_margin": -7.18,
            "net_income": -134482,
            "revenue": 919734,
            "common_shares": 1633500,
            "equity": 10057215,
            "current_ratio": 164.93,
            "debt_ratio": 9,
            "inventory_turnover_ratio": 6.21,
            "account_receivable_turnover_ratio": 1.38,
            "reinvestment_rate": 108.73,
            "research_to_sale_ratio": 1.92,
            "price_fair": 27.29,
            "eps_avg_yearly": 9.1,
            "eps_latest_yearly": 0.16,
            "eps_growth_yearly": -74.23
        }
    },
    "months": {
        "2014-01": {
            "month": "2014-01",
            "price": "165.00",
            "revenue": 499735
        },
        "2014-02": {
            "month": "2014-02",
            "price": "173.21",
            "revenue": 496590
        },
        "2014-03": {
            "month": "2014-03",
            "price": "243.02",
            "revenue": 532642
        },
        "2014-04": {
            "month": "2014-04",
            "price": "233.40",
            "revenue": 517509
        },
        "2014-05": {
            "month": "2014-05",
            "price": "218.86",
            "revenue": 520833
        },
        "2014-06": {
            "month": "2014-06",
            "price": "215.90",
            "revenue": 523405
        },
        "2014-07": {
            "month": "2014-07",
            "price": "201.86",
            "revenue": 527497
        },
        "2014-08": {
            "month": "2014-08",
            "price": "172.62",
            "revenue": 530266
        },
        "2014-09": {
            "month": "2014-09",
            "price": "168.83",
            "revenue": 533467
        },
        "2014-10": {
            "month": "2014-10",
            "price": "150.82",
            "revenue": 538979
        },
        "2014-11": {
            "month": "2014-11",
            "price": "127.82",
            "revenue": 519996
        },
        "2014-12": {
            "month": "2014-12",
            "price": "146.92",
            "revenue": 513188
        },
        "2015-01": {
            "month": "2015-01",
            "price": "158.20",
            "revenue": 502090
        },
        "2015-02": {
            "month": "2015-02",
            "price": "148.92",
            "revenue": 423124
        },
        "2015-03": {
            "month": "2015-03",
            "price": "140.75",
            "revenue": 481715
        },
        "2015-04": {
            "month": "2015-04",
            "price": "138.02",
            "revenue": 499211
        },
        "2015-05": {
            "month": "2015-05",
            "price": "142.60",
            "revenue": 532214
        },
        "2015-06": {
            "month": "2015-06",
            "price": "135.17",
            "revenue": 542727
        },
        "2015-07": {
            "month": "2015-07",
            "price": "131.14",
            "revenue": 561578
        },
        "2015-08": {
            "month": "2015-08",
            "price": "121.95",
            "revenue": 547318
        },
        "2015-09": {
            "month": "2015-09",
            "price": "116.80",
            "revenue": 523052
        },
        "2015-10": {
            "month": "2015-10",
            "price": "122.14",
            "revenue": 529741
        },
        "2015-11": {
            "month": "2015-11",
            "price": "127.29",
            "revenue": 509861
        },
        "2015-12": {
            "month": "2015-12",
            "price": "121.52",
            "revenue": 565567
        },
        "2016-01": {
            "month": "2016-01",
            "price": "109.10",
            "revenue": 500637
        },
        "2016-02": {
            "month": "2016-02",
            "price": "116.08",
            "revenue": 449642
        },
        "2016-03": {
            "month": "2016-03",
            "price": "125.00",
            "revenue": 553823
        },
        "2016-04": {
            "month": "2016-04",
            "price": "133.05",
            "revenue": 561268
        },
        "2016-05": {
            "month": "2016-05",
            "price": "149.74",
            "revenue": 586602
        },
        "2016-06": {
            "month": "2016-06",
            "price": "155.07",
            "revenue": 589543
        },
        "2016-07": {
            "month": "2016-07",
            "price": "153.15",
            "revenue": 591016
        },
        "2016-08": {
            "month": "2016-08",
            "price": "144.43",
            "revenue": 592519
        },
        "2016-09": {
            "month": "2016-09",
            "price": "146.87",
            "revenue": 561553
        },
        "2016-10": {
            "month": "2016-10",
            "price": "163.05",
            "revenue": 582205
        },
        "2016-11": {
            "month": "2016-11",
            "price": "152.18",
            "revenue": 610815
        },
        "2016-12": {
            "month": "2016-12",
            "price": "148.66",
            "revenue": 719872
        },
        "2017-01": {
            "month": "2017-01",
            "price": "150.00",
            "revenue": 594543
        },
        "2017-02": {
            "month": "2017-02",
            "price": "168.78",
            "revenue": 765808
        },
        "2017-03": {
            "month": "2017-03",
            "price": "165.04",
            "revenue": 788454
        },
        "2017-04": {
            "month": "2017-04",
            "price": "161.86",
            "revenue": 686932
        },
        "2017-05": {
            "month": "2017-05",
            "price": "131.65",
            "revenue": 523210
        },
        "2017-06": {
            "month": "2017-06",
            "price": "128.24",
            "revenue": 393251
        },
        "2017-07": {
            "month": "2017-07",
            "price": "96.05",
            "revenue": 340011
        },
        "2017-08": {
            "month": "2017-08",
            "price": "82.37",
            "revenue": 308041
        },
        "2017-09": {
            "month": "2017-09",
            "price": "73.39",
            "revenue": 460924
        },
        "2017-10": {
            "month": "2017-10",
            "price": "73.96",
            "revenue": 390486
        },
        "2017-11": {
            "month": "2017-11",
            "price": "62.62",
            "revenue": 506708
        },
        "2017-12": {
            "month": "2017-12",
            "price": "61.25",
            "revenue": 529301
        },
        "2018-01": {
            "month": "2018-01",
            "price": "62.56",
            "revenue": 540385
        },
        "2018-02": {
            "month": "2018-02",
            "price": "57.91",
            "revenue": 348520
        },
        "2018-03": {
            "month": "2018-03",
            "price": "53.56",
            "revenue": 385727
        },
        "2018-04": {
            "month": "2018-04",
            "price": "39.65",
            "revenue": 306698
        },
        "2018-05": {
            "month": "2018-05",
            "price": "34.33",
            "revenue": 293067
        },
        "2018-06": {
            "month": "2018-06",
            "price": "31.49",
            "revenue": 258996
        },
        "2018-07": {
            "month": "2018-07",
            "price": "28.29",
            "revenue": 271416
        },
        "2018-08": {
            "month": "2018-08",
            "price": "33.29",
            "revenue": 272829
        },
        "2018-09": {
            "month": "2018-09",
            "price": "32.26",
            "revenue": 290986
        },
        "2018-10": {
            "month": "2018-10",
            "price": "34.79",
            "revenue": 296871
        },
        "2018-11": {
            "month": "2018-11",
            "price": "36.42",
            "revenue": 300840
        },
        "2018-12": {
            "month": "2018-12",
            "price": "36.62",
            "revenue": 297269
        },
        "2019-01": {
            "month": "2019-01",
            "price": "36.39",
            "revenue": 296655
        },
        "2019-02": {
            "month": "2019-02",
            "price": "37.52",
            "revenue": 294563
        },
        "2019-03": {
            "month": "2019-03",
            "price": "36.85",
            "revenue": 316407
        },
        "2019-04": {
            "month": "2019-04",
            "price": "36.89",
            "revenue": 318231
        },
        "2019-05": {
            "month": "2019-05",
            "price": "32.07",
            "revenue": 306419
        },
        "2019-06": {
            "month": "2019-06",
            "price": "29.07",
            "revenue": 295229
        },
        "2019-07": {
            "month": "2019-07",
            "price": "36.42",
            "revenue": 285181
        },
        "2019-08": {
            "month": "2019-08",
            "price": "39.40",
            "revenue": 280239
        },
        "2019-09": {
            "month": "2019-09",
            "price": "39.76",
            "revenue": 271377
        }
    }
}
