{
    "summary": {
        "stock_name": "德麥",
        "stock_id": "1264",
        "category": "食品",
        "main_business": "專業進口烘焙原料銷售<br>各式烘焙食品、乳製品、各式包裝材料及器具之銷售<br>烘焙原料之預拌粉加工製造",
        "website_url": "http://www.tehmag.com.tw",
        "ceo": "吳文欽",
        "pe_ratio": 16,
        "report_year_from": 2011,
        "report_year_to": 2023,
        "age": 13,
        "eps_negative_percentage": 0,
        "eps_growth_avg": {
            "last_all": 6.64,
            "last_2y": -4.16,
            "last_4y": 1.49,
            "last_8y": 6.64,
            "last_12y": null,
            "last_16y": null,
            "last_20y": null,
            "at_2006_last_3y": null,
            "at_2007_last_3y": null,
            "at_2008_last_3y": null,
            "at_2009_last_3y": null,
            "at_2010_last_3y": null,
            "at_2011_last_3y": null,
            "at_2012_last_3y": null,
            "at_2013_last_3y": null,
            "at_2014_last_3y": null,
            "at_2015_last_3y": null,
            "at_2016_last_3y": null,
            "at_2017_last_3y": null,
            "at_2018_last_3y": 13.08,
            "at_2019_last_3y": 1.41,
            "at_2020_last_3y": 2.73,
            "at_2021_last_3y": 5.53,
            "at_2022_last_3y": 6.67,
            "at_2023_last_3y": 0.43,
            "at_2024_last_3y": 0.43,
            "at_2006_last_all": null,
            "at_2007_last_all": null,
            "at_2008_last_all": null,
            "at_2009_last_all": null,
            "at_2010_last_all": null,
            "at_2011_last_all": null,
            "at_2012_last_all": null,
            "at_2013_last_all": null,
            "at_2014_last_all": null,
            "at_2015_last_all": null,
            "at_2016_last_all": 30.66,
            "at_2017_last_all": 18.6,
            "at_2018_last_all": 13.08,
            "at_2019_last_all": 11.61,
            "at_2020_last_all": 12.04,
            "at_2021_last_all": 11.13,
            "at_2022_last_all": 9.87,
            "at_2023_last_all": 6.64,
            "at_2024_last_all": 6.64
        },
        "latest_eps": 18.1,
        "latest_price": 294,
        "latest_roe": 21.41,
        "latest_gross_margin": 33.03,
        "latest_equity": 3719236,
        "latest_revenue": 1515752,
        "latest_gross_profit": 500685,
        "latest_net_income": 205237,
        "latest_debt_ratio": 20.4,
        "latest_current_ratio": 326.94,
        "latest_account_receivable_turnover_ratio": 1.54,
        "latest_inventory_turnover_ratio": 1.25,
        "latest_reinvestment_rate": 31.02,
        "latest_research_to_sale_ratio": 1.14
    },
    "eps_dividends": {
        "2001": {
            "cash": 0,
            "stock": 0,
            "eps": 0
        },
        "2002": {
            "cash": 0,
            "stock": 0,
            "eps": 0
        },
        "2003": {
            "cash": 0,
            "stock": 0,
            "eps": 0
        },
        "2004": {
            "cash": 0,
            "stock": 0,
            "eps": 0
        },
        "2005": {
            "cash": 0,
            "stock": 0,
            "eps": 0
        },
        "2006": {
            "cash": 0,
            "stock": 0,
            "eps": 0
        },
        "2007": {
            "cash": 0,
            "stock": 0,
            "eps": 0
        },
        "2008": {
            "cash": 0,
            "stock": 0,
            "eps": 0
        },
        "2009": {
            "cash": 0,
            "stock": 0,
            "eps": 0
        },
        "2010": {
            "cash": 0,
            "stock": 0,
            "eps": 0
        },
        "2011": {
            "cash": 0,
            "stock": 0,
            "eps": 0
        },
        "2012": {
            "cash": 0,
            "stock": 0,
            "eps": 0
        },
        "2013": {
            "cash": 0,
            "stock": 0,
            "eps": 0
        },
        "2014": {
            "cash": 7,
            "stock": 1,
            "eps": 8.76
        },
        "2015": {
            "cash": 10,
            "stock": 0,
            "eps": 13.35
        },
        "2016": {
            "cash": 11,
            "stock": 0,
            "eps": 14.54
        },
        "2017": {
            "cash": 10,
            "stock": 1,
            "eps": 13.74
        },
        "2018": {
            "cash": 10.5,
            "stock": 0,
            "eps": 13.26
        },
        "2019": {
            "cash": 11,
            "stock": 0,
            "eps": 14.02
        },
        "2020": {
            "cash": 11,
            "stock": 0,
            "eps": 16.01
        },
        "2021": {
            "cash": 12,
            "stock": 1,
            "eps": 16.92
        },
        "2022": {
            "cash": 12,
            "stock": 0,
            "eps": 17.1
        },
        "2023": {
            "cash": 12,
            "stock": 0,
            "eps": 13.81
        }
    },
    "dividends": {
        "2014-08-15": {
            "cash": 7,
            "stock": 1
        },
        "2015-07-06": {
            "cash": 10,
            "stock": 0
        },
        "2016-07-20": {
            "cash": 11,
            "stock": 0
        },
        "2017-08-08": {
            "cash": 10,
            "stock": 1
        },
        "2018-08-08": {
            "cash": 10.5,
            "stock": 0
        },
        "2019-08-08": {
            "cash": 11,
            "stock": 0
        },
        "2020-07-10": {
            "cash": 11,
            "stock": 0
        },
        "2021-09-08": {
            "cash": 12,
            "stock": 1
        },
        "2022-08-08": {
            "cash": 12,
            "stock": 0
        },
        "2023-07-17": {
            "cash": 12,
            "stock": 0
        }
    },
    "prices": {
        "200101": "無",
        "200102": "無",
        "200103": "無",
        "200104": "無",
        "200105": "無",
        "200106": "無",
        "200107": "無",
        "200108": "無",
        "200109": "無",
        "200110": "無",
        "200111": "無",
        "200112": "無",
        "200201": "無",
        "200202": "無",
        "200203": "無",
        "200204": "無",
        "200205": "無",
        "200206": "無",
        "200207": "無",
        "200208": "無",
        "200209": "無",
        "200210": "無",
        "200211": "無",
        "200212": "無",
        "200301": "無",
        "200302": "無",
        "200303": "無",
        "200304": "無",
        "200305": "無",
        "200306": "無",
        "200307": "無",
        "200308": "無",
        "200309": "無",
        "200310": "無",
        "200311": "無",
        "200312": "無",
        "200401": "無",
        "200402": "無",
        "200403": "無",
        "200404": "無",
        "200405": "無",
        "200406": "無",
        "200407": "無",
        "200408": "無",
        "200409": "無",
        "200410": "無",
        "200411": "無",
        "200412": "無",
        "200501": "無",
        "200502": "無",
        "200503": "無",
        "200504": "無",
        "200505": "無",
        "200506": "無",
        "200507": "無",
        "200508": "無",
        "200509": "無",
        "200510": "無",
        "200511": "無",
        "200512": "無",
        "200601": "無",
        "200602": "無",
        "200603": "無",
        "200604": "無",
        "200605": "無",
        "200606": "無",
        "200607": "無",
        "200608": "無",
        "200609": "無",
        "200610": "無",
        "200611": "無",
        "200612": "無",
        "200701": "無",
        "200702": "無",
        "200703": "無",
        "200704": "無",
        "200705": "無",
        "200706": "無",
        "200707": "無",
        "200708": "無",
        "200709": "無",
        "200710": "無",
        "200711": "無",
        "200712": "無",
        "200801": "無",
        "200802": "無",
        "200803": "無",
        "200804": "無",
        "200805": "無",
        "200806": "無",
        "200807": "無",
        "200808": "無",
        "200809": "無",
        "200810": "無",
        "200811": "無",
        "200812": "無",
        "200901": "無",
        "200902": "無",
        "200903": "無",
        "200904": "無",
        "200905": "無",
        "200906": "無",
        "200907": "無",
        "200908": "無",
        "200909": "無",
        "200910": "無",
        "200911": "無",
        "200912": "無",
        "201001": "無",
        "201002": "無",
        "201003": "無",
        "201004": "無",
        "201005": "無",
        "201006": "無",
        "201007": "無",
        "201008": "無",
        "201009": "無",
        "201010": "無",
        "201011": "無",
        "201012": "無",
        "201101": "無",
        "201102": "無",
        "201103": "無",
        "201104": "無",
        "201105": "無",
        "201106": "無",
        "201107": "無",
        "201108": "無",
        "201109": "無",
        "201110": "無",
        "201111": "無",
        "201112": "無",
        "201201": "無",
        "201202": "無",
        "201203": "無",
        "201204": "無",
        "201205": "無",
        "201206": "無",
        "201207": "無",
        "201208": "無",
        "201209": "無",
        "201210": "無",
        "201211": "無",
        "201212": "無",
        "201301": "無",
        "201302": "無",
        "201303": "無",
        "201304": "無",
        "201305": "無",
        "201306": "無",
        "201307": "無",
        "201308": "無",
        "201309": "無",
        "201310": "無",
        "201311": "無",
        "201312": "無",
        "201401": "無",
        "201402": "301.96",
        "201403": "280.85",
        "201404": "265.10",
        "201405": "278.34",
        "201406": "287.54",
        "201407": "277.80",
        "201408": "248.61",
        "201409": "238.57",
        "201410": "220.67",
        "201411": "238.61",
        "201412": "256.94",
        "201501": "241.58",
        "201502": "235.83",
        "201503": "235.90",
        "201504": "214.62",
        "201505": "225.22",
        "201506": "211.62",
        "201507": "196.77",
        "201508": "173.79",
        "201509": "179.40",
        "201510": "189.43",
        "201511": "188.67",
        "201512": "178.89",
        "201601": "179.29",
        "201602": "190.58",
        "201603": "201.59",
        "201604": "190.11",
        "201605": "189.10",
        "201606": "190.26",
        "201607": "183.78",
        "201608": "184.98",
        "201609": "188.26",
        "201610": "191.10",
        "201611": "192.61",
        "201612": "202.11",
        "201701": "201.62",
        "201702": "216.50",
        "201703": "231.70",
        "201704": "240.75",
        "201705": "252.52",
        "201706": "251.00",
        "201707": "231.02",
        "201708": "222.83",
        "201709": "222.52",
        "201710": "223.42",
        "201711": "228.80",
        "201712": "233.62",
        "201801": "233.14",
        "201802": "230.08",
        "201803": "231.07",
        "201804": "223.81",
        "201805": "211.73",
        "201806": "211.85",
        "201807": "209.18",
        "201808": "207.27",
        "201809": "210.06",
        "201810": "199.43",
        "201811": "197.39",
        "201812": "196.57",
        "201901": "197.74",
        "201902": "206.81",
        "201903": "210.35",
        "201904": "213.47",
        "201905": "216.36",
        "201906": "219.68",
        "201907": "220.91",
        "201908": "218.45",
        "201909": "222.13",
        "201910": "224.62",
        "201911": "223.58",
        "201912": "221.83",
        "202001": "221.97",
        "202002": "215.74",
        "202003": "201.61",
        "202004": "206.08",
        "202005": "216.30",
        "202006": "222.85",
        "202007": "216.54",
        "202008": "217.88",
        "202009": "219.30",
        "202010": "230.58",
        "202011": "245.67",
        "202012": "248.61",
        "202101": "247.42",
        "202102": "251.96",
        "202103": "275.32",
        "202104": "289.97",
        "202105": "303.48",
        "202106": "303.98",
        "202107": "317.09",
        "202108": "320.34",
        "202109": "305.39",
        "202110": "297.92",
        "202111": "296.19",
        "202112": "293.02",
        "202201": "292.42",
        "202202": "292.03",
        "202203": "283.76",
        "202204": "277.19",
        "202205": "270.52",
        "202206": "266.03",
        "202207": "257.41",
        "202208": "263.98",
        "202209": "263.45",
        "202210": "249.06",
        "202211": "247.11",
        "202212": "256.48",
        "202301": "260.00",
        "202302": "270.64",
        "202303": "269.65",
        "202304": "273.71",
        "202305": "281.64",
        "202306": "286.26",
        "202307": "291.21",
        "202308": "286.19",
        "202309": "285.92",
        "202310": "291.55",
        "202311": "290.83",
        "202312": "291.15"
    },
    "quarters": {
        "20011": {
            "year_quarter": 20011,
            "year": 2001,
            "quarter": 1,
            "eps": null,
            "eps_growth_year": null,
            "eps_4q": null,
            "eps_4q_growth_year": null,
            "roe": null,
            "roe_4q": 0,
            "gross_profit": null,
            "gross_margin": null,
            "gross_margin_4q_avg": 0,
            "net_income": null,
            "net_income_4q": null,
            "revenue": null,
            "revenue_4q": null,
            "common_shares": null,
            "book_valuer_per_share": null,
            "book_valuer_per_share_4q_avg": 0,
            "equity": null,
            "current_ratio": null,
            "debt_ratio": null,
            "inventory_turnover_ratio": null,
            "account_receivable_turnover_ratio": null,
            "reinvestment_rate": null,
            "research_to_sale_ratio": null,
            "price_fair": 0,
            "eps_avg_yearly": 0,
            "eps_latest_yearly": 0,
            "eps_growth_yearly": 0
        },
        "20012": {
            "year_quarter": 20012,
            "year": 2001,
            "quarter": 2,
            "eps": null,
            "eps_growth_year": null,
            "eps_4q": null,
            "eps_4q_growth_year": null,
            "roe": null,
            "roe_4q": 0,
            "gross_profit": null,
            "gross_margin": null,
            "gross_margin_4q_avg": 0,
            "net_income": null,
            "net_income_4q": null,
            "revenue": null,
            "revenue_4q": null,
            "common_shares": null,
            "book_valuer_per_share": null,
            "book_valuer_per_share_4q_avg": 0,
            "equity": null,
            "current_ratio": null,
            "debt_ratio": null,
            "inventory_turnover_ratio": null,
            "account_receivable_turnover_ratio": null,
            "reinvestment_rate": null,
            "research_to_sale_ratio": null,
            "price_fair": 0,
            "eps_avg_yearly": 0,
            "eps_latest_yearly": 0,
            "eps_growth_yearly": 0
        },
        "20013": {
            "year_quarter": 20013,
            "year": 2001,
            "quarter": 3,
            "eps": null,
            "eps_growth_year": null,
            "eps_4q": null,
            "eps_4q_growth_year": null,
            "roe": null,
            "roe_4q": 0,
            "gross_profit": null,
            "gross_margin": null,
            "gross_margin_4q_avg": 0,
            "net_income": null,
            "net_income_4q": null,
            "revenue": null,
            "revenue_4q": null,
            "common_shares": null,
            "book_valuer_per_share": null,
            "book_valuer_per_share_4q_avg": 0,
            "equity": null,
            "current_ratio": null,
            "debt_ratio": null,
            "inventory_turnover_ratio": null,
            "account_receivable_turnover_ratio": null,
            "reinvestment_rate": null,
            "research_to_sale_ratio": null,
            "price_fair": 0,
            "eps_avg_yearly": 0,
            "eps_latest_yearly": 0,
            "eps_growth_yearly": 0
        },
        "20014": {
            "year_quarter": 20014,
            "year": 2001,
            "quarter": 4,
            "eps": null,
            "eps_growth_year": null,
            "eps_4q": null,
            "eps_4q_growth_year": null,
            "roe": null,
            "roe_4q": 0,
            "gross_profit": null,
            "gross_margin": null,
            "gross_margin_4q_avg": 0,
            "net_income": null,
            "net_income_4q": null,
            "revenue": null,
            "revenue_4q": null,
            "common_shares": null,
            "book_valuer_per_share": null,
            "book_valuer_per_share_4q_avg": 0,
            "equity": null,
            "current_ratio": null,
            "debt_ratio": null,
            "inventory_turnover_ratio": null,
            "account_receivable_turnover_ratio": null,
            "reinvestment_rate": null,
            "research_to_sale_ratio": null,
            "price_fair": 0,
            "eps_avg_yearly": 0,
            "eps_latest_yearly": 0,
            "eps_growth_yearly": 0
        },
        "20021": {
            "year_quarter": 20021,
            "year": 2002,
            "quarter": 1,
            "eps": null,
            "eps_growth_year": null,
            "eps_4q": null,
            "eps_4q_growth_year": null,
            "roe": null,
            "roe_4q": 0,
            "gross_profit": null,
            "gross_margin": null,
            "gross_margin_4q_avg": 0,
            "net_income": null,
            "net_income_4q": null,
            "revenue": null,
            "revenue_4q": null,
            "common_shares": null,
            "book_valuer_per_share": null,
            "book_valuer_per_share_4q_avg": 0,
            "equity": null,
            "current_ratio": null,
            "debt_ratio": null,
            "inventory_turnover_ratio": null,
            "account_receivable_turnover_ratio": null,
            "reinvestment_rate": null,
            "research_to_sale_ratio": null,
            "price_fair": 0,
            "eps_avg_yearly": 0,
            "eps_latest_yearly": 0,
            "eps_growth_yearly": 0
        },
        "20022": {
            "year_quarter": 20022,
            "year": 2002,
            "quarter": 2,
            "eps": null,
            "eps_growth_year": null,
            "eps_4q": null,
            "eps_4q_growth_year": null,
            "roe": null,
            "roe_4q": 0,
            "gross_profit": null,
            "gross_margin": null,
            "gross_margin_4q_avg": 0,
            "net_income": null,
            "net_income_4q": null,
            "revenue": null,
            "revenue_4q": null,
            "common_shares": null,
            "book_valuer_per_share": null,
            "book_valuer_per_share_4q_avg": 0,
            "equity": null,
            "current_ratio": null,
            "debt_ratio": null,
            "inventory_turnover_ratio": null,
            "account_receivable_turnover_ratio": null,
            "reinvestment_rate": null,
            "research_to_sale_ratio": null,
            "price_fair": 0,
            "eps_avg_yearly": 0,
            "eps_latest_yearly": 0,
            "eps_growth_yearly": 0
        },
        "20023": {
            "year_quarter": 20023,
            "year": 2002,
            "quarter": 3,
            "eps": null,
            "eps_growth_year": null,
            "eps_4q": null,
            "eps_4q_growth_year": null,
            "roe": null,
            "roe_4q": 0,
            "gross_profit": null,
            "gross_margin": null,
            "gross_margin_4q_avg": 0,
            "net_income": null,
            "net_income_4q": null,
            "revenue": null,
            "revenue_4q": null,
            "common_shares": null,
            "book_valuer_per_share": null,
            "book_valuer_per_share_4q_avg": 0,
            "equity": null,
            "current_ratio": null,
            "debt_ratio": null,
            "inventory_turnover_ratio": null,
            "account_receivable_turnover_ratio": null,
            "reinvestment_rate": null,
            "research_to_sale_ratio": null,
            "price_fair": 0,
            "eps_avg_yearly": 0,
            "eps_latest_yearly": 0,
            "eps_growth_yearly": 0
        },
        "20024": {
            "year_quarter": 20024,
            "year": 2002,
            "quarter": 4,
            "eps": null,
            "eps_growth_year": null,
            "eps_4q": null,
            "eps_4q_growth_year": null,
            "roe": null,
            "roe_4q": 0,
            "gross_profit": null,
            "gross_margin": null,
            "gross_margin_4q_avg": 0,
            "net_income": null,
            "net_income_4q": null,
            "revenue": null,
            "revenue_4q": null,
            "common_shares": null,
            "book_valuer_per_share": null,
            "book_valuer_per_share_4q_avg": 0,
            "equity": null,
            "current_ratio": null,
            "debt_ratio": null,
            "inventory_turnover_ratio": null,
            "account_receivable_turnover_ratio": null,
            "reinvestment_rate": null,
            "research_to_sale_ratio": null,
            "price_fair": 0,
            "eps_avg_yearly": 0,
            "eps_latest_yearly": 0,
            "eps_growth_yearly": 0
        },
        "20031": {
            "year_quarter": 20031,
            "year": 2003,
            "quarter": 1,
            "eps": null,
            "eps_growth_year": null,
            "eps_4q": null,
            "eps_4q_growth_year": null,
            "roe": null,
            "roe_4q": 0,
            "gross_profit": null,
            "gross_margin": null,
            "gross_margin_4q_avg": 0,
            "net_income": null,
            "net_income_4q": null,
            "revenue": null,
            "revenue_4q": null,
            "common_shares": null,
            "book_valuer_per_share": null,
            "book_valuer_per_share_4q_avg": 0,
            "equity": null,
            "current_ratio": null,
            "debt_ratio": null,
            "inventory_turnover_ratio": null,
            "account_receivable_turnover_ratio": null,
            "reinvestment_rate": null,
            "research_to_sale_ratio": null,
            "price_fair": 0,
            "eps_avg_yearly": 0,
            "eps_latest_yearly": 0,
            "eps_growth_yearly": 0
        },
        "20032": {
            "year_quarter": 20032,
            "year": 2003,
            "quarter": 2,
            "eps": null,
            "eps_growth_year": null,
            "eps_4q": null,
            "eps_4q_growth_year": null,
            "roe": null,
            "roe_4q": 0,
            "gross_profit": null,
            "gross_margin": null,
            "gross_margin_4q_avg": 0,
            "net_income": null,
            "net_income_4q": null,
            "revenue": null,
            "revenue_4q": null,
            "common_shares": null,
            "book_valuer_per_share": null,
            "book_valuer_per_share_4q_avg": 0,
            "equity": null,
            "current_ratio": null,
            "debt_ratio": null,
            "inventory_turnover_ratio": null,
            "account_receivable_turnover_ratio": null,
            "reinvestment_rate": null,
            "research_to_sale_ratio": null,
            "price_fair": 0,
            "eps_avg_yearly": 0,
            "eps_latest_yearly": 0,
            "eps_growth_yearly": 0
        },
        "20033": {
            "year_quarter": 20033,
            "year": 2003,
            "quarter": 3,
            "eps": null,
            "eps_growth_year": null,
            "eps_4q": null,
            "eps_4q_growth_year": null,
            "roe": null,
            "roe_4q": 0,
            "gross_profit": null,
            "gross_margin": null,
            "gross_margin_4q_avg": 0,
            "net_income": null,
            "net_income_4q": null,
            "revenue": null,
            "revenue_4q": null,
            "common_shares": null,
            "book_valuer_per_share": null,
            "book_valuer_per_share_4q_avg": 0,
            "equity": null,
            "current_ratio": null,
            "debt_ratio": null,
            "inventory_turnover_ratio": null,
            "account_receivable_turnover_ratio": null,
            "reinvestment_rate": null,
            "research_to_sale_ratio": null,
            "price_fair": 0,
            "eps_avg_yearly": 0,
            "eps_latest_yearly": 0,
            "eps_growth_yearly": 0
        },
        "20034": {
            "year_quarter": 20034,
            "year": 2003,
            "quarter": 4,
            "eps": null,
            "eps_growth_year": null,
            "eps_4q": null,
            "eps_4q_growth_year": null,
            "roe": null,
            "roe_4q": 0,
            "gross_profit": null,
            "gross_margin": null,
            "gross_margin_4q_avg": 0,
            "net_income": null,
            "net_income_4q": null,
            "revenue": null,
            "revenue_4q": null,
            "common_shares": null,
            "book_valuer_per_share": null,
            "book_valuer_per_share_4q_avg": 0,
            "equity": null,
            "current_ratio": null,
            "debt_ratio": null,
            "inventory_turnover_ratio": null,
            "account_receivable_turnover_ratio": null,
            "reinvestment_rate": null,
            "research_to_sale_ratio": null,
            "price_fair": 0,
            "eps_avg_yearly": 0,
            "eps_latest_yearly": 0,
            "eps_growth_yearly": 0
        },
        "20041": {
            "year_quarter": 20041,
            "year": 2004,
            "quarter": 1,
            "eps": null,
            "eps_growth_year": null,
            "eps_4q": null,
            "eps_4q_growth_year": null,
            "roe": null,
            "roe_4q": 0,
            "gross_profit": null,
            "gross_margin": null,
            "gross_margin_4q_avg": 0,
            "net_income": null,
            "net_income_4q": null,
            "revenue": null,
            "revenue_4q": null,
            "common_shares": null,
            "book_valuer_per_share": null,
            "book_valuer_per_share_4q_avg": 0,
            "equity": null,
            "current_ratio": null,
            "debt_ratio": null,
            "inventory_turnover_ratio": null,
            "account_receivable_turnover_ratio": null,
            "reinvestment_rate": null,
            "research_to_sale_ratio": null,
            "price_fair": 0,
            "eps_avg_yearly": 0,
            "eps_latest_yearly": 0,
            "eps_growth_yearly": 0
        },
        "20042": {
            "year_quarter": 20042,
            "year": 2004,
            "quarter": 2,
            "eps": null,
            "eps_growth_year": null,
            "eps_4q": null,
            "eps_4q_growth_year": null,
            "roe": null,
            "roe_4q": 0,
            "gross_profit": null,
            "gross_margin": null,
            "gross_margin_4q_avg": 0,
            "net_income": null,
            "net_income_4q": null,
            "revenue": null,
            "revenue_4q": null,
            "common_shares": null,
            "book_valuer_per_share": null,
            "book_valuer_per_share_4q_avg": 0,
            "equity": null,
            "current_ratio": null,
            "debt_ratio": null,
            "inventory_turnover_ratio": null,
            "account_receivable_turnover_ratio": null,
            "reinvestment_rate": null,
            "research_to_sale_ratio": null,
            "price_fair": 0,
            "eps_avg_yearly": 0,
            "eps_latest_yearly": 0,
            "eps_growth_yearly": 0
        },
        "20043": {
            "year_quarter": 20043,
            "year": 2004,
            "quarter": 3,
            "eps": null,
            "eps_growth_year": null,
            "eps_4q": null,
            "eps_4q_growth_year": null,
            "roe": null,
            "roe_4q": 0,
            "gross_profit": null,
            "gross_margin": null,
            "gross_margin_4q_avg": 0,
            "net_income": null,
            "net_income_4q": null,
            "revenue": null,
            "revenue_4q": null,
            "common_shares": null,
            "book_valuer_per_share": null,
            "book_valuer_per_share_4q_avg": 0,
            "equity": null,
            "current_ratio": null,
            "debt_ratio": null,
            "inventory_turnover_ratio": null,
            "account_receivable_turnover_ratio": null,
            "reinvestment_rate": null,
            "research_to_sale_ratio": null,
            "price_fair": 0,
            "eps_avg_yearly": 0,
            "eps_latest_yearly": 0,
            "eps_growth_yearly": 0
        },
        "20044": {
            "year_quarter": 20044,
            "year": 2004,
            "quarter": 4,
            "eps": null,
            "eps_growth_year": null,
            "eps_4q": null,
            "eps_4q_growth_year": null,
            "roe": null,
            "roe_4q": 0,
            "gross_profit": null,
            "gross_margin": null,
            "gross_margin_4q_avg": 0,
            "net_income": null,
            "net_income_4q": null,
            "revenue": null,
            "revenue_4q": null,
            "common_shares": null,
            "book_valuer_per_share": null,
            "book_valuer_per_share_4q_avg": 0,
            "equity": null,
            "current_ratio": null,
            "debt_ratio": null,
            "inventory_turnover_ratio": null,
            "account_receivable_turnover_ratio": null,
            "reinvestment_rate": null,
            "research_to_sale_ratio": null,
            "price_fair": 0,
            "eps_avg_yearly": 0,
            "eps_latest_yearly": 0,
            "eps_growth_yearly": 0
        },
        "20051": {
            "year_quarter": 20051,
            "year": 2005,
            "quarter": 1,
            "eps": null,
            "eps_growth_year": null,
            "eps_4q": null,
            "eps_4q_growth_year": null,
            "roe": null,
            "roe_4q": 0,
            "gross_profit": null,
            "gross_margin": null,
            "gross_margin_4q_avg": 0,
            "net_income": null,
            "net_income_4q": null,
            "revenue": null,
            "revenue_4q": null,
            "common_shares": null,
            "book_valuer_per_share": null,
            "book_valuer_per_share_4q_avg": 0,
            "equity": null,
            "current_ratio": null,
            "debt_ratio": null,
            "inventory_turnover_ratio": null,
            "account_receivable_turnover_ratio": null,
            "reinvestment_rate": null,
            "research_to_sale_ratio": null,
            "price_fair": 0,
            "eps_avg_yearly": 0,
            "eps_latest_yearly": 0,
            "eps_growth_yearly": 0
        },
        "20052": {
            "year_quarter": 20052,
            "year": 2005,
            "quarter": 2,
            "eps": null,
            "eps_growth_year": null,
            "eps_4q": null,
            "eps_4q_growth_year": null,
            "roe": null,
            "roe_4q": 0,
            "gross_profit": null,
            "gross_margin": null,
            "gross_margin_4q_avg": 0,
            "net_income": null,
            "net_income_4q": null,
            "revenue": null,
            "revenue_4q": null,
            "common_shares": null,
            "book_valuer_per_share": null,
            "book_valuer_per_share_4q_avg": 0,
            "equity": null,
            "current_ratio": null,
            "debt_ratio": null,
            "inventory_turnover_ratio": null,
            "account_receivable_turnover_ratio": null,
            "reinvestment_rate": null,
            "research_to_sale_ratio": null,
            "price_fair": 0,
            "eps_avg_yearly": 0,
            "eps_latest_yearly": 0,
            "eps_growth_yearly": 0
        },
        "20053": {
            "year_quarter": 20053,
            "year": 2005,
            "quarter": 3,
            "eps": null,
            "eps_growth_year": null,
            "eps_4q": null,
            "eps_4q_growth_year": null,
            "roe": null,
            "roe_4q": 0,
            "gross_profit": null,
            "gross_margin": null,
            "gross_margin_4q_avg": 0,
            "net_income": null,
            "net_income_4q": null,
            "revenue": null,
            "revenue_4q": null,
            "common_shares": null,
            "book_valuer_per_share": null,
            "book_valuer_per_share_4q_avg": 0,
            "equity": null,
            "current_ratio": null,
            "debt_ratio": null,
            "inventory_turnover_ratio": null,
            "account_receivable_turnover_ratio": null,
            "reinvestment_rate": null,
            "research_to_sale_ratio": null,
            "price_fair": 0,
            "eps_avg_yearly": 0,
            "eps_latest_yearly": 0,
            "eps_growth_yearly": 0
        },
        "20054": {
            "year_quarter": 20054,
            "year": 2005,
            "quarter": 4,
            "eps": null,
            "eps_growth_year": null,
            "eps_4q": null,
            "eps_4q_growth_year": null,
            "roe": null,
            "roe_4q": 0,
            "gross_profit": null,
            "gross_margin": null,
            "gross_margin_4q_avg": 0,
            "net_income": null,
            "net_income_4q": null,
            "revenue": null,
            "revenue_4q": null,
            "common_shares": null,
            "book_valuer_per_share": null,
            "book_valuer_per_share_4q_avg": 0,
            "equity": null,
            "current_ratio": null,
            "debt_ratio": null,
            "inventory_turnover_ratio": null,
            "account_receivable_turnover_ratio": null,
            "reinvestment_rate": null,
            "research_to_sale_ratio": null,
            "price_fair": 0,
            "eps_avg_yearly": 0,
            "eps_latest_yearly": 0,
            "eps_growth_yearly": 0
        },
        "20061": {
            "year_quarter": 20061,
            "year": 2006,
            "quarter": 1,
            "eps": null,
            "eps_growth_year": null,
            "eps_4q": null,
            "eps_4q_growth_year": null,
            "roe": null,
            "roe_4q": 0,
            "gross_profit": null,
            "gross_margin": null,
            "gross_margin_4q_avg": 0,
            "net_income": null,
            "net_income_4q": null,
            "revenue": null,
            "revenue_4q": null,
            "common_shares": null,
            "book_valuer_per_share": null,
            "book_valuer_per_share_4q_avg": 0,
            "equity": null,
            "current_ratio": null,
            "debt_ratio": null,
            "inventory_turnover_ratio": null,
            "account_receivable_turnover_ratio": null,
            "reinvestment_rate": null,
            "research_to_sale_ratio": null,
            "price_fair": 0,
            "eps_avg_yearly": 0,
            "eps_latest_yearly": 0,
            "eps_growth_yearly": 0
        },
        "20062": {
            "year_quarter": 20062,
            "year": 2006,
            "quarter": 2,
            "eps": null,
            "eps_growth_year": null,
            "eps_4q": null,
            "eps_4q_growth_year": null,
            "roe": null,
            "roe_4q": 0,
            "gross_profit": null,
            "gross_margin": null,
            "gross_margin_4q_avg": 0,
            "net_income": null,
            "net_income_4q": null,
            "revenue": null,
            "revenue_4q": null,
            "common_shares": null,
            "book_valuer_per_share": null,
            "book_valuer_per_share_4q_avg": 0,
            "equity": null,
            "current_ratio": null,
            "debt_ratio": null,
            "inventory_turnover_ratio": null,
            "account_receivable_turnover_ratio": null,
            "reinvestment_rate": null,
            "research_to_sale_ratio": null,
            "price_fair": 0,
            "eps_avg_yearly": 0,
            "eps_latest_yearly": 0,
            "eps_growth_yearly": 0
        },
        "20063": {
            "year_quarter": 20063,
            "year": 2006,
            "quarter": 3,
            "eps": null,
            "eps_growth_year": null,
            "eps_4q": null,
            "eps_4q_growth_year": null,
            "roe": null,
            "roe_4q": 0,
            "gross_profit": null,
            "gross_margin": null,
            "gross_margin_4q_avg": 0,
            "net_income": null,
            "net_income_4q": null,
            "revenue": null,
            "revenue_4q": null,
            "common_shares": null,
            "book_valuer_per_share": null,
            "book_valuer_per_share_4q_avg": 0,
            "equity": null,
            "current_ratio": null,
            "debt_ratio": null,
            "inventory_turnover_ratio": null,
            "account_receivable_turnover_ratio": null,
            "reinvestment_rate": null,
            "research_to_sale_ratio": null,
            "price_fair": 0,
            "eps_avg_yearly": 0,
            "eps_latest_yearly": 0,
            "eps_growth_yearly": 0
        },
        "20064": {
            "year_quarter": 20064,
            "year": 2006,
            "quarter": 4,
            "eps": null,
            "eps_growth_year": null,
            "eps_4q": null,
            "eps_4q_growth_year": null,
            "roe": null,
            "roe_4q": 0,
            "gross_profit": null,
            "gross_margin": null,
            "gross_margin_4q_avg": 0,
            "net_income": null,
            "net_income_4q": null,
            "revenue": null,
            "revenue_4q": null,
            "common_shares": null,
            "book_valuer_per_share": null,
            "book_valuer_per_share_4q_avg": 0,
            "equity": null,
            "current_ratio": null,
            "debt_ratio": null,
            "inventory_turnover_ratio": null,
            "account_receivable_turnover_ratio": null,
            "reinvestment_rate": null,
            "research_to_sale_ratio": null,
            "price_fair": 0,
            "eps_avg_yearly": 0,
            "eps_latest_yearly": 0,
            "eps_growth_yearly": 0
        },
        "20071": {
            "year_quarter": 20071,
            "year": 2007,
            "quarter": 1,
            "eps": null,
            "eps_growth_year": null,
            "eps_4q": null,
            "eps_4q_growth_year": null,
            "roe": null,
            "roe_4q": 0,
            "gross_profit": null,
            "gross_margin": null,
            "gross_margin_4q_avg": 0,
            "net_income": null,
            "net_income_4q": null,
            "revenue": null,
            "revenue_4q": null,
            "common_shares": null,
            "book_valuer_per_share": null,
            "book_valuer_per_share_4q_avg": 0,
            "equity": null,
            "current_ratio": null,
            "debt_ratio": null,
            "inventory_turnover_ratio": null,
            "account_receivable_turnover_ratio": null,
            "reinvestment_rate": null,
            "research_to_sale_ratio": null,
            "price_fair": 0,
            "eps_avg_yearly": 0,
            "eps_latest_yearly": 0,
            "eps_growth_yearly": 0
        },
        "20072": {
            "year_quarter": 20072,
            "year": 2007,
            "quarter": 2,
            "eps": null,
            "eps_growth_year": null,
            "eps_4q": null,
            "eps_4q_growth_year": null,
            "roe": null,
            "roe_4q": 0,
            "gross_profit": null,
            "gross_margin": null,
            "gross_margin_4q_avg": 0,
            "net_income": null,
            "net_income_4q": null,
            "revenue": null,
            "revenue_4q": null,
            "common_shares": null,
            "book_valuer_per_share": null,
            "book_valuer_per_share_4q_avg": 0,
            "equity": null,
            "current_ratio": null,
            "debt_ratio": null,
            "inventory_turnover_ratio": null,
            "account_receivable_turnover_ratio": null,
            "reinvestment_rate": null,
            "research_to_sale_ratio": null,
            "price_fair": 0,
            "eps_avg_yearly": 0,
            "eps_latest_yearly": 0,
            "eps_growth_yearly": 0
        },
        "20073": {
            "year_quarter": 20073,
            "year": 2007,
            "quarter": 3,
            "eps": null,
            "eps_growth_year": null,
            "eps_4q": null,
            "eps_4q_growth_year": null,
            "roe": null,
            "roe_4q": 0,
            "gross_profit": null,
            "gross_margin": null,
            "gross_margin_4q_avg": 0,
            "net_income": null,
            "net_income_4q": null,
            "revenue": null,
            "revenue_4q": null,
            "common_shares": null,
            "book_valuer_per_share": null,
            "book_valuer_per_share_4q_avg": 0,
            "equity": null,
            "current_ratio": null,
            "debt_ratio": null,
            "inventory_turnover_ratio": null,
            "account_receivable_turnover_ratio": null,
            "reinvestment_rate": null,
            "research_to_sale_ratio": null,
            "price_fair": 0,
            "eps_avg_yearly": 0,
            "eps_latest_yearly": 0,
            "eps_growth_yearly": 0
        },
        "20074": {
            "year_quarter": 20074,
            "year": 2007,
            "quarter": 4,
            "eps": null,
            "eps_growth_year": null,
            "eps_4q": null,
            "eps_4q_growth_year": null,
            "roe": null,
            "roe_4q": 0,
            "gross_profit": null,
            "gross_margin": null,
            "gross_margin_4q_avg": 0,
            "net_income": null,
            "net_income_4q": null,
            "revenue": null,
            "revenue_4q": null,
            "common_shares": null,
            "book_valuer_per_share": null,
            "book_valuer_per_share_4q_avg": 0,
            "equity": null,
            "current_ratio": null,
            "debt_ratio": null,
            "inventory_turnover_ratio": null,
            "account_receivable_turnover_ratio": null,
            "reinvestment_rate": null,
            "research_to_sale_ratio": null,
            "price_fair": 0,
            "eps_avg_yearly": 0,
            "eps_latest_yearly": 0,
            "eps_growth_yearly": 0
        },
        "20081": {
            "year_quarter": 20081,
            "year": 2008,
            "quarter": 1,
            "eps": null,
            "eps_growth_year": null,
            "eps_4q": null,
            "eps_4q_growth_year": null,
            "roe": null,
            "roe_4q": 0,
            "gross_profit": null,
            "gross_margin": null,
            "gross_margin_4q_avg": 0,
            "net_income": null,
            "net_income_4q": null,
            "revenue": null,
            "revenue_4q": null,
            "common_shares": null,
            "book_valuer_per_share": null,
            "book_valuer_per_share_4q_avg": 0,
            "equity": null,
            "current_ratio": null,
            "debt_ratio": null,
            "inventory_turnover_ratio": null,
            "account_receivable_turnover_ratio": null,
            "reinvestment_rate": null,
            "research_to_sale_ratio": null,
            "price_fair": 0,
            "eps_avg_yearly": 0,
            "eps_latest_yearly": 0,
            "eps_growth_yearly": 0
        },
        "20082": {
            "year_quarter": 20082,
            "year": 2008,
            "quarter": 2,
            "eps": null,
            "eps_growth_year": null,
            "eps_4q": null,
            "eps_4q_growth_year": null,
            "roe": null,
            "roe_4q": 0,
            "gross_profit": null,
            "gross_margin": null,
            "gross_margin_4q_avg": 0,
            "net_income": null,
            "net_income_4q": null,
            "revenue": null,
            "revenue_4q": null,
            "common_shares": null,
            "book_valuer_per_share": null,
            "book_valuer_per_share_4q_avg": 0,
            "equity": null,
            "current_ratio": null,
            "debt_ratio": null,
            "inventory_turnover_ratio": null,
            "account_receivable_turnover_ratio": null,
            "reinvestment_rate": null,
            "research_to_sale_ratio": null,
            "price_fair": 0,
            "eps_avg_yearly": 0,
            "eps_latest_yearly": 0,
            "eps_growth_yearly": 0
        },
        "20083": {
            "year_quarter": 20083,
            "year": 2008,
            "quarter": 3,
            "eps": null,
            "eps_growth_year": null,
            "eps_4q": null,
            "eps_4q_growth_year": null,
            "roe": null,
            "roe_4q": 0,
            "gross_profit": null,
            "gross_margin": null,
            "gross_margin_4q_avg": 0,
            "net_income": null,
            "net_income_4q": null,
            "revenue": null,
            "revenue_4q": null,
            "common_shares": null,
            "book_valuer_per_share": null,
            "book_valuer_per_share_4q_avg": 0,
            "equity": null,
            "current_ratio": null,
            "debt_ratio": null,
            "inventory_turnover_ratio": null,
            "account_receivable_turnover_ratio": null,
            "reinvestment_rate": null,
            "research_to_sale_ratio": null,
            "price_fair": 0,
            "eps_avg_yearly": 0,
            "eps_latest_yearly": 0,
            "eps_growth_yearly": 0
        },
        "20084": {
            "year_quarter": 20084,
            "year": 2008,
            "quarter": 4,
            "eps": null,
            "eps_growth_year": null,
            "eps_4q": null,
            "eps_4q_growth_year": null,
            "roe": null,
            "roe_4q": 0,
            "gross_profit": null,
            "gross_margin": null,
            "gross_margin_4q_avg": 0,
            "net_income": null,
            "net_income_4q": null,
            "revenue": null,
            "revenue_4q": null,
            "common_shares": null,
            "book_valuer_per_share": null,
            "book_valuer_per_share_4q_avg": 0,
            "equity": null,
            "current_ratio": null,
            "debt_ratio": null,
            "inventory_turnover_ratio": null,
            "account_receivable_turnover_ratio": null,
            "reinvestment_rate": null,
            "research_to_sale_ratio": null,
            "price_fair": 0,
            "eps_avg_yearly": 0,
            "eps_latest_yearly": 0,
            "eps_growth_yearly": 0
        },
        "20091": {
            "year_quarter": 20091,
            "year": 2009,
            "quarter": 1,
            "eps": null,
            "eps_growth_year": null,
            "eps_4q": null,
            "eps_4q_growth_year": null,
            "roe": null,
            "roe_4q": 0,
            "gross_profit": null,
            "gross_margin": null,
            "gross_margin_4q_avg": 0,
            "net_income": null,
            "net_income_4q": null,
            "revenue": null,
            "revenue_4q": null,
            "common_shares": null,
            "book_valuer_per_share": null,
            "book_valuer_per_share_4q_avg": 0,
            "equity": null,
            "current_ratio": null,
            "debt_ratio": null,
            "inventory_turnover_ratio": null,
            "account_receivable_turnover_ratio": null,
            "reinvestment_rate": null,
            "research_to_sale_ratio": null,
            "price_fair": 0,
            "eps_avg_yearly": 0,
            "eps_latest_yearly": 0,
            "eps_growth_yearly": 0
        },
        "20092": {
            "year_quarter": 20092,
            "year": 2009,
            "quarter": 2,
            "eps": null,
            "eps_growth_year": null,
            "eps_4q": null,
            "eps_4q_growth_year": null,
            "roe": null,
            "roe_4q": 0,
            "gross_profit": null,
            "gross_margin": null,
            "gross_margin_4q_avg": 0,
            "net_income": null,
            "net_income_4q": null,
            "revenue": null,
            "revenue_4q": null,
            "common_shares": null,
            "book_valuer_per_share": null,
            "book_valuer_per_share_4q_avg": 0,
            "equity": null,
            "current_ratio": null,
            "debt_ratio": null,
            "inventory_turnover_ratio": null,
            "account_receivable_turnover_ratio": null,
            "reinvestment_rate": null,
            "research_to_sale_ratio": null,
            "price_fair": 0,
            "eps_avg_yearly": 0,
            "eps_latest_yearly": 0,
            "eps_growth_yearly": 0
        },
        "20093": {
            "year_quarter": 20093,
            "year": 2009,
            "quarter": 3,
            "eps": null,
            "eps_growth_year": null,
            "eps_4q": null,
            "eps_4q_growth_year": null,
            "roe": null,
            "roe_4q": 0,
            "gross_profit": null,
            "gross_margin": null,
            "gross_margin_4q_avg": 0,
            "net_income": null,
            "net_income_4q": null,
            "revenue": null,
            "revenue_4q": null,
            "common_shares": null,
            "book_valuer_per_share": null,
            "book_valuer_per_share_4q_avg": 0,
            "equity": null,
            "current_ratio": null,
            "debt_ratio": null,
            "inventory_turnover_ratio": null,
            "account_receivable_turnover_ratio": null,
            "reinvestment_rate": null,
            "research_to_sale_ratio": null,
            "price_fair": 0,
            "eps_avg_yearly": 0,
            "eps_latest_yearly": 0,
            "eps_growth_yearly": 0
        },
        "20094": {
            "year_quarter": 20094,
            "year": 2009,
            "quarter": 4,
            "eps": null,
            "eps_growth_year": null,
            "eps_4q": null,
            "eps_4q_growth_year": null,
            "roe": null,
            "roe_4q": 0,
            "gross_profit": null,
            "gross_margin": null,
            "gross_margin_4q_avg": 0,
            "net_income": null,
            "net_income_4q": null,
            "revenue": null,
            "revenue_4q": null,
            "common_shares": null,
            "book_valuer_per_share": null,
            "book_valuer_per_share_4q_avg": 0,
            "equity": null,
            "current_ratio": null,
            "debt_ratio": null,
            "inventory_turnover_ratio": null,
            "account_receivable_turnover_ratio": null,
            "reinvestment_rate": null,
            "research_to_sale_ratio": null,
            "price_fair": 0,
            "eps_avg_yearly": 0,
            "eps_latest_yearly": 0,
            "eps_growth_yearly": 0
        },
        "20101": {
            "year_quarter": 20101,
            "year": 2010,
            "quarter": 1,
            "eps": null,
            "eps_growth_year": null,
            "eps_4q": null,
            "eps_4q_growth_year": null,
            "roe": null,
            "roe_4q": 0,
            "gross_profit": null,
            "gross_margin": null,
            "gross_margin_4q_avg": 0,
            "net_income": null,
            "net_income_4q": null,
            "revenue": null,
            "revenue_4q": null,
            "common_shares": null,
            "book_valuer_per_share": null,
            "book_valuer_per_share_4q_avg": 0,
            "equity": null,
            "current_ratio": null,
            "debt_ratio": null,
            "inventory_turnover_ratio": null,
            "account_receivable_turnover_ratio": null,
            "reinvestment_rate": null,
            "research_to_sale_ratio": null,
            "price_fair": 0,
            "eps_avg_yearly": 0,
            "eps_latest_yearly": 0,
            "eps_growth_yearly": 0
        },
        "20102": {
            "year_quarter": 20102,
            "year": 2010,
            "quarter": 2,
            "eps": null,
            "eps_growth_year": null,
            "eps_4q": null,
            "eps_4q_growth_year": null,
            "roe": null,
            "roe_4q": 0,
            "gross_profit": null,
            "gross_margin": null,
            "gross_margin_4q_avg": 0,
            "net_income": null,
            "net_income_4q": null,
            "revenue": null,
            "revenue_4q": null,
            "common_shares": null,
            "book_valuer_per_share": null,
            "book_valuer_per_share_4q_avg": 0,
            "equity": null,
            "current_ratio": null,
            "debt_ratio": null,
            "inventory_turnover_ratio": null,
            "account_receivable_turnover_ratio": null,
            "reinvestment_rate": null,
            "research_to_sale_ratio": null,
            "price_fair": 0,
            "eps_avg_yearly": 0,
            "eps_latest_yearly": 0,
            "eps_growth_yearly": 0
        },
        "20103": {
            "year_quarter": 20103,
            "year": 2010,
            "quarter": 3,
            "eps": null,
            "eps_growth_year": null,
            "eps_4q": null,
            "eps_4q_growth_year": null,
            "roe": null,
            "roe_4q": 0,
            "gross_profit": null,
            "gross_margin": null,
            "gross_margin_4q_avg": 0,
            "net_income": null,
            "net_income_4q": null,
            "revenue": null,
            "revenue_4q": null,
            "common_shares": null,
            "book_valuer_per_share": null,
            "book_valuer_per_share_4q_avg": 0,
            "equity": null,
            "current_ratio": null,
            "debt_ratio": null,
            "inventory_turnover_ratio": null,
            "account_receivable_turnover_ratio": null,
            "reinvestment_rate": null,
            "research_to_sale_ratio": null,
            "price_fair": 0,
            "eps_avg_yearly": 0,
            "eps_latest_yearly": 0,
            "eps_growth_yearly": 0
        },
        "20104": {
            "year_quarter": 20104,
            "year": 2010,
            "quarter": 4,
            "eps": null,
            "eps_growth_year": null,
            "eps_4q": null,
            "eps_4q_growth_year": null,
            "roe": null,
            "roe_4q": 0,
            "gross_profit": null,
            "gross_margin": null,
            "gross_margin_4q_avg": 0,
            "net_income": null,
            "net_income_4q": null,
            "revenue": null,
            "revenue_4q": null,
            "common_shares": 200000,
            "book_valuer_per_share": 12.55,
            "book_valuer_per_share_4q_avg": 3.14,
            "equity": 251067,
            "current_ratio": 124.61,
            "debt_ratio": 55.63,
            "inventory_turnover_ratio": null,
            "account_receivable_turnover_ratio": null,
            "reinvestment_rate": null,
            "research_to_sale_ratio": null,
            "price_fair": 0,
            "eps_avg_yearly": 0,
            "eps_latest_yearly": 0,
            "eps_growth_yearly": 0
        },
        "20111": {
            "year_quarter": 20111,
            "year": 2011,
            "quarter": 1,
            "eps": null,
            "eps_growth_year": null,
            "eps_4q": null,
            "eps_4q_growth_year": null,
            "roe": null,
            "roe_4q": 0,
            "gross_profit": null,
            "gross_margin": null,
            "gross_margin_4q_avg": 0,
            "net_income": null,
            "net_income_4q": null,
            "revenue": null,
            "revenue_4q": null,
            "common_shares": null,
            "book_valuer_per_share": null,
            "book_valuer_per_share_4q_avg": 3.14,
            "equity": null,
            "current_ratio": null,
            "debt_ratio": null,
            "inventory_turnover_ratio": null,
            "account_receivable_turnover_ratio": null,
            "reinvestment_rate": null,
            "research_to_sale_ratio": null,
            "price_fair": 0,
            "eps_avg_yearly": 0,
            "eps_latest_yearly": 0,
            "eps_growth_yearly": 0
        },
        "20112": {
            "year_quarter": 20112,
            "year": 2011,
            "quarter": 2,
            "eps": null,
            "eps_growth_year": null,
            "eps_4q": null,
            "eps_4q_growth_year": null,
            "roe": null,
            "roe_4q": 0,
            "gross_profit": null,
            "gross_margin": null,
            "gross_margin_4q_avg": 0,
            "net_income": null,
            "net_income_4q": null,
            "revenue": null,
            "revenue_4q": null,
            "common_shares": null,
            "book_valuer_per_share": null,
            "book_valuer_per_share_4q_avg": 3.14,
            "equity": null,
            "current_ratio": null,
            "debt_ratio": null,
            "inventory_turnover_ratio": null,
            "account_receivable_turnover_ratio": null,
            "reinvestment_rate": null,
            "research_to_sale_ratio": null,
            "price_fair": 0,
            "eps_avg_yearly": 0,
            "eps_latest_yearly": 0,
            "eps_growth_yearly": 0
        },
        "20113": {
            "year_quarter": 20113,
            "year": 2011,
            "quarter": 3,
            "eps": null,
            "eps_growth_year": null,
            "eps_4q": null,
            "eps_4q_growth_year": null,
            "roe": null,
            "roe_4q": 0,
            "gross_profit": null,
            "gross_margin": null,
            "gross_margin_4q_avg": 0,
            "net_income": null,
            "net_income_4q": null,
            "revenue": null,
            "revenue_4q": null,
            "common_shares": null,
            "book_valuer_per_share": null,
            "book_valuer_per_share_4q_avg": 3.14,
            "equity": null,
            "current_ratio": null,
            "debt_ratio": null,
            "inventory_turnover_ratio": null,
            "account_receivable_turnover_ratio": null,
            "reinvestment_rate": null,
            "research_to_sale_ratio": null,
            "price_fair": 0,
            "eps_avg_yearly": 0,
            "eps_latest_yearly": 0,
            "eps_growth_yearly": 0
        },
        "20114": {
            "year_quarter": 20114,
            "year": 2011,
            "quarter": 4,
            "eps": null,
            "eps_growth_year": null,
            "eps_4q": null,
            "eps_4q_growth_year": null,
            "roe": null,
            "roe_4q": 0,
            "gross_profit": null,
            "gross_margin": null,
            "gross_margin_4q_avg": 0,
            "net_income": null,
            "net_income_4q": null,
            "revenue": null,
            "revenue_4q": null,
            "common_shares": 209500,
            "book_valuer_per_share": 24.48,
            "book_valuer_per_share_4q_avg": 6.12,
            "equity": 523906,
            "current_ratio": 208.39,
            "debt_ratio": 37.97,
            "inventory_turnover_ratio": null,
            "account_receivable_turnover_ratio": null,
            "reinvestment_rate": null,
            "research_to_sale_ratio": null,
            "price_fair": 0,
            "eps_avg_yearly": 0,
            "eps_latest_yearly": 0,
            "eps_growth_yearly": 0
        },
        "20121": {
            "year_quarter": 20121,
            "year": 2012,
            "quarter": 1,
            "eps": null,
            "eps_growth_year": null,
            "eps_4q": null,
            "eps_4q_growth_year": null,
            "roe": null,
            "roe_4q": 0,
            "gross_profit": null,
            "gross_margin": null,
            "gross_margin_4q_avg": 0,
            "net_income": null,
            "net_income_4q": null,
            "revenue": null,
            "revenue_4q": null,
            "common_shares": null,
            "book_valuer_per_share": null,
            "book_valuer_per_share_4q_avg": 6.12,
            "equity": null,
            "current_ratio": null,
            "debt_ratio": null,
            "inventory_turnover_ratio": null,
            "account_receivable_turnover_ratio": null,
            "reinvestment_rate": null,
            "research_to_sale_ratio": null,
            "price_fair": 0,
            "eps_avg_yearly": 0,
            "eps_latest_yearly": 0,
            "eps_growth_yearly": 0
        },
        "20122": {
            "year_quarter": 20122,
            "year": 2012,
            "quarter": 2,
            "eps": null,
            "eps_growth_year": null,
            "eps_4q": null,
            "eps_4q_growth_year": null,
            "roe": null,
            "roe_4q": 0,
            "gross_profit": null,
            "gross_margin": null,
            "gross_margin_4q_avg": 0,
            "net_income": null,
            "net_income_4q": null,
            "revenue": null,
            "revenue_4q": null,
            "common_shares": 209500,
            "book_valuer_per_share": null,
            "book_valuer_per_share_4q_avg": 6.12,
            "equity": 622412,
            "current_ratio": null,
            "debt_ratio": null,
            "inventory_turnover_ratio": null,
            "account_receivable_turnover_ratio": null,
            "reinvestment_rate": null,
            "research_to_sale_ratio": null,
            "price_fair": 0,
            "eps_avg_yearly": 0,
            "eps_latest_yearly": 0,
            "eps_growth_yearly": 0
        },
        "20123": {
            "year_quarter": 20123,
            "year": 2012,
            "quarter": 3,
            "eps": null,
            "eps_growth_year": null,
            "eps_4q": null,
            "eps_4q_growth_year": null,
            "roe": null,
            "roe_4q": 0,
            "gross_profit": null,
            "gross_margin": null,
            "gross_margin_4q_avg": 0,
            "net_income": null,
            "net_income_4q": null,
            "revenue": null,
            "revenue_4q": null,
            "common_shares": null,
            "book_valuer_per_share": null,
            "book_valuer_per_share_4q_avg": 6.12,
            "equity": null,
            "current_ratio": null,
            "debt_ratio": null,
            "inventory_turnover_ratio": null,
            "account_receivable_turnover_ratio": null,
            "reinvestment_rate": null,
            "research_to_sale_ratio": null,
            "price_fair": 0,
            "eps_avg_yearly": 0,
            "eps_latest_yearly": 0,
            "eps_growth_yearly": 0
        },
        "20124": {
            "year_quarter": 20124,
            "year": 2012,
            "quarter": 4,
            "eps": null,
            "eps_growth_year": null,
            "eps_4q": null,
            "eps_4q_growth_year": null,
            "roe": null,
            "roe_4q": 0,
            "gross_profit": null,
            "gross_margin": null,
            "gross_margin_4q_avg": 0,
            "net_income": null,
            "net_income_4q": null,
            "revenue": null,
            "revenue_4q": null,
            "common_shares": 209500,
            "book_valuer_per_share": 35.66,
            "book_valuer_per_share_4q_avg": 8.92,
            "equity": 762473,
            "current_ratio": 348.81,
            "debt_ratio": 22.72,
            "inventory_turnover_ratio": null,
            "account_receivable_turnover_ratio": null,
            "reinvestment_rate": null,
            "research_to_sale_ratio": null,
            "price_fair": 0,
            "eps_avg_yearly": 0,
            "eps_latest_yearly": 0,
            "eps_growth_yearly": 0
        },
        "20131": {
            "year_quarter": 20131,
            "year": 2013,
            "quarter": 1,
            "eps": null,
            "eps_growth_year": null,
            "eps_4q": null,
            "eps_4q_growth_year": null,
            "roe": null,
            "roe_4q": 0,
            "gross_profit": null,
            "gross_margin": null,
            "gross_margin_4q_avg": 0,
            "net_income": null,
            "net_income_4q": null,
            "revenue": null,
            "revenue_4q": null,
            "common_shares": null,
            "book_valuer_per_share": null,
            "book_valuer_per_share_4q_avg": 8.92,
            "equity": null,
            "current_ratio": null,
            "debt_ratio": null,
            "inventory_turnover_ratio": null,
            "account_receivable_turnover_ratio": null,
            "reinvestment_rate": null,
            "research_to_sale_ratio": null,
            "price_fair": 0,
            "eps_avg_yearly": 0,
            "eps_latest_yearly": 0,
            "eps_growth_yearly": 0
        },
        "20132": {
            "year_quarter": 20132,
            "year": 2013,
            "quarter": 2,
            "eps": null,
            "eps_growth_year": null,
            "eps_4q": null,
            "eps_4q_growth_year": null,
            "roe": null,
            "roe_4q": 0,
            "gross_profit": null,
            "gross_margin": null,
            "gross_margin_4q_avg": 0,
            "net_income": null,
            "net_income_4q": null,
            "revenue": null,
            "revenue_4q": null,
            "common_shares": 254670,
            "book_valuer_per_share": 43.2,
            "book_valuer_per_share_4q_avg": 19.72,
            "equity": 1118174,
            "current_ratio": 339.06,
            "debt_ratio": 22.82,
            "inventory_turnover_ratio": null,
            "account_receivable_turnover_ratio": null,
            "reinvestment_rate": null,
            "research_to_sale_ratio": null,
            "price_fair": 0,
            "eps_avg_yearly": 0,
            "eps_latest_yearly": 0,
            "eps_growth_yearly": 0
        },
        "20133": {
            "year_quarter": 20133,
            "year": 2013,
            "quarter": 3,
            "eps": null,
            "eps_growth_year": null,
            "eps_4q": null,
            "eps_4q_growth_year": null,
            "roe": null,
            "roe_4q": 0,
            "gross_profit": 180572,
            "gross_margin": null,
            "gross_margin_4q_avg": 0,
            "net_income": 71462,
            "net_income_4q": null,
            "revenue": 507968,
            "revenue_4q": null,
            "common_shares": 254670,
            "book_valuer_per_share": 45.86,
            "book_valuer_per_share_4q_avg": 31.18,
            "equity": 1186897,
            "current_ratio": 533,
            "debt_ratio": 14.61,
            "inventory_turnover_ratio": null,
            "account_receivable_turnover_ratio": null,
            "reinvestment_rate": null,
            "research_to_sale_ratio": null,
            "price_fair": 0,
            "eps_avg_yearly": 0,
            "eps_latest_yearly": 0,
            "eps_growth_yearly": 0
        },
        "20134": {
            "year_quarter": 20134,
            "year": 2013,
            "quarter": 4,
            "eps": null,
            "eps_growth_year": null,
            "eps_4q": null,
            "eps_4q_growth_year": null,
            "roe": null,
            "roe_4q": 0,
            "gross_profit": 198541,
            "gross_margin": null,
            "gross_margin_4q_avg": 0,
            "net_income": 76922,
            "net_income_4q": null,
            "revenue": 544934,
            "revenue_4q": null,
            "common_shares": 254670,
            "book_valuer_per_share": 48.83,
            "book_valuer_per_share_4q_avg": 34.47,
            "equity": 1264555,
            "current_ratio": 507.93,
            "debt_ratio": 16.21,
            "inventory_turnover_ratio": null,
            "account_receivable_turnover_ratio": null,
            "reinvestment_rate": null,
            "research_to_sale_ratio": null,
            "price_fair": 0,
            "eps_avg_yearly": 0,
            "eps_latest_yearly": 0,
            "eps_growth_yearly": 0
        },
        "20141": {
            "year_quarter": 20141,
            "year": 2014,
            "quarter": 1,
            "eps": null,
            "eps_growth_year": null,
            "eps_4q": null,
            "eps_4q_growth_year": null,
            "roe": null,
            "roe_4q": 0,
            "gross_profit": 283731,
            "gross_margin": null,
            "gross_margin_4q_avg": 0,
            "net_income": 74249,
            "net_income_4q": null,
            "revenue": 800544,
            "revenue_4q": null,
            "common_shares": 254670,
            "book_valuer_per_share": 51.84,
            "book_valuer_per_share_4q_avg": 47.43,
            "equity": 1515646,
            "current_ratio": 286.82,
            "debt_ratio": 26.85,
            "inventory_turnover_ratio": null,
            "account_receivable_turnover_ratio": null,
            "reinvestment_rate": null,
            "research_to_sale_ratio": null,
            "price_fair": 0,
            "eps_avg_yearly": 0,
            "eps_latest_yearly": 0,
            "eps_growth_yearly": 0
        },
        "20142": {
            "year_quarter": 20142,
            "year": 2014,
            "quarter": 2,
            "eps": 2.38,
            "eps_growth_year": null,
            "eps_4q": 2.38,
            "eps_4q_growth_year": null,
            "roe": 4.97,
            "roe_4q": 4.97,
            "gross_profit": 286551,
            "gross_margin": 34.67,
            "gross_margin_4q_avg": 8.67,
            "net_income": 73216,
            "net_income_4q": null,
            "revenue": 826417,
            "revenue_4q": null,
            "common_shares": 254670,
            "book_valuer_per_share": 47.27,
            "book_valuer_per_share_4q_avg": 48.45,
            "equity": 1431056,
            "current_ratio": 240.28,
            "debt_ratio": 31.91,
            "inventory_turnover_ratio": 1.49,
            "account_receivable_turnover_ratio": 2.69,
            "reinvestment_rate": null,
            "research_to_sale_ratio": null,
            "price_fair": 0,
            "eps_avg_yearly": 0,
            "eps_latest_yearly": 0,
            "eps_growth_yearly": 0
        },
        "20143": {
            "year_quarter": 20143,
            "year": 2014,
            "quarter": 3,
            "eps": 2.38,
            "eps_growth_year": null,
            "eps_4q": 4.76,
            "eps_4q_growth_year": null,
            "roe": 5.6,
            "roe_4q": 10.57,
            "gross_profit": 310791,
            "gross_margin": 35.55,
            "gross_margin_4q_avg": 17.56,
            "net_income": 82812,
            "net_income_4q": null,
            "revenue": 874320,
            "revenue_4q": null,
            "common_shares": 280137,
            "book_valuer_per_share": 45.53,
            "book_valuer_per_share_4q_avg": 48.37,
            "equity": 1524100,
            "current_ratio": 292.2,
            "debt_ratio": 26,
            "inventory_turnover_ratio": 1.46,
            "account_receivable_turnover_ratio": 1.35,
            "reinvestment_rate": null,
            "research_to_sale_ratio": 1.21,
            "price_fair": 95.2,
            "eps_avg_yearly": 9.52,
            "eps_latest_yearly": 9.52,
            "eps_growth_yearly": 0
        },
        "20144": {
            "year_quarter": 20144,
            "year": 2014,
            "quarter": 4,
            "eps": 4,
            "eps_growth_year": null,
            "eps_4q": 8.76,
            "eps_4q_growth_year": null,
            "roe": 8.27,
            "roe_4q": 18.84,
            "gross_profit": 366242,
            "gross_margin": 37.29,
            "gross_margin_4q_avg": 26.88,
            "net_income": 132090,
            "net_income_4q": null,
            "revenue": 982202,
            "revenue_4q": null,
            "common_shares": 280137,
            "book_valuer_per_share": 49.77,
            "book_valuer_per_share_4q_avg": 48.6,
            "equity": 1670209,
            "current_ratio": 262.66,
            "debt_ratio": 29.19,
            "inventory_turnover_ratio": 1.45,
            "account_receivable_turnover_ratio": 1.34,
            "reinvestment_rate": null,
            "research_to_sale_ratio": 1.36,
            "price_fair": 446.6,
            "eps_avg_yearly": 12.76,
            "eps_latest_yearly": 16,
            "eps_growth_yearly": 136.13
        },
        "20151": {
            "year_quarter": 20151,
            "year": 2015,
            "quarter": 1,
            "eps": 3.53,
            "eps_growth_year": null,
            "eps_4q": 10.42,
            "eps_4q_growth_year": null,
            "roe": 6.65,
            "roe_4q": 25.49,
            "gross_profit": 343899,
            "gross_margin": 36.67,
            "gross_margin_4q_avg": 36.05,
            "net_income": 116362,
            "net_income_4q": null,
            "revenue": 937931,
            "revenue_4q": null,
            "common_shares": 280137,
            "book_valuer_per_share": 54.91,
            "book_valuer_per_share_4q_avg": 49.37,
            "equity": 1828407,
            "current_ratio": 300.35,
            "debt_ratio": 25.83,
            "inventory_turnover_ratio": 1.27,
            "account_receivable_turnover_ratio": 1.22,
            "reinvestment_rate": null,
            "research_to_sale_ratio": 1.41,
            "price_fair": 462.47,
            "eps_avg_yearly": 13.21,
            "eps_latest_yearly": 14.12,
            "eps_growth_yearly": 75.09
        },
        "20152": {
            "year_quarter": 20152,
            "year": 2015,
            "quarter": 2,
            "eps": 3.09,
            "eps_growth_year": 29.96,
            "eps_4q": 12.13,
            "eps_4q_growth_year": 410.28,
            "roe": 5.13,
            "roe_4q": 25.65,
            "gross_profit": 329979,
            "gross_margin": 36.1,
            "gross_margin_4q_avg": 36.4,
            "net_income": 99796,
            "net_income_4q": null,
            "revenue": 914130,
            "revenue_4q": null,
            "common_shares": 306327,
            "book_valuer_per_share": 57.81,
            "book_valuer_per_share_4q_avg": 52.01,
            "equity": 2059100,
            "current_ratio": 347.09,
            "debt_ratio": 22.63,
            "inventory_turnover_ratio": 1.21,
            "account_receivable_turnover_ratio": 1.25,
            "reinvestment_rate": null,
            "research_to_sale_ratio": 1.41,
            "price_fair": 455,
            "eps_avg_yearly": 13,
            "eps_latest_yearly": 12.36,
            "eps_growth_yearly": 43.85
        },
        "20153": {
            "year_quarter": 20153,
            "year": 2015,
            "quarter": 3,
            "eps": 3.14,
            "eps_growth_year": 31.93,
            "eps_4q": 13.09,
            "eps_4q_growth_year": 175.04,
            "roe": 4.7,
            "roe_4q": 24.75,
            "gross_profit": 339680,
            "gross_margin": 34.55,
            "gross_margin_4q_avg": 36.15,
            "net_income": 99585,
            "net_income_4q": null,
            "revenue": 983079,
            "revenue_4q": null,
            "common_shares": 306327,
            "book_valuer_per_share": 61.23,
            "book_valuer_per_share_4q_avg": 55.93,
            "equity": 2178433,
            "current_ratio": 335.54,
            "debt_ratio": 23.12,
            "inventory_turnover_ratio": 1.35,
            "account_receivable_turnover_ratio": 1.28,
            "reinvestment_rate": null,
            "research_to_sale_ratio": 1.22,
            "price_fair": 451.92,
            "eps_avg_yearly": 12.91,
            "eps_latest_yearly": 12.56,
            "eps_growth_yearly": 36.38
        },
        "20154": {
            "year_quarter": 20154,
            "year": 2015,
            "quarter": 4,
            "eps": 3.59,
            "eps_growth_year": -10.21,
            "eps_4q": 13.03,
            "eps_4q_growth_year": 48.73,
            "roe": 5.35,
            "roe_4q": 21.83,
            "gross_profit": 378212,
            "gross_margin": 35.89,
            "gross_margin_4q_avg": 35.8,
            "net_income": 119315,
            "net_income_4q": null,
            "revenue": 1053765,
            "revenue_4q": null,
            "common_shares": 306327,
            "book_valuer_per_share": 64.61,
            "book_valuer_per_share_4q_avg": 59.64,
            "equity": 2282591,
            "current_ratio": 346.51,
            "debt_ratio": 22.55,
            "inventory_turnover_ratio": 1.44,
            "account_receivable_turnover_ratio": 1.28,
            "reinvestment_rate": null,
            "research_to_sale_ratio": 1.11,
            "price_fair": 460.37,
            "eps_avg_yearly": 13.15,
            "eps_latest_yearly": 14.36,
            "eps_growth_yearly": 39.87
        },
        "20161": {
            "year_quarter": 20161,
            "year": 2016,
            "quarter": 1,
            "eps": 3.39,
            "eps_growth_year": -3.97,
            "eps_4q": 13.19,
            "eps_4q_growth_year": 26.64,
            "roe": 5.2,
            "roe_4q": 20.38,
            "gross_profit": 354016,
            "gross_margin": 37.58,
            "gross_margin_4q_avg": 36.03,
            "net_income": 121897,
            "net_income_4q": null,
            "revenue": 941946,
            "revenue_4q": null,
            "common_shares": 306327,
            "book_valuer_per_share": 68.01,
            "book_valuer_per_share_4q_avg": 62.92,
            "equity": 2403505,
            "current_ratio": 461.1,
            "debt_ratio": 17.24,
            "inventory_turnover_ratio": 1.25,
            "account_receivable_turnover_ratio": 1.23,
            "reinvestment_rate": null,
            "research_to_sale_ratio": 1.16,
            "price_fair": 462.4,
            "eps_avg_yearly": 13.21,
            "eps_latest_yearly": 13.56,
            "eps_growth_yearly": 30.99
        },
        "20162": {
            "year_quarter": 20162,
            "year": 2016,
            "quarter": 2,
            "eps": 3.45,
            "eps_growth_year": 11.65,
            "eps_4q": 13.57,
            "eps_4q_growth_year": 11.88,
            "roe": 5.15,
            "roe_4q": 20.400000000000002,
            "gross_profit": 334202,
            "gross_margin": 36.83,
            "gross_margin_4q_avg": 36.21,
            "net_income": 117692,
            "net_income_4q": null,
            "revenue": 907316,
            "revenue_4q": null,
            "common_shares": 306327,
            "book_valuer_per_share": 60.23,
            "book_valuer_per_share_4q_avg": 63.52,
            "equity": 2170011,
            "current_ratio": 298.79,
            "debt_ratio": 25.76,
            "inventory_turnover_ratio": 1.22,
            "account_receivable_turnover_ratio": 1.28,
            "reinvestment_rate": null,
            "research_to_sale_ratio": 1.01,
            "price_fair": 464.98,
            "eps_avg_yearly": 13.29,
            "eps_latest_yearly": 13.8,
            "eps_growth_yearly": 28
        },
        "20163": {
            "year_quarter": 20163,
            "year": 2016,
            "quarter": 3,
            "eps": 3.54,
            "eps_growth_year": 12.74,
            "eps_4q": 13.98,
            "eps_4q_growth_year": 6.72,
            "roe": 5.71,
            "roe_4q": 21.409999999999997,
            "gross_profit": 348675,
            "gross_margin": 37.58,
            "gross_margin_4q_avg": 36.97,
            "net_income": 126987,
            "net_income_4q": null,
            "revenue": 927701,
            "revenue_4q": null,
            "common_shares": 306327,
            "book_valuer_per_share": 63.38,
            "book_valuer_per_share_4q_avg": 64.06,
            "equity": 2274119,
            "current_ratio": 492.55,
            "debt_ratio": 15.7,
            "inventory_turnover_ratio": 1.39,
            "account_receivable_turnover_ratio": 1.29,
            "reinvestment_rate": null,
            "research_to_sale_ratio": 1.02,
            "price_fair": 468.38,
            "eps_avg_yearly": 13.38,
            "eps_latest_yearly": 14.16,
            "eps_growth_yearly": 26.05
        },
        "20164": {
            "year_quarter": 20164,
            "year": 2016,
            "quarter": 4,
            "eps": 4.16,
            "eps_growth_year": 15.87,
            "eps_4q": 14.55,
            "eps_4q_growth_year": 11.64,
            "roe": 6.28,
            "roe_4q": 22.34,
            "gross_profit": 396548,
            "gross_margin": 39.01,
            "gross_margin_4q_avg": 37.75,
            "net_income": 146795,
            "net_income_4q": null,
            "revenue": 1016598,
            "revenue_4q": null,
            "common_shares": 306327,
            "book_valuer_per_share": 66.9,
            "book_valuer_per_share_4q_avg": 64.63,
            "equity": 2397172,
            "current_ratio": 457.02,
            "debt_ratio": 17.85,
            "inventory_turnover_ratio": 1.6,
            "account_receivable_turnover_ratio": 1.33,
            "reinvestment_rate": null,
            "research_to_sale_ratio": 0.99,
            "price_fair": 479.78,
            "eps_avg_yearly": 13.71,
            "eps_latest_yearly": 16.64,
            "eps_growth_yearly": 30.45
        },
        "20171": {
            "year_quarter": 20171,
            "year": 2017,
            "quarter": 1,
            "eps": 3.64,
            "eps_growth_year": 7.37,
            "eps_4q": 14.8,
            "eps_4q_growth_year": 12.13,
            "roe": 5.26,
            "roe_4q": 22.4,
            "gross_profit": 334067,
            "gross_margin": 38.24,
            "gross_margin_4q_avg": 37.92,
            "net_income": 128386,
            "net_income_4q": null,
            "revenue": 873582,
            "revenue_4q": null,
            "common_shares": 306327,
            "book_valuer_per_share": 69.86,
            "book_valuer_per_share_4q_avg": 65.09,
            "equity": 2483615,
            "current_ratio": 511.03,
            "debt_ratio": 16.2,
            "inventory_turnover_ratio": 1.39,
            "account_receivable_turnover_ratio": 1.24,
            "reinvestment_rate": null,
            "research_to_sale_ratio": 1.05,
            "price_fair": 456.79,
            "eps_avg_yearly": 13.79,
            "eps_latest_yearly": 14.56,
            "eps_growth_yearly": 23.14
        },
        "20172": {
            "year_quarter": 20172,
            "year": 2017,
            "quarter": 2,
            "eps": 3.29,
            "eps_growth_year": -4.64,
            "eps_4q": 13.6,
            "eps_4q_growth_year": 0.21,
            "roe": 5.03,
            "roe_4q": 22.28,
            "gross_profit": 329506,
            "gross_margin": 37.76,
            "gross_margin_4q_avg": 38.15,
            "net_income": 120479,
            "net_income_4q": null,
            "revenue": 872655,
            "revenue_4q": null,
            "common_shares": 306327,
            "book_valuer_per_share": 63.68,
            "book_valuer_per_share_4q_avg": 65.96,
            "equity": 2310528,
            "current_ratio": 323.62,
            "debt_ratio": 24.04,
            "inventory_turnover_ratio": 1.3,
            "account_receivable_turnover_ratio": 1.4,
            "reinvestment_rate": 26.24,
            "research_to_sale_ratio": 1.06,
            "price_fair": 384.57,
            "eps_avg_yearly": 13.73,
            "eps_latest_yearly": 13.16,
            "eps_growth_yearly": 18
        },
        "20173": {
            "year_quarter": 20173,
            "year": 2017,
            "quarter": 3,
            "eps": 3.43,
            "eps_growth_year": -3.11,
            "eps_4q": 13.81,
            "eps_4q_growth_year": -1.21,
            "roe": 5.47,
            "roe_4q": 22.04,
            "gross_profit": 345555,
            "gross_margin": 36.65,
            "gross_margin_4q_avg": 37.92,
            "net_income": 130282,
            "net_income_4q": null,
            "revenue": 942806,
            "revenue_4q": null,
            "common_shares": 336960,
            "book_valuer_per_share": 61.44,
            "book_valuer_per_share_4q_avg": 65.47,
            "equity": 2449837,
            "current_ratio": 529.61,
            "debt_ratio": 15.26,
            "inventory_turnover_ratio": 1.33,
            "account_receivable_turnover_ratio": 1.42,
            "reinvestment_rate": 26.76,
            "research_to_sale_ratio": 1.1,
            "price_fair": 383.51,
            "eps_avg_yearly": 13.73,
            "eps_latest_yearly": 13.72,
            "eps_growth_yearly": 17.93
        },
        "20174": {
            "year_quarter": 20174,
            "year": 2017,
            "quarter": 4,
            "eps": 3.38,
            "eps_growth_year": -18.73,
            "eps_4q": 13.41,
            "eps_4q_growth_year": -7.84,
            "roe": 5.37,
            "roe_4q": 21.130000000000003,
            "gross_profit": 376463,
            "gross_margin": 38.18,
            "gross_margin_4q_avg": 37.71,
            "net_income": 135117,
            "net_income_4q": null,
            "revenue": 985991,
            "revenue_4q": null,
            "common_shares": 336960,
            "book_valuer_per_share": 64.89,
            "book_valuer_per_share_4q_avg": 64.97,
            "equity": 2578393,
            "current_ratio": 488.59,
            "debt_ratio": 16.52,
            "inventory_turnover_ratio": 1.26,
            "account_receivable_turnover_ratio": 1.35,
            "reinvestment_rate": 25.56,
            "research_to_sale_ratio": 1.06,
            "price_fair": 359.8,
            "eps_avg_yearly": 13.72,
            "eps_latest_yearly": 13.52,
            "eps_growth_yearly": 16.23
        },
        "20181": {
            "year_quarter": 20181,
            "year": 2018,
            "quarter": 1,
            "eps": 2.85,
            "eps_growth_year": -21.7,
            "eps_4q": 12.94,
            "eps_4q_growth_year": -12.52,
            "roe": 4.37,
            "roe_4q": 20.240000000000002,
            "gross_profit": 356578,
            "gross_margin": 37.15,
            "gross_margin_4q_avg": 37.44,
            "net_income": 115387,
            "net_income_4q": null,
            "revenue": 959944,
            "revenue_4q": null,
            "common_shares": 336960,
            "book_valuer_per_share": 67.9,
            "book_valuer_per_share_4q_avg": 64.48,
            "equity": 2705921,
            "current_ratio": 586.55,
            "debt_ratio": 14.3,
            "inventory_turnover_ratio": 1.24,
            "account_receivable_turnover_ratio": 1.33,
            "reinvestment_rate": 19.12,
            "research_to_sale_ratio": 1.06,
            "price_fair": 284.37,
            "eps_avg_yearly": 13.56,
            "eps_latest_yearly": 11.4,
            "eps_growth_yearly": 10.97
        },
        "20182": {
            "year_quarter": 20182,
            "year": 2018,
            "quarter": 2,
            "eps": 3.47,
            "eps_growth_year": 5.47,
            "eps_4q": 13.13,
            "eps_4q_growth_year": -3.47,
            "roe": 5.14,
            "roe_4q": 20.349999999999998,
            "gross_profit": 356646,
            "gross_margin": 37.2,
            "gross_margin_4q_avg": 37.3,
            "net_income": 133301,
            "net_income_4q": null,
            "revenue": 958837,
            "revenue_4q": null,
            "common_shares": 336960,
            "book_valuer_per_share": 60.93,
            "book_valuer_per_share_4q_avg": 63.79,
            "equity": 2485318,
            "current_ratio": 333.14,
            "debt_ratio": 23.85,
            "inventory_turnover_ratio": 1.29,
            "account_receivable_turnover_ratio": 1.37,
            "reinvestment_rate": 18.96,
            "research_to_sale_ratio": 0.73,
            "price_fair": 349.34,
            "eps_avg_yearly": 13.58,
            "eps_latest_yearly": 13.88,
            "eps_growth_yearly": 15.72
        },
        "20183": {
            "year_quarter": 20183,
            "year": 2018,
            "quarter": 3,
            "eps": 3.67,
            "eps_growth_year": 7,
            "eps_4q": 13.38,
            "eps_4q_growth_year": -3.1,
            "roe": 5.84,
            "roe_4q": 20.720000000000002,
            "gross_profit": 372123,
            "gross_margin": 36.82,
            "gross_margin_4q_avg": 37.34,
            "net_income": 148647,
            "net_income_4q": null,
            "revenue": 1010544,
            "revenue_4q": null,
            "common_shares": 336960,
            "book_valuer_per_share": 64.25,
            "book_valuer_per_share_4q_avg": 64.49,
            "equity": 2607625,
            "current_ratio": 564.05,
            "debt_ratio": 14.41,
            "inventory_turnover_ratio": 1.36,
            "account_receivable_turnover_ratio": 1.35,
            "reinvestment_rate": 17.58,
            "research_to_sale_ratio": 1.45,
            "price_fair": 377.67,
            "eps_avg_yearly": 13.91,
            "eps_latest_yearly": 14.68,
            "eps_growth_yearly": 17.16
        },
        "20184": {
            "year_quarter": 20184,
            "year": 2018,
            "quarter": 4,
            "eps": 3.27,
            "eps_growth_year": -3.29,
            "eps_4q": 13.27,
            "eps_4q_growth_year": -1.03,
            "roe": 5.04,
            "roe_4q": 20.39,
            "gross_profit": 380701,
            "gross_margin": 37.02,
            "gross_margin_4q_avg": 37.05,
            "net_income": 134909,
            "net_income_4q": null,
            "revenue": 1028449,
            "revenue_4q": null,
            "common_shares": 336960,
            "book_valuer_per_share": 67.63,
            "book_valuer_per_share_4q_avg": 65.18,
            "equity": 2742986,
            "current_ratio": 489.91,
            "debt_ratio": 16.35,
            "inventory_turnover_ratio": 1.41,
            "account_receivable_turnover_ratio": 1.33,
            "reinvestment_rate": 10.6,
            "research_to_sale_ratio": 1.06,
            "price_fair": 41.17,
            "eps_avg_yearly": 13.72,
            "eps_latest_yearly": 13.08,
            "eps_growth_yearly": -2.58
        },
        "20191": {
            "year_quarter": 20191,
            "year": 2019,
            "quarter": 1,
            "eps": 3.2,
            "eps_growth_year": 12.28,
            "eps_4q": 13.62,
            "eps_4q_growth_year": 5.22,
            "roe": 4.61,
            "roe_4q": 20.63,
            "gross_profit": 346754,
            "gross_margin": 36.49,
            "gross_margin_4q_avg": 36.88,
            "net_income": 129956,
            "net_income_4q": null,
            "revenue": 950178,
            "revenue_4q": null,
            "common_shares": 336960,
            "book_valuer_per_share": 71.13,
            "book_valuer_per_share_4q_avg": 65.99,
            "equity": 2893531,
            "current_ratio": 555.18,
            "debt_ratio": 15.1,
            "inventory_turnover_ratio": 1.34,
            "account_receivable_turnover_ratio": 1.29,
            "reinvestment_rate": 9.86,
            "research_to_sale_ratio": 1.21,
            "price_fair": 40.92,
            "eps_avg_yearly": 13.64,
            "eps_latest_yearly": 12.8,
            "eps_growth_yearly": -0.18
        },
        "20192": {
            "year_quarter": 20192,
            "year": 2019,
            "quarter": 2,
            "eps": 3.67,
            "eps_growth_year": 5.76,
            "eps_4q": 13.82,
            "eps_4q_growth_year": 5.22,
            "roe": 5.31,
            "roe_4q": 20.8,
            "gross_profit": 378531,
            "gross_margin": 37.72,
            "gross_margin_4q_avg": 37.01,
            "net_income": 147396,
            "net_income_4q": null,
            "revenue": 1003413,
            "revenue_4q": null,
            "common_shares": 336960,
            "book_valuer_per_share": 63.7,
            "book_valuer_per_share_4q_avg": 66.68,
            "equity": 2661038,
            "current_ratio": 323.88,
            "debt_ratio": 24.77,
            "inventory_turnover_ratio": 1.28,
            "account_receivable_turnover_ratio": 1.42,
            "reinvestment_rate": 8,
            "research_to_sale_ratio": 1.19,
            "price_fair": 228.96,
            "eps_avg_yearly": 13.79,
            "eps_latest_yearly": 14.68,
            "eps_growth_yearly": 6.61
        },
        "20193": {
            "year_quarter": 20193,
            "year": 2019,
            "quarter": 3,
            "eps": 3.46,
            "eps_growth_year": -5.72,
            "eps_4q": 13.6,
            "eps_4q_growth_year": 1.66,
            "roe": 5.28,
            "roe_4q": 20.24,
            "gross_profit": 377969,
            "gross_margin": 37,
            "gross_margin_4q_avg": 37.06,
            "net_income": 143346,
            "net_income_4q": null,
            "revenue": 1021581,
            "revenue_4q": null,
            "common_shares": 336960,
            "book_valuer_per_share": 66.67,
            "book_valuer_per_share_4q_avg": 67.28,
            "equity": 2767197,
            "current_ratio": 509.37,
            "debt_ratio": 15.92,
            "inventory_turnover_ratio": 1.18,
            "account_receivable_turnover_ratio": 1.42,
            "reinvestment_rate": 7.85,
            "research_to_sale_ratio": 1.23,
            "price_fair": 204.85,
            "eps_avg_yearly": 13.87,
            "eps_latest_yearly": 13.84,
            "eps_growth_yearly": 4.77
        },
        "20194": {
            "year_quarter": 20194,
            "year": 2019,
            "quarter": 4,
            "eps": 3.69,
            "eps_growth_year": 12.98,
            "eps_4q": 14.02,
            "eps_4q_growth_year": 5.71,
            "roe": 5.35,
            "roe_4q": 20.549999999999997,
            "gross_profit": 412773,
            "gross_margin": 37.49,
            "gross_margin_4q_avg": 37.18,
            "net_income": 151429,
            "net_income_4q": null,
            "revenue": 1100957,
            "revenue_4q": null,
            "common_shares": 336960,
            "book_valuer_per_share": 70.08,
            "book_valuer_per_share_4q_avg": 67.9,
            "equity": 2896521,
            "current_ratio": 455.07,
            "debt_ratio": 17.82,
            "inventory_turnover_ratio": 1.27,
            "account_receivable_turnover_ratio": 1.5,
            "reinvestment_rate": 9.25,
            "research_to_sale_ratio": 1.07,
            "price_fair": 178.54,
            "eps_avg_yearly": 13.89,
            "eps_latest_yearly": 14.76,
            "eps_growth_yearly": 2.85
        },
        "20201": {
            "year_quarter": 20201,
            "year": 2020,
            "quarter": 1,
            "eps": 3.26,
            "eps_growth_year": 1.88,
            "eps_4q": 14.09,
            "eps_4q_growth_year": 3.43,
            "roe": 4.13,
            "roe_4q": 20.07,
            "gross_profit": 324987,
            "gross_margin": 36.2,
            "gross_margin_4q_avg": 37.1,
            "net_income": 121916,
            "net_income_4q": null,
            "revenue": 897840,
            "revenue_4q": null,
            "common_shares": 336960,
            "book_valuer_per_share": 73.18,
            "book_valuer_per_share_4q_avg": 68.41,
            "equity": 3006231,
            "current_ratio": 552.59,
            "debt_ratio": 15.19,
            "inventory_turnover_ratio": 1.08,
            "account_receivable_turnover_ratio": 1.26,
            "reinvestment_rate": 7.62,
            "research_to_sale_ratio": 1.23,
            "price_fair": 157.05,
            "eps_avg_yearly": 13.86,
            "eps_latest_yearly": 13.04,
            "eps_growth_yearly": 1.33
        },
        "20202": {
            "year_quarter": 20202,
            "year": 2020,
            "quarter": 2,
            "eps": 3.56,
            "eps_growth_year": -3,
            "eps_4q": 13.97,
            "eps_4q_growth_year": 1.14,
            "roe": 4.7,
            "roe_4q": 19.46,
            "gross_profit": 349779,
            "gross_margin": 34.56,
            "gross_margin_4q_avg": 36.31,
            "net_income": 135236,
            "net_income_4q": null,
            "revenue": 1012131,
            "revenue_4q": null,
            "common_shares": 336960,
            "book_valuer_per_share": 65.37,
            "book_valuer_per_share_4q_avg": 68.83,
            "equity": 2751100,
            "current_ratio": 325.6,
            "debt_ratio": 24.28,
            "inventory_turnover_ratio": 1.23,
            "account_receivable_turnover_ratio": 1.5,
            "reinvestment_rate": 7.63,
            "research_to_sale_ratio": 1.11,
            "price_fair": 183.16,
            "eps_avg_yearly": 13.89,
            "eps_latest_yearly": 14.24,
            "eps_growth_yearly": 3.19
        },
        "20203": {
            "year_quarter": 20203,
            "year": 2020,
            "quarter": 3,
            "eps": 4.83,
            "eps_growth_year": 39.6,
            "eps_4q": 15.34,
            "eps_4q_growth_year": 12.8,
            "roe": 6.89,
            "roe_4q": 21.07,
            "gross_profit": 442594,
            "gross_margin": 36.35,
            "gross_margin_4q_avg": 36.15,
            "net_income": 196919,
            "net_income_4q": null,
            "revenue": 1217742,
            "revenue_4q": null,
            "common_shares": 336960,
            "book_valuer_per_share": 70.36,
            "book_valuer_per_share_4q_avg": 69.75,
            "equity": 2960951,
            "current_ratio": 491.98,
            "debt_ratio": 15.97,
            "inventory_turnover_ratio": 1.53,
            "account_receivable_turnover_ratio": 1.63,
            "reinvestment_rate": 7.3,
            "research_to_sale_ratio": 0.9,
            "price_fair": 304.86,
            "eps_avg_yearly": 14.21,
            "eps_latest_yearly": 19.32,
            "eps_growth_yearly": 11.46
        },
        "20204": {
            "year_quarter": 20204,
            "year": 2020,
            "quarter": 4,
            "eps": 4.36,
            "eps_growth_year": 17.96,
            "eps_4q": 16,
            "eps_4q_growth_year": 14.11,
            "roe": 5.94,
            "roe_4q": 21.66,
            "gross_profit": 453818,
            "gross_margin": 36.37,
            "gross_margin_4q_avg": 35.87,
            "net_income": 181893,
            "net_income_4q": null,
            "revenue": 1247717,
            "revenue_4q": null,
            "common_shares": 336960,
            "book_valuer_per_share": 75.03,
            "book_valuer_per_share_4q_avg": 70.99,
            "equity": 3160779,
            "current_ratio": 305.88,
            "debt_ratio": 21.41,
            "inventory_turnover_ratio": 1.71,
            "account_receivable_turnover_ratio": 1.48,
            "reinvestment_rate": 8.75,
            "research_to_sale_ratio": 0.98,
            "price_fair": 208.82,
            "eps_avg_yearly": 14.26,
            "eps_latest_yearly": 17.44,
            "eps_growth_yearly": 4.65
        },
        "20211": {
            "year_quarter": 20211,
            "year": 2021,
            "quarter": 1,
            "eps": 4.48,
            "eps_growth_year": 37.42,
            "eps_4q": 17.22,
            "eps_4q_growth_year": 22.28,
            "roe": 5.94,
            "roe_4q": 23.47,
            "gross_profit": 442635,
            "gross_margin": 37.2,
            "gross_margin_4q_avg": 36.12,
            "net_income": 180660,
            "net_income_4q": null,
            "revenue": 1189952,
            "revenue_4q": null,
            "common_shares": 336960,
            "book_valuer_per_share": 67.31,
            "book_valuer_per_share_4q_avg": 69.52,
            "equity": 2920875,
            "current_ratio": 228.2,
            "debt_ratio": 28.03,
            "inventory_turnover_ratio": 1.6,
            "account_receivable_turnover_ratio": 1.46,
            "reinvestment_rate": 7.83,
            "research_to_sale_ratio": 0.97,
            "price_fair": 267.06,
            "eps_avg_yearly": 14.47,
            "eps_latest_yearly": 17.92,
            "eps_growth_yearly": 8.46
        },
        "20212": {
            "year_quarter": 20212,
            "year": 2021,
            "quarter": 2,
            "eps": 3.64,
            "eps_growth_year": 2.25,
            "eps_4q": 17.31,
            "eps_4q_growth_year": 23.89,
            "roe": 5,
            "roe_4q": 23.770000000000003,
            "gross_profit": 396651,
            "gross_margin": 36.32,
            "gross_margin_4q_avg": 36.56,
            "net_income": 149450,
            "net_income_4q": null,
            "revenue": 1092089,
            "revenue_4q": null,
            "common_shares": 336960,
            "book_valuer_per_share": 70.65,
            "book_valuer_per_share_4q_avg": 70.84,
            "equity": 3051846,
            "current_ratio": 261.42,
            "debt_ratio": 24.09,
            "inventory_turnover_ratio": 1.27,
            "account_receivable_turnover_ratio": 1.45,
            "reinvestment_rate": 7.86,
            "research_to_sale_ratio": 1.12,
            "price_fair": 235.44,
            "eps_avg_yearly": 14.56,
            "eps_latest_yearly": 14.56,
            "eps_growth_yearly": 6.18
        },
        "20213": {
            "year_quarter": 20213,
            "year": 2021,
            "quarter": 3,
            "eps": 3.93,
            "eps_growth_year": -18.63,
            "eps_4q": 15.27,
            "eps_4q_growth_year": -0.44,
            "roe": 5.66,
            "roe_4q": 22.540000000000003,
            "gross_profit": 432131,
            "gross_margin": 35.09,
            "gross_margin_4q_avg": 36.25,
            "net_income": 175478,
            "net_income_4q": null,
            "revenue": 1231451,
            "revenue_4q": null,
            "common_shares": 370644,
            "book_valuer_per_share": 68.12,
            "book_valuer_per_share_4q_avg": 70.28,
            "equity": 3149610,
            "current_ratio": 277.31,
            "debt_ratio": 22.69,
            "inventory_turnover_ratio": 1.34,
            "account_receivable_turnover_ratio": 1.58,
            "reinvestment_rate": 8.27,
            "research_to_sale_ratio": 0.97,
            "price_fair": 251.08,
            "eps_avg_yearly": 14.68,
            "eps_latest_yearly": 15.72,
            "eps_growth_yearly": 7.1
        },
        "20214": {
            "year_quarter": 20214,
            "year": 2021,
            "quarter": 4,
            "eps": 4.87,
            "eps_growth_year": 11.82,
            "eps_4q": 16.19,
            "eps_4q_growth_year": 1.14,
            "roe": 6.63,
            "roe_4q": 23.23,
            "gross_profit": 521860,
            "gross_margin": 36.37,
            "gross_margin_4q_avg": 36.25,
            "net_income": 216332,
            "net_income_4q": null,
            "revenue": 1434879,
            "revenue_4q": null,
            "common_shares": 370644,
            "book_valuer_per_share": 73.06,
            "book_valuer_per_share_4q_avg": 69.79,
            "equity": 3373079,
            "current_ratio": 307.34,
            "debt_ratio": 20.87,
            "inventory_turnover_ratio": 1.69,
            "account_receivable_turnover_ratio": 1.55,
            "reinvestment_rate": 9.28,
            "research_to_sale_ratio": 1.06,
            "price_fair": 352.95,
            "eps_avg_yearly": 15.05,
            "eps_latest_yearly": 19.48,
            "eps_growth_yearly": 13.45
        },
        "20221": {
            "year_quarter": 20221,
            "year": 2022,
            "quarter": 1,
            "eps": 4.43,
            "eps_growth_year": -1.12,
            "eps_4q": 16.54,
            "eps_4q_growth_year": -3.99,
            "roe": 5.62,
            "roe_4q": 22.91,
            "gross_profit": 445296,
            "gross_margin": 36.31,
            "gross_margin_4q_avg": 36.02,
            "net_income": 183590,
            "net_income_4q": null,
            "revenue": 1226415,
            "revenue_4q": null,
            "common_shares": 370644,
            "book_valuer_per_share": 66.22,
            "book_valuer_per_share_4q_avg": 69.51,
            "equity": 3163711,
            "current_ratio": 235.45,
            "debt_ratio": 25.75,
            "inventory_turnover_ratio": 1.46,
            "account_receivable_turnover_ratio": 1.34,
            "reinvestment_rate": 13.58,
            "research_to_sale_ratio": 1.11,
            "price_fair": 387.87,
            "eps_avg_yearly": 15.45,
            "eps_latest_yearly": 17.72,
            "eps_growth_yearly": 15.11
        },
        "20222": {
            "year_quarter": 20222,
            "year": 2022,
            "quarter": 2,
            "eps": 4.08,
            "eps_growth_year": 12.09,
            "eps_4q": 17.3,
            "eps_4q_growth_year": -0.06,
            "roe": 5.39,
            "roe_4q": 23.3,
            "gross_profit": 429453,
            "gross_margin": 35.13,
            "gross_margin_4q_avg": 35.73,
            "net_income": 172891,
            "net_income_4q": null,
            "revenue": 1222575,
            "revenue_4q": null,
            "common_shares": 370644,
            "book_valuer_per_share": 70.28,
            "book_valuer_per_share_4q_avg": 69.42,
            "equity": 3254990,
            "current_ratio": 239.24,
            "debt_ratio": 26.22,
            "inventory_turnover_ratio": 1.17,
            "account_receivable_turnover_ratio": 1.5,
            "reinvestment_rate": 12.98,
            "research_to_sale_ratio": 1.16,
            "price_fair": 276.05,
            "eps_avg_yearly": 15.6,
            "eps_latest_yearly": 16.32,
            "eps_growth_yearly": 7.7
        },
        "20223": {
            "year_quarter": 20223,
            "year": 2022,
            "quarter": 3,
            "eps": 4.3,
            "eps_growth_year": 9.41,
            "eps_4q": 17.67,
            "eps_4q_growth_year": 15.7,
            "roe": 5.48,
            "roe_4q": 23.12,
            "gross_profit": 450851,
            "gross_margin": 33.48,
            "gross_margin_4q_avg": 35.32,
            "net_income": 184180,
            "net_income_4q": null,
            "revenue": 1346705,
            "revenue_4q": null,
            "common_shares": 370644,
            "book_valuer_per_share": 75.29,
            "book_valuer_per_share_4q_avg": 71.21,
            "equity": 3472502,
            "current_ratio": 251.97,
            "debt_ratio": 25.91,
            "inventory_turnover_ratio": 1.15,
            "account_receivable_turnover_ratio": 1.56,
            "reinvestment_rate": 13.48,
            "research_to_sale_ratio": 0.96,
            "price_fair": 277.37,
            "eps_avg_yearly": 15.76,
            "eps_latest_yearly": 17.2,
            "eps_growth_yearly": 7.6
        },
        "20224": {
            "year_quarter": 20224,
            "year": 2022,
            "quarter": 4,
            "eps": 4.29,
            "eps_growth_year": -12,
            "eps_4q": 17.09,
            "eps_4q_growth_year": 5.58,
            "roe": 5.36,
            "roe_4q": 21.85,
            "gross_profit": 518855,
            "gross_margin": 33.58,
            "gross_margin_4q_avg": 34.63,
            "net_income": 190501,
            "net_income_4q": null,
            "revenue": 1545301,
            "revenue_4q": null,
            "common_shares": 370644,
            "book_valuer_per_share": 79.19,
            "book_valuer_per_share_4q_avg": 72.75,
            "equity": 3641232,
            "current_ratio": 296.76,
            "debt_ratio": 22.64,
            "inventory_turnover_ratio": 1.4,
            "account_receivable_turnover_ratio": 1.54,
            "reinvestment_rate": 35.54,
            "research_to_sale_ratio": 0.96,
            "price_fair": 324.56,
            "eps_avg_yearly": 16.01,
            "eps_latest_yearly": 17.16,
            "eps_growth_yearly": 10.27
        },
        "20231": {
            "year_quarter": 20231,
            "year": 2023,
            "quarter": 1,
            "eps": 4.45,
            "eps_growth_year": 0.45,
            "eps_4q": 17.12,
            "eps_4q_growth_year": 3.5,
            "roe": 5.21,
            "roe_4q": 21.44,
            "gross_profit": 454130,
            "gross_margin": 33.51,
            "gross_margin_4q_avg": 33.93,
            "net_income": 181054,
            "net_income_4q": null,
            "revenue": 1355025,
            "revenue_4q": null,
            "common_shares": 370644,
            "book_valuer_per_share": 71.6,
            "book_valuer_per_share_4q_avg": 74.09,
            "equity": 3306580,
            "current_ratio": 245.71,
            "debt_ratio": 26.22,
            "inventory_turnover_ratio": 1.32,
            "account_receivable_turnover_ratio": 1.35,
            "reinvestment_rate": 33.69,
            "research_to_sale_ratio": 1.02,
            "price_fair": 354.85,
            "eps_avg_yearly": 16.33,
            "eps_latest_yearly": 17.8,
            "eps_growth_yearly": 11.74
        },
        "20232": {
            "year_quarter": 20232,
            "year": 2023,
            "quarter": 2,
            "eps": 4.56,
            "eps_growth_year": 11.76,
            "eps_4q": 17.6,
            "eps_4q_growth_year": 1.74,
            "roe": 5.71,
            "roe_4q": 21.76,
            "gross_profit": 471433,
            "gross_margin": 34.06,
            "gross_margin_4q_avg": 33.66,
            "net_income": 193145,
            "net_income_4q": null,
            "revenue": 1383940,
            "revenue_4q": null,
            "common_shares": 370644,
            "book_valuer_per_share": 75.83,
            "book_valuer_per_share_4q_avg": 75.48,
            "equity": 3464005,
            "current_ratio": 266.86,
            "debt_ratio": 24.24,
            "inventory_turnover_ratio": 1.28,
            "account_receivable_turnover_ratio": 1.54,
            "reinvestment_rate": 33.34,
            "research_to_sale_ratio": 0.96,
            "price_fair": 309.15,
            "eps_avg_yearly": 16.55,
            "eps_latest_yearly": 18.24,
            "eps_growth_yearly": 8.68
        },
        "20233": {
            "year_quarter": 20233,
            "year": 2023,
            "quarter": 3,
            "eps": 4.8,
            "eps_growth_year": 11.63,
            "eps_4q": 18.1,
            "eps_4q_growth_year": 2.42,
            "roe": 5.71,
            "roe_4q": 21.99,
            "gross_profit": 500685,
            "gross_margin": 33.03,
            "gross_margin_4q_avg": 33.55,
            "net_income": 205237,
            "net_income_4q": null,
            "revenue": 1515752,
            "revenue_4q": null,
            "common_shares": 370644,
            "book_valuer_per_share": 81.43,
            "book_valuer_per_share_4q_avg": 77.01,
            "equity": 3719236,
            "current_ratio": 326.94,
            "debt_ratio": 20.4,
            "inventory_turnover_ratio": 1.25,
            "account_receivable_turnover_ratio": 1.54,
            "reinvestment_rate": 31.02,
            "research_to_sale_ratio": 1.14,
            "price_fair": 361.78,
            "eps_avg_yearly": 16.88,
            "eps_latest_yearly": 19.2,
            "eps_growth_yearly": 11.43
        }
    },
    "months": {
        "2014-02": {
            "month": "2014-02",
            "price": "301.96",
            "revenue": 191234
        },
        "2014-03": {
            "month": "2014-03",
            "price": "280.85",
            "revenue": 276774
        },
        "2014-04": {
            "month": "2014-04",
            "price": "265.10",
            "revenue": 292387
        },
        "2014-05": {
            "month": "2014-05",
            "price": "278.34",
            "revenue": 288699
        },
        "2014-06": {
            "month": "2014-06",
            "price": "287.54",
            "revenue": 251546
        },
        "2014-07": {
            "month": "2014-07",
            "price": "277.80",
            "revenue": 285314
        },
        "2014-08": {
            "month": "2014-08",
            "price": "248.61",
            "revenue": 296214
        },
        "2014-09": {
            "month": "2014-09",
            "price": "238.57",
            "revenue": 288395
        },
        "2014-10": {
            "month": "2014-10",
            "price": "220.67",
            "revenue": 298806
        },
        "2014-11": {
            "month": "2014-11",
            "price": "238.61",
            "revenue": 301906
        },
        "2014-12": {
            "month": "2014-12",
            "price": "256.94",
            "revenue": 381180
        },
        "2015-01": {
            "month": "2015-01",
            "price": "241.58",
            "revenue": 402791
        },
        "2015-02": {
            "month": "2015-02",
            "price": "235.83",
            "revenue": 231041
        },
        "2015-03": {
            "month": "2015-03",
            "price": "235.90",
            "revenue": 304441
        },
        "2015-04": {
            "month": "2015-04",
            "price": "214.62",
            "revenue": 330570
        },
        "2015-05": {
            "month": "2015-05",
            "price": "225.22",
            "revenue": 297855
        },
        "2015-06": {
            "month": "2015-06",
            "price": "211.62",
            "revenue": 285729
        },
        "2015-07": {
            "month": "2015-07",
            "price": "196.77",
            "revenue": 316207
        },
        "2015-08": {
            "month": "2015-08",
            "price": "173.79",
            "revenue": 327251
        },
        "2015-09": {
            "month": "2015-09",
            "price": "179.40",
            "revenue": 342750
        },
        "2015-10": {
            "month": "2015-10",
            "price": "189.43",
            "revenue": 312206
        },
        "2015-11": {
            "month": "2015-11",
            "price": "188.67",
            "revenue": 334169
        },
        "2015-12": {
            "month": "2015-12",
            "price": "178.89",
            "revenue": 408297
        },
        "2016-01": {
            "month": "2016-01",
            "price": "179.29",
            "revenue": 424951
        },
        "2016-02": {
            "month": "2016-02",
            "price": "190.58",
            "revenue": 209982
        },
        "2016-03": {
            "month": "2016-03",
            "price": "201.59",
            "revenue": 308652
        },
        "2016-04": {
            "month": "2016-04",
            "price": "190.11",
            "revenue": 314183
        },
        "2016-05": {
            "month": "2016-05",
            "price": "189.10",
            "revenue": 305270
        },
        "2016-06": {
            "month": "2016-06",
            "price": "190.26",
            "revenue": 285791
        },
        "2016-07": {
            "month": "2016-07",
            "price": "183.78",
            "revenue": 293526
        },
        "2016-08": {
            "month": "2016-08",
            "price": "184.98",
            "revenue": 315798
        },
        "2016-09": {
            "month": "2016-09",
            "price": "188.26",
            "revenue": 318445
        },
        "2016-10": {
            "month": "2016-10",
            "price": "191.10",
            "revenue": 288645
        },
        "2016-11": {
            "month": "2016-11",
            "price": "192.61",
            "revenue": 326095
        },
        "2016-12": {
            "month": "2016-12",
            "price": "202.11",
            "revenue": 405119
        },
        "2017-01": {
            "month": "2017-01",
            "price": "201.62",
            "revenue": 320566
        },
        "2017-02": {
            "month": "2017-02",
            "price": "216.50",
            "revenue": 231810
        },
        "2017-03": {
            "month": "2017-03",
            "price": "231.70",
            "revenue": 322242
        },
        "2017-04": {
            "month": "2017-04",
            "price": "240.75",
            "revenue": 290146
        },
        "2017-05": {
            "month": "2017-05",
            "price": "252.52",
            "revenue": 297675
        },
        "2017-06": {
            "month": "2017-06",
            "price": "251.00",
            "revenue": 287934
        },
        "2017-07": {
            "month": "2017-07",
            "price": "231.02",
            "revenue": 291595
        },
        "2017-08": {
            "month": "2017-08",
            "price": "222.83",
            "revenue": 320368
        },
        "2017-09": {
            "month": "2017-09",
            "price": "222.52",
            "revenue": 329738
        },
        "2017-10": {
            "month": "2017-10",
            "price": "223.42",
            "revenue": 287366
        },
        "2017-11": {
            "month": "2017-11",
            "price": "228.80",
            "revenue": 328718
        },
        "2017-12": {
            "month": "2017-12",
            "price": "233.62",
            "revenue": 373329
        },
        "2018-01": {
            "month": "2018-01",
            "price": "233.14",
            "revenue": 410967
        },
        "2018-02": {
            "month": "2018-02",
            "price": "230.08",
            "revenue": 214923
        },
        "2018-03": {
            "month": "2018-03",
            "price": "231.07",
            "revenue": 334621
        },
        "2018-04": {
            "month": "2018-04",
            "price": "223.81",
            "revenue": 314873
        },
        "2018-05": {
            "month": "2018-05",
            "price": "211.73",
            "revenue": 335645
        },
        "2018-06": {
            "month": "2018-06",
            "price": "211.85",
            "revenue": 316137
        },
        "2018-07": {
            "month": "2018-07",
            "price": "209.18",
            "revenue": 318409
        },
        "2018-08": {
            "month": "2018-08",
            "price": "207.27",
            "revenue": 346480
        },
        "2018-09": {
            "month": "2018-09",
            "price": "210.06",
            "revenue": 340050
        },
        "2018-10": {
            "month": "2018-10",
            "price": "199.43",
            "revenue": 307163
        },
        "2018-11": {
            "month": "2018-11",
            "price": "197.39",
            "revenue": 346131
        },
        "2018-12": {
            "month": "2018-12",
            "price": "196.57",
            "revenue": 374937
        },
        "2019-01": {
            "month": "2019-01",
            "price": "197.74",
            "revenue": 439259
        },
        "2019-02": {
            "month": "2019-02",
            "price": "206.81",
            "revenue": 187855
        },
        "2019-03": {
            "month": "2019-03",
            "price": "210.35",
            "revenue": 317415
        },
        "2019-04": {
            "month": "2019-04",
            "price": "213.47",
            "revenue": 355518
        },
        "2019-05": {
            "month": "2019-05",
            "price": "216.36",
            "revenue": 361711
        },
        "2019-06": {
            "month": "2019-06",
            "price": "219.68",
            "revenue": 297375
        },
        "2019-07": {
            "month": "2019-07",
            "price": "220.91",
            "revenue": 328842
        },
        "2019-08": {
            "month": "2019-08",
            "price": "218.45",
            "revenue": 350835
        },
        "2019-09": {
            "month": "2019-09",
            "price": "222.13",
            "revenue": 336842
        },
        "2019-10": {
            "month": "2019-10",
            "price": "224.62",
            "revenue": 330207
        },
        "2019-11": {
            "month": "2019-11",
            "price": "223.58",
            "revenue": 350416
        },
        "2019-12": {
            "month": "2019-12",
            "price": "221.83",
            "revenue": 422479
        },
        "2020-01": {
            "month": "2020-01",
            "price": "221.97",
            "revenue": 349906
        },
        "2020-02": {
            "month": "2020-02",
            "price": "215.74",
            "revenue": 214857
        },
        "2020-03": {
            "month": "2020-03",
            "price": "201.61",
            "revenue": 339263
        },
        "2020-04": {
            "month": "2020-04",
            "price": "206.08",
            "revenue": 342347
        },
        "2020-05": {
            "month": "2020-05",
            "price": "216.30",
            "revenue": 324372
        },
        "2020-06": {
            "month": "2020-06",
            "price": "222.85",
            "revenue": 338596
        },
        "2020-07": {
            "month": "2020-07",
            "price": "216.54",
            "revenue": 376152
        },
        "2020-08": {
            "month": "2020-08",
            "price": "217.88",
            "revenue": 391113
        },
        "2020-09": {
            "month": "2020-09",
            "price": "219.30",
            "revenue": 455291
        },
        "2020-10": {
            "month": "2020-10",
            "price": "230.58",
            "revenue": 343932
        },
        "2020-11": {
            "month": "2020-11",
            "price": "245.67",
            "revenue": 399682
        },
        "2020-12": {
            "month": "2020-12",
            "price": "248.61",
            "revenue": 507098
        },
        "2021-01": {
            "month": "2021-01",
            "price": "247.42",
            "revenue": 505872
        },
        "2021-02": {
            "month": "2021-02",
            "price": "251.96",
            "revenue": 264437
        },
        "2021-03": {
            "month": "2021-03",
            "price": "275.32",
            "revenue": 421628
        },
        "2021-04": {
            "month": "2021-04",
            "price": "289.97",
            "revenue": 409622
        },
        "2021-05": {
            "month": "2021-05",
            "price": "303.48",
            "revenue": 351555
        },
        "2021-06": {
            "month": "2021-06",
            "price": "303.98",
            "revenue": 329871
        },
        "2021-07": {
            "month": "2021-07",
            "price": "317.09",
            "revenue": 388748
        },
        "2021-08": {
            "month": "2021-08",
            "price": "320.34",
            "revenue": 402407
        },
        "2021-09": {
            "month": "2021-09",
            "price": "305.39",
            "revenue": 436570
        },
        "2021-10": {
            "month": "2021-10",
            "price": "297.92",
            "revenue": 376190
        },
        "2021-11": {
            "month": "2021-11",
            "price": "296.19",
            "revenue": 478574
        },
        "2021-12": {
            "month": "2021-12",
            "price": "293.02",
            "revenue": 571633
        },
        "2022-01": {
            "month": "2022-01",
            "price": "292.42",
            "revenue": 521490
        },
        "2022-02": {
            "month": "2022-02",
            "price": "292.03",
            "revenue": 268668
        },
        "2022-03": {
            "month": "2022-03",
            "price": "283.76",
            "revenue": 425770
        },
        "2022-04": {
            "month": "2022-04",
            "price": "277.19",
            "revenue": 448442
        },
        "2022-05": {
            "month": "2022-05",
            "price": "270.52",
            "revenue": 382058
        },
        "2022-06": {
            "month": "2022-06",
            "price": "266.03",
            "revenue": 385242
        },
        "2022-07": {
            "month": "2022-07",
            "price": "257.41",
            "revenue": 423243
        },
        "2022-08": {
            "month": "2022-08",
            "price": "263.98",
            "revenue": 456315
        },
        "2022-09": {
            "month": "2022-09",
            "price": "263.45",
            "revenue": 454924
        },
        "2022-10": {
            "month": "2022-10",
            "price": "249.06",
            "revenue": 437074
        },
        "2022-11": {
            "month": "2022-11",
            "price": "247.11",
            "revenue": 492249
        },
        "2022-12": {
            "month": "2022-12",
            "price": "256.48",
            "revenue": 604559
        },
        "2023-01": {
            "month": "2023-01",
            "price": "260.00",
            "revenue": 421675
        },
        "2023-02": {
            "month": "2023-02",
            "price": "270.64",
            "revenue": 383636
        },
        "2023-03": {
            "month": "2023-03",
            "price": "269.65",
            "revenue": 532337
        },
        "2023-04": {
            "month": "2023-04",
            "price": "273.71",
            "revenue": 456288
        },
        "2023-05": {
            "month": "2023-05",
            "price": "281.64",
            "revenue": 469659
        },
        "2023-06": {
            "month": "2023-06",
            "price": "286.26",
            "revenue": 441417
        },
        "2023-07": {
            "month": "2023-07",
            "price": "291.21",
            "revenue": 451975
        },
        "2023-08": {
            "month": "2023-08",
            "price": "286.19",
            "revenue": 512933
        },
        "2023-09": {
            "month": "2023-09",
            "price": "285.92",
            "revenue": 537887
        },
        "2023-10": {
            "month": "2023-10",
            "price": "291.55",
            "revenue": 458599
        },
        "2023-11": {
            "month": "2023-11",
            "price": "290.83",
            "revenue": 518651
        },
        "2023-12": {
            "month": "2023-12",
            "price": "291.15",
            "revenue": 595343
        }
    }
}
