{
    "summary": {
        "stock_name": "漢來美食",
        "stock_id": "1268",
        "category": "觀光餐旅",
        "main_business": "F501060 餐館業。<br>ZZ99999 除許可業務外，得經營法令非禁止或限制之業務。",
        "website_url": "http://www.hilai-foods.com",
        "ceo": "林淑婷",
        "pe_ratio": 20,
        "report_year_from": 2013,
        "report_year_to": 2023,
        "age": 11,
        "eps_negative_percentage": 0,
        "eps_growth_avg": {
            "last_all": 20.03,
            "last_2y": 39.02,
            "last_4y": 27.6,
            "last_8y": null,
            "last_12y": null,
            "last_16y": null,
            "last_20y": null,
            "at_2006_last_3y": null,
            "at_2007_last_3y": null,
            "at_2008_last_3y": null,
            "at_2009_last_3y": null,
            "at_2010_last_3y": null,
            "at_2011_last_3y": null,
            "at_2012_last_3y": null,
            "at_2013_last_3y": null,
            "at_2014_last_3y": null,
            "at_2015_last_3y": null,
            "at_2016_last_3y": null,
            "at_2017_last_3y": null,
            "at_2018_last_3y": null,
            "at_2019_last_3y": null,
            "at_2020_last_3y": null,
            "at_2021_last_3y": -19,
            "at_2022_last_3y": 9.5,
            "at_2023_last_3y": 30.38,
            "at_2024_last_3y": 30.38,
            "at_2006_last_all": null,
            "at_2007_last_all": null,
            "at_2008_last_all": null,
            "at_2009_last_all": null,
            "at_2010_last_all": null,
            "at_2011_last_all": null,
            "at_2012_last_all": null,
            "at_2013_last_all": null,
            "at_2014_last_all": null,
            "at_2015_last_all": null,
            "at_2016_last_all": null,
            "at_2017_last_all": null,
            "at_2018_last_all": null,
            "at_2019_last_all": -0.66,
            "at_2020_last_all": 1.04,
            "at_2021_last_all": -19,
            "at_2022_last_all": 4.04,
            "at_2023_last_all": 20.03,
            "at_2024_last_all": 20.03
        },
        "latest_eps": 7.61,
        "latest_price": 150.5,
        "latest_roe": 16.04,
        "latest_gross_margin": 43.76,
        "latest_equity": 2153191,
        "latest_revenue": 1309041,
        "latest_gross_profit": 572811,
        "latest_net_income": 33918,
        "latest_debt_ratio": 69.23,
        "latest_current_ratio": 113.87,
        "latest_account_receivable_turnover_ratio": 5.46,
        "latest_inventory_turnover_ratio": 4.22,
        "latest_reinvestment_rate": 116.78,
        "latest_research_to_sale_ratio": 0.55
    },
    "eps_dividends": {
        "2001": {
            "cash": 0,
            "stock": 0,
            "eps": 0
        },
        "2002": {
            "cash": 0,
            "stock": 0,
            "eps": 0
        },
        "2003": {
            "cash": 0,
            "stock": 0,
            "eps": 0
        },
        "2004": {
            "cash": 0,
            "stock": 0,
            "eps": 0
        },
        "2005": {
            "cash": 0,
            "stock": 0,
            "eps": 0
        },
        "2006": {
            "cash": 0,
            "stock": 0,
            "eps": 0
        },
        "2007": {
            "cash": 0,
            "stock": 0,
            "eps": 0
        },
        "2008": {
            "cash": 0,
            "stock": 0,
            "eps": 0
        },
        "2009": {
            "cash": 0,
            "stock": 0,
            "eps": 0
        },
        "2010": {
            "cash": 0,
            "stock": 0,
            "eps": 0
        },
        "2011": {
            "cash": 0,
            "stock": 0,
            "eps": 0
        },
        "2012": {
            "cash": 0,
            "stock": 0,
            "eps": 0
        },
        "2013": {
            "cash": 0,
            "stock": 0,
            "eps": 0
        },
        "2014": {
            "cash": 0,
            "stock": 0,
            "eps": 0
        },
        "2015": {
            "cash": 0,
            "stock": 0,
            "eps": 0
        },
        "2016": {
            "cash": 4.5,
            "stock": 0.5,
            "eps": 0
        },
        "2017": {
            "cash": 5.7,
            "stock": 0.3,
            "eps": 7.52
        },
        "2018": {
            "cash": 6.6,
            "stock": 0.3,
            "eps": 6.18
        },
        "2019": {
            "cash": 7,
            "stock": 0,
            "eps": 7.2
        },
        "2020": {
            "cash": 7,
            "stock": 0,
            "eps": 7.52
        },
        "2021": {
            "cash": 7,
            "stock": 0,
            "eps": 1.57
        },
        "2022": {
            "cash": 3,
            "stock": 0,
            "eps": 3.08
        },
        "2023": {
            "cash": 3,
            "stock": 0,
            "eps": 7.61
        }
    },
    "dividends": {
        "2016-08-22": {
            "cash": 4.5,
            "stock": 0.5
        },
        "2017-08-07": {
            "cash": 5.7,
            "stock": 0.3
        },
        "2018-07-31": {
            "cash": 6.6,
            "stock": 0.3
        },
        "2019-07-16": {
            "cash": 7,
            "stock": 0
        },
        "2020-09-18": {
            "cash": 7,
            "stock": 0
        },
        "2021-09-27": {
            "cash": 7,
            "stock": 0
        },
        "2022-10-03": {
            "cash": 3,
            "stock": 0
        },
        "2023-10-05": {
            "cash": 3,
            "stock": 0
        }
    },
    "prices": {
        "200101": "無",
        "200102": "無",
        "200103": "無",
        "200104": "無",
        "200105": "無",
        "200106": "無",
        "200107": "無",
        "200108": "無",
        "200109": "無",
        "200110": "無",
        "200111": "無",
        "200112": "無",
        "200201": "無",
        "200202": "無",
        "200203": "無",
        "200204": "無",
        "200205": "無",
        "200206": "無",
        "200207": "無",
        "200208": "無",
        "200209": "無",
        "200210": "無",
        "200211": "無",
        "200212": "無",
        "200301": "無",
        "200302": "無",
        "200303": "無",
        "200304": "無",
        "200305": "無",
        "200306": "無",
        "200307": "無",
        "200308": "無",
        "200309": "無",
        "200310": "無",
        "200311": "無",
        "200312": "無",
        "200401": "無",
        "200402": "無",
        "200403": "無",
        "200404": "無",
        "200405": "無",
        "200406": "無",
        "200407": "無",
        "200408": "無",
        "200409": "無",
        "200410": "無",
        "200411": "無",
        "200412": "無",
        "200501": "無",
        "200502": "無",
        "200503": "無",
        "200504": "無",
        "200505": "無",
        "200506": "無",
        "200507": "無",
        "200508": "無",
        "200509": "無",
        "200510": "無",
        "200511": "無",
        "200512": "無",
        "200601": "無",
        "200602": "無",
        "200603": "無",
        "200604": "無",
        "200605": "無",
        "200606": "無",
        "200607": "無",
        "200608": "無",
        "200609": "無",
        "200610": "無",
        "200611": "無",
        "200612": "無",
        "200701": "無",
        "200702": "無",
        "200703": "無",
        "200704": "無",
        "200705": "無",
        "200706": "無",
        "200707": "無",
        "200708": "無",
        "200709": "無",
        "200710": "無",
        "200711": "無",
        "200712": "無",
        "200801": "無",
        "200802": "無",
        "200803": "無",
        "200804": "無",
        "200805": "無",
        "200806": "無",
        "200807": "無",
        "200808": "無",
        "200809": "無",
        "200810": "無",
        "200811": "無",
        "200812": "無",
        "200901": "無",
        "200902": "無",
        "200903": "無",
        "200904": "無",
        "200905": "無",
        "200906": "無",
        "200907": "無",
        "200908": "無",
        "200909": "無",
        "200910": "無",
        "200911": "無",
        "200912": "無",
        "201001": "無",
        "201002": "無",
        "201003": "無",
        "201004": "無",
        "201005": "無",
        "201006": "無",
        "201007": "無",
        "201008": "無",
        "201009": "無",
        "201010": "無",
        "201011": "無",
        "201012": "無",
        "201101": "無",
        "201102": "無",
        "201103": "無",
        "201104": "無",
        "201105": "無",
        "201106": "無",
        "201107": "無",
        "201108": "無",
        "201109": "無",
        "201110": "無",
        "201111": "無",
        "201112": "無",
        "201201": "無",
        "201202": "無",
        "201203": "無",
        "201204": "無",
        "201205": "無",
        "201206": "無",
        "201207": "無",
        "201208": "無",
        "201209": "無",
        "201210": "無",
        "201211": "無",
        "201212": "無",
        "201301": "無",
        "201302": "無",
        "201303": "無",
        "201304": "無",
        "201305": "無",
        "201306": "無",
        "201307": "無",
        "201308": "無",
        "201309": "無",
        "201310": "無",
        "201311": "無",
        "201312": "無",
        "201401": "無",
        "201402": "無",
        "201403": "無",
        "201404": "無",
        "201405": "無",
        "201406": "無",
        "201407": "無",
        "201408": "無",
        "201409": "無",
        "201410": "無",
        "201411": "無",
        "201412": "無",
        "201501": "無",
        "201502": "無",
        "201503": "無",
        "201504": "無",
        "201505": "無",
        "201506": "無",
        "201507": "無",
        "201508": "無",
        "201509": "無",
        "201510": "無",
        "201511": "無",
        "201512": "184.78",
        "201601": "176.81",
        "201602": "176.55",
        "201603": "174.01",
        "201604": "171.46",
        "201605": "170.00",
        "201606": "170.62",
        "201607": "166.29",
        "201608": "162.91",
        "201609": "163.54",
        "201610": "160.76",
        "201611": "160.74",
        "201612": "158.82",
        "201701": "158.51",
        "201702": "156.98",
        "201703": "163.52",
        "201704": "169.12",
        "201705": "174.61",
        "201706": "187.97",
        "201707": "182.22",
        "201708": "183.79",
        "201709": "185.92",
        "201710": "163.74",
        "201711": "157.52",
        "201712": "144.76",
        "201801": "144.52",
        "201802": "139.46",
        "201803": "138.98",
        "201804": "137.94",
        "201805": "136.43",
        "201806": "132.25",
        "201807": "125.91",
        "201808": "137.43",
        "201809": "137.94",
        "201810": "127.79",
        "201811": "120.38",
        "201812": "124.86",
        "201901": "123.50",
        "201902": "125.31",
        "201903": "125.60",
        "201904": "127.05",
        "201905": "135.05",
        "201906": "143.97",
        "201907": "140.93",
        "201908": "133.14",
        "201909": "134.39",
        "201910": "134.45",
        "201911": "135.19",
        "201912": "140.02",
        "202001": "139.53",
        "202002": "128.47",
        "202003": "109.67",
        "202004": "113.60",
        "202005": "127.75",
        "202006": "135.10",
        "202007": "136.72",
        "202008": "135.86",
        "202009": "128.32",
        "202010": "126.37",
        "202011": "130.62",
        "202012": "131.24",
        "202101": "128.48",
        "202102": "129.31",
        "202103": "133.89",
        "202104": "136.39",
        "202105": "129.58",
        "202106": "129.95",
        "202107": "134.64",
        "202108": "130.36",
        "202109": "123.55",
        "202110": "121.92",
        "202111": "120.30",
        "202112": "112.82",
        "202201": "108.08",
        "202202": "112.23",
        "202203": "115.43",
        "202204": "110.28",
        "202205": "103.85",
        "202206": "107.64",
        "202207": "105.31",
        "202208": "108.45",
        "202209": "108.71",
        "202210": "107.98",
        "202211": "112.45",
        "202212": "129.86",
        "202301": "129.65",
        "202302": "139.92",
        "202303": "138.78",
        "202304": "143.47",
        "202305": "155.66",
        "202306": "171.28",
        "202307": "159.14",
        "202308": "153.61",
        "202309": "150.05",
        "202310": "150.88",
        "202311": "147.59",
        "202312": "150.71"
    },
    "quarters": {
        "20011": {
            "year_quarter": 20011,
            "year": 2001,
            "quarter": 1,
            "eps": null,
            "eps_growth_year": null,
            "eps_4q": null,
            "eps_4q_growth_year": null,
            "roe": null,
            "roe_4q": 0,
            "gross_profit": null,
            "gross_margin": null,
            "gross_margin_4q_avg": 0,
            "net_income": null,
            "net_income_4q": null,
            "revenue": null,
            "revenue_4q": null,
            "common_shares": null,
            "book_valuer_per_share": null,
            "book_valuer_per_share_4q_avg": 0,
            "equity": null,
            "current_ratio": null,
            "debt_ratio": null,
            "inventory_turnover_ratio": null,
            "account_receivable_turnover_ratio": null,
            "reinvestment_rate": null,
            "research_to_sale_ratio": null,
            "price_fair": 0,
            "eps_avg_yearly": 0,
            "eps_latest_yearly": 0,
            "eps_growth_yearly": 0
        },
        "20012": {
            "year_quarter": 20012,
            "year": 2001,
            "quarter": 2,
            "eps": null,
            "eps_growth_year": null,
            "eps_4q": null,
            "eps_4q_growth_year": null,
            "roe": null,
            "roe_4q": 0,
            "gross_profit": null,
            "gross_margin": null,
            "gross_margin_4q_avg": 0,
            "net_income": null,
            "net_income_4q": null,
            "revenue": null,
            "revenue_4q": null,
            "common_shares": null,
            "book_valuer_per_share": null,
            "book_valuer_per_share_4q_avg": 0,
            "equity": null,
            "current_ratio": null,
            "debt_ratio": null,
            "inventory_turnover_ratio": null,
            "account_receivable_turnover_ratio": null,
            "reinvestment_rate": null,
            "research_to_sale_ratio": null,
            "price_fair": 0,
            "eps_avg_yearly": 0,
            "eps_latest_yearly": 0,
            "eps_growth_yearly": 0
        },
        "20013": {
            "year_quarter": 20013,
            "year": 2001,
            "quarter": 3,
            "eps": null,
            "eps_growth_year": null,
            "eps_4q": null,
            "eps_4q_growth_year": null,
            "roe": null,
            "roe_4q": 0,
            "gross_profit": null,
            "gross_margin": null,
            "gross_margin_4q_avg": 0,
            "net_income": null,
            "net_income_4q": null,
            "revenue": null,
            "revenue_4q": null,
            "common_shares": null,
            "book_valuer_per_share": null,
            "book_valuer_per_share_4q_avg": 0,
            "equity": null,
            "current_ratio": null,
            "debt_ratio": null,
            "inventory_turnover_ratio": null,
            "account_receivable_turnover_ratio": null,
            "reinvestment_rate": null,
            "research_to_sale_ratio": null,
            "price_fair": 0,
            "eps_avg_yearly": 0,
            "eps_latest_yearly": 0,
            "eps_growth_yearly": 0
        },
        "20014": {
            "year_quarter": 20014,
            "year": 2001,
            "quarter": 4,
            "eps": null,
            "eps_growth_year": null,
            "eps_4q": null,
            "eps_4q_growth_year": null,
            "roe": null,
            "roe_4q": 0,
            "gross_profit": null,
            "gross_margin": null,
            "gross_margin_4q_avg": 0,
            "net_income": null,
            "net_income_4q": null,
            "revenue": null,
            "revenue_4q": null,
            "common_shares": null,
            "book_valuer_per_share": null,
            "book_valuer_per_share_4q_avg": 0,
            "equity": null,
            "current_ratio": null,
            "debt_ratio": null,
            "inventory_turnover_ratio": null,
            "account_receivable_turnover_ratio": null,
            "reinvestment_rate": null,
            "research_to_sale_ratio": null,
            "price_fair": 0,
            "eps_avg_yearly": 0,
            "eps_latest_yearly": 0,
            "eps_growth_yearly": 0
        },
        "20021": {
            "year_quarter": 20021,
            "year": 2002,
            "quarter": 1,
            "eps": null,
            "eps_growth_year": null,
            "eps_4q": null,
            "eps_4q_growth_year": null,
            "roe": null,
            "roe_4q": 0,
            "gross_profit": null,
            "gross_margin": null,
            "gross_margin_4q_avg": 0,
            "net_income": null,
            "net_income_4q": null,
            "revenue": null,
            "revenue_4q": null,
            "common_shares": null,
            "book_valuer_per_share": null,
            "book_valuer_per_share_4q_avg": 0,
            "equity": null,
            "current_ratio": null,
            "debt_ratio": null,
            "inventory_turnover_ratio": null,
            "account_receivable_turnover_ratio": null,
            "reinvestment_rate": null,
            "research_to_sale_ratio": null,
            "price_fair": 0,
            "eps_avg_yearly": 0,
            "eps_latest_yearly": 0,
            "eps_growth_yearly": 0
        },
        "20022": {
            "year_quarter": 20022,
            "year": 2002,
            "quarter": 2,
            "eps": null,
            "eps_growth_year": null,
            "eps_4q": null,
            "eps_4q_growth_year": null,
            "roe": null,
            "roe_4q": 0,
            "gross_profit": null,
            "gross_margin": null,
            "gross_margin_4q_avg": 0,
            "net_income": null,
            "net_income_4q": null,
            "revenue": null,
            "revenue_4q": null,
            "common_shares": null,
            "book_valuer_per_share": null,
            "book_valuer_per_share_4q_avg": 0,
            "equity": null,
            "current_ratio": null,
            "debt_ratio": null,
            "inventory_turnover_ratio": null,
            "account_receivable_turnover_ratio": null,
            "reinvestment_rate": null,
            "research_to_sale_ratio": null,
            "price_fair": 0,
            "eps_avg_yearly": 0,
            "eps_latest_yearly": 0,
            "eps_growth_yearly": 0
        },
        "20023": {
            "year_quarter": 20023,
            "year": 2002,
            "quarter": 3,
            "eps": null,
            "eps_growth_year": null,
            "eps_4q": null,
            "eps_4q_growth_year": null,
            "roe": null,
            "roe_4q": 0,
            "gross_profit": null,
            "gross_margin": null,
            "gross_margin_4q_avg": 0,
            "net_income": null,
            "net_income_4q": null,
            "revenue": null,
            "revenue_4q": null,
            "common_shares": null,
            "book_valuer_per_share": null,
            "book_valuer_per_share_4q_avg": 0,
            "equity": null,
            "current_ratio": null,
            "debt_ratio": null,
            "inventory_turnover_ratio": null,
            "account_receivable_turnover_ratio": null,
            "reinvestment_rate": null,
            "research_to_sale_ratio": null,
            "price_fair": 0,
            "eps_avg_yearly": 0,
            "eps_latest_yearly": 0,
            "eps_growth_yearly": 0
        },
        "20024": {
            "year_quarter": 20024,
            "year": 2002,
            "quarter": 4,
            "eps": null,
            "eps_growth_year": null,
            "eps_4q": null,
            "eps_4q_growth_year": null,
            "roe": null,
            "roe_4q": 0,
            "gross_profit": null,
            "gross_margin": null,
            "gross_margin_4q_avg": 0,
            "net_income": null,
            "net_income_4q": null,
            "revenue": null,
            "revenue_4q": null,
            "common_shares": null,
            "book_valuer_per_share": null,
            "book_valuer_per_share_4q_avg": 0,
            "equity": null,
            "current_ratio": null,
            "debt_ratio": null,
            "inventory_turnover_ratio": null,
            "account_receivable_turnover_ratio": null,
            "reinvestment_rate": null,
            "research_to_sale_ratio": null,
            "price_fair": 0,
            "eps_avg_yearly": 0,
            "eps_latest_yearly": 0,
            "eps_growth_yearly": 0
        },
        "20031": {
            "year_quarter": 20031,
            "year": 2003,
            "quarter": 1,
            "eps": null,
            "eps_growth_year": null,
            "eps_4q": null,
            "eps_4q_growth_year": null,
            "roe": null,
            "roe_4q": 0,
            "gross_profit": null,
            "gross_margin": null,
            "gross_margin_4q_avg": 0,
            "net_income": null,
            "net_income_4q": null,
            "revenue": null,
            "revenue_4q": null,
            "common_shares": null,
            "book_valuer_per_share": null,
            "book_valuer_per_share_4q_avg": 0,
            "equity": null,
            "current_ratio": null,
            "debt_ratio": null,
            "inventory_turnover_ratio": null,
            "account_receivable_turnover_ratio": null,
            "reinvestment_rate": null,
            "research_to_sale_ratio": null,
            "price_fair": 0,
            "eps_avg_yearly": 0,
            "eps_latest_yearly": 0,
            "eps_growth_yearly": 0
        },
        "20032": {
            "year_quarter": 20032,
            "year": 2003,
            "quarter": 2,
            "eps": null,
            "eps_growth_year": null,
            "eps_4q": null,
            "eps_4q_growth_year": null,
            "roe": null,
            "roe_4q": 0,
            "gross_profit": null,
            "gross_margin": null,
            "gross_margin_4q_avg": 0,
            "net_income": null,
            "net_income_4q": null,
            "revenue": null,
            "revenue_4q": null,
            "common_shares": null,
            "book_valuer_per_share": null,
            "book_valuer_per_share_4q_avg": 0,
            "equity": null,
            "current_ratio": null,
            "debt_ratio": null,
            "inventory_turnover_ratio": null,
            "account_receivable_turnover_ratio": null,
            "reinvestment_rate": null,
            "research_to_sale_ratio": null,
            "price_fair": 0,
            "eps_avg_yearly": 0,
            "eps_latest_yearly": 0,
            "eps_growth_yearly": 0
        },
        "20033": {
            "year_quarter": 20033,
            "year": 2003,
            "quarter": 3,
            "eps": null,
            "eps_growth_year": null,
            "eps_4q": null,
            "eps_4q_growth_year": null,
            "roe": null,
            "roe_4q": 0,
            "gross_profit": null,
            "gross_margin": null,
            "gross_margin_4q_avg": 0,
            "net_income": null,
            "net_income_4q": null,
            "revenue": null,
            "revenue_4q": null,
            "common_shares": null,
            "book_valuer_per_share": null,
            "book_valuer_per_share_4q_avg": 0,
            "equity": null,
            "current_ratio": null,
            "debt_ratio": null,
            "inventory_turnover_ratio": null,
            "account_receivable_turnover_ratio": null,
            "reinvestment_rate": null,
            "research_to_sale_ratio": null,
            "price_fair": 0,
            "eps_avg_yearly": 0,
            "eps_latest_yearly": 0,
            "eps_growth_yearly": 0
        },
        "20034": {
            "year_quarter": 20034,
            "year": 2003,
            "quarter": 4,
            "eps": null,
            "eps_growth_year": null,
            "eps_4q": null,
            "eps_4q_growth_year": null,
            "roe": null,
            "roe_4q": 0,
            "gross_profit": null,
            "gross_margin": null,
            "gross_margin_4q_avg": 0,
            "net_income": null,
            "net_income_4q": null,
            "revenue": null,
            "revenue_4q": null,
            "common_shares": null,
            "book_valuer_per_share": null,
            "book_valuer_per_share_4q_avg": 0,
            "equity": null,
            "current_ratio": null,
            "debt_ratio": null,
            "inventory_turnover_ratio": null,
            "account_receivable_turnover_ratio": null,
            "reinvestment_rate": null,
            "research_to_sale_ratio": null,
            "price_fair": 0,
            "eps_avg_yearly": 0,
            "eps_latest_yearly": 0,
            "eps_growth_yearly": 0
        },
        "20041": {
            "year_quarter": 20041,
            "year": 2004,
            "quarter": 1,
            "eps": null,
            "eps_growth_year": null,
            "eps_4q": null,
            "eps_4q_growth_year": null,
            "roe": null,
            "roe_4q": 0,
            "gross_profit": null,
            "gross_margin": null,
            "gross_margin_4q_avg": 0,
            "net_income": null,
            "net_income_4q": null,
            "revenue": null,
            "revenue_4q": null,
            "common_shares": null,
            "book_valuer_per_share": null,
            "book_valuer_per_share_4q_avg": 0,
            "equity": null,
            "current_ratio": null,
            "debt_ratio": null,
            "inventory_turnover_ratio": null,
            "account_receivable_turnover_ratio": null,
            "reinvestment_rate": null,
            "research_to_sale_ratio": null,
            "price_fair": 0,
            "eps_avg_yearly": 0,
            "eps_latest_yearly": 0,
            "eps_growth_yearly": 0
        },
        "20042": {
            "year_quarter": 20042,
            "year": 2004,
            "quarter": 2,
            "eps": null,
            "eps_growth_year": null,
            "eps_4q": null,
            "eps_4q_growth_year": null,
            "roe": null,
            "roe_4q": 0,
            "gross_profit": null,
            "gross_margin": null,
            "gross_margin_4q_avg": 0,
            "net_income": null,
            "net_income_4q": null,
            "revenue": null,
            "revenue_4q": null,
            "common_shares": null,
            "book_valuer_per_share": null,
            "book_valuer_per_share_4q_avg": 0,
            "equity": null,
            "current_ratio": null,
            "debt_ratio": null,
            "inventory_turnover_ratio": null,
            "account_receivable_turnover_ratio": null,
            "reinvestment_rate": null,
            "research_to_sale_ratio": null,
            "price_fair": 0,
            "eps_avg_yearly": 0,
            "eps_latest_yearly": 0,
            "eps_growth_yearly": 0
        },
        "20043": {
            "year_quarter": 20043,
            "year": 2004,
            "quarter": 3,
            "eps": null,
            "eps_growth_year": null,
            "eps_4q": null,
            "eps_4q_growth_year": null,
            "roe": null,
            "roe_4q": 0,
            "gross_profit": null,
            "gross_margin": null,
            "gross_margin_4q_avg": 0,
            "net_income": null,
            "net_income_4q": null,
            "revenue": null,
            "revenue_4q": null,
            "common_shares": null,
            "book_valuer_per_share": null,
            "book_valuer_per_share_4q_avg": 0,
            "equity": null,
            "current_ratio": null,
            "debt_ratio": null,
            "inventory_turnover_ratio": null,
            "account_receivable_turnover_ratio": null,
            "reinvestment_rate": null,
            "research_to_sale_ratio": null,
            "price_fair": 0,
            "eps_avg_yearly": 0,
            "eps_latest_yearly": 0,
            "eps_growth_yearly": 0
        },
        "20044": {
            "year_quarter": 20044,
            "year": 2004,
            "quarter": 4,
            "eps": null,
            "eps_growth_year": null,
            "eps_4q": null,
            "eps_4q_growth_year": null,
            "roe": null,
            "roe_4q": 0,
            "gross_profit": null,
            "gross_margin": null,
            "gross_margin_4q_avg": 0,
            "net_income": null,
            "net_income_4q": null,
            "revenue": null,
            "revenue_4q": null,
            "common_shares": null,
            "book_valuer_per_share": null,
            "book_valuer_per_share_4q_avg": 0,
            "equity": null,
            "current_ratio": null,
            "debt_ratio": null,
            "inventory_turnover_ratio": null,
            "account_receivable_turnover_ratio": null,
            "reinvestment_rate": null,
            "research_to_sale_ratio": null,
            "price_fair": 0,
            "eps_avg_yearly": 0,
            "eps_latest_yearly": 0,
            "eps_growth_yearly": 0
        },
        "20051": {
            "year_quarter": 20051,
            "year": 2005,
            "quarter": 1,
            "eps": null,
            "eps_growth_year": null,
            "eps_4q": null,
            "eps_4q_growth_year": null,
            "roe": null,
            "roe_4q": 0,
            "gross_profit": null,
            "gross_margin": null,
            "gross_margin_4q_avg": 0,
            "net_income": null,
            "net_income_4q": null,
            "revenue": null,
            "revenue_4q": null,
            "common_shares": null,
            "book_valuer_per_share": null,
            "book_valuer_per_share_4q_avg": 0,
            "equity": null,
            "current_ratio": null,
            "debt_ratio": null,
            "inventory_turnover_ratio": null,
            "account_receivable_turnover_ratio": null,
            "reinvestment_rate": null,
            "research_to_sale_ratio": null,
            "price_fair": 0,
            "eps_avg_yearly": 0,
            "eps_latest_yearly": 0,
            "eps_growth_yearly": 0
        },
        "20052": {
            "year_quarter": 20052,
            "year": 2005,
            "quarter": 2,
            "eps": null,
            "eps_growth_year": null,
            "eps_4q": null,
            "eps_4q_growth_year": null,
            "roe": null,
            "roe_4q": 0,
            "gross_profit": null,
            "gross_margin": null,
            "gross_margin_4q_avg": 0,
            "net_income": null,
            "net_income_4q": null,
            "revenue": null,
            "revenue_4q": null,
            "common_shares": null,
            "book_valuer_per_share": null,
            "book_valuer_per_share_4q_avg": 0,
            "equity": null,
            "current_ratio": null,
            "debt_ratio": null,
            "inventory_turnover_ratio": null,
            "account_receivable_turnover_ratio": null,
            "reinvestment_rate": null,
            "research_to_sale_ratio": null,
            "price_fair": 0,
            "eps_avg_yearly": 0,
            "eps_latest_yearly": 0,
            "eps_growth_yearly": 0
        },
        "20053": {
            "year_quarter": 20053,
            "year": 2005,
            "quarter": 3,
            "eps": null,
            "eps_growth_year": null,
            "eps_4q": null,
            "eps_4q_growth_year": null,
            "roe": null,
            "roe_4q": 0,
            "gross_profit": null,
            "gross_margin": null,
            "gross_margin_4q_avg": 0,
            "net_income": null,
            "net_income_4q": null,
            "revenue": null,
            "revenue_4q": null,
            "common_shares": null,
            "book_valuer_per_share": null,
            "book_valuer_per_share_4q_avg": 0,
            "equity": null,
            "current_ratio": null,
            "debt_ratio": null,
            "inventory_turnover_ratio": null,
            "account_receivable_turnover_ratio": null,
            "reinvestment_rate": null,
            "research_to_sale_ratio": null,
            "price_fair": 0,
            "eps_avg_yearly": 0,
            "eps_latest_yearly": 0,
            "eps_growth_yearly": 0
        },
        "20054": {
            "year_quarter": 20054,
            "year": 2005,
            "quarter": 4,
            "eps": null,
            "eps_growth_year": null,
            "eps_4q": null,
            "eps_4q_growth_year": null,
            "roe": null,
            "roe_4q": 0,
            "gross_profit": null,
            "gross_margin": null,
            "gross_margin_4q_avg": 0,
            "net_income": null,
            "net_income_4q": null,
            "revenue": null,
            "revenue_4q": null,
            "common_shares": null,
            "book_valuer_per_share": null,
            "book_valuer_per_share_4q_avg": 0,
            "equity": null,
            "current_ratio": null,
            "debt_ratio": null,
            "inventory_turnover_ratio": null,
            "account_receivable_turnover_ratio": null,
            "reinvestment_rate": null,
            "research_to_sale_ratio": null,
            "price_fair": 0,
            "eps_avg_yearly": 0,
            "eps_latest_yearly": 0,
            "eps_growth_yearly": 0
        },
        "20061": {
            "year_quarter": 20061,
            "year": 2006,
            "quarter": 1,
            "eps": null,
            "eps_growth_year": null,
            "eps_4q": null,
            "eps_4q_growth_year": null,
            "roe": null,
            "roe_4q": 0,
            "gross_profit": null,
            "gross_margin": null,
            "gross_margin_4q_avg": 0,
            "net_income": null,
            "net_income_4q": null,
            "revenue": null,
            "revenue_4q": null,
            "common_shares": null,
            "book_valuer_per_share": null,
            "book_valuer_per_share_4q_avg": 0,
            "equity": null,
            "current_ratio": null,
            "debt_ratio": null,
            "inventory_turnover_ratio": null,
            "account_receivable_turnover_ratio": null,
            "reinvestment_rate": null,
            "research_to_sale_ratio": null,
            "price_fair": 0,
            "eps_avg_yearly": 0,
            "eps_latest_yearly": 0,
            "eps_growth_yearly": 0
        },
        "20062": {
            "year_quarter": 20062,
            "year": 2006,
            "quarter": 2,
            "eps": null,
            "eps_growth_year": null,
            "eps_4q": null,
            "eps_4q_growth_year": null,
            "roe": null,
            "roe_4q": 0,
            "gross_profit": null,
            "gross_margin": null,
            "gross_margin_4q_avg": 0,
            "net_income": null,
            "net_income_4q": null,
            "revenue": null,
            "revenue_4q": null,
            "common_shares": null,
            "book_valuer_per_share": null,
            "book_valuer_per_share_4q_avg": 0,
            "equity": null,
            "current_ratio": null,
            "debt_ratio": null,
            "inventory_turnover_ratio": null,
            "account_receivable_turnover_ratio": null,
            "reinvestment_rate": null,
            "research_to_sale_ratio": null,
            "price_fair": 0,
            "eps_avg_yearly": 0,
            "eps_latest_yearly": 0,
            "eps_growth_yearly": 0
        },
        "20063": {
            "year_quarter": 20063,
            "year": 2006,
            "quarter": 3,
            "eps": null,
            "eps_growth_year": null,
            "eps_4q": null,
            "eps_4q_growth_year": null,
            "roe": null,
            "roe_4q": 0,
            "gross_profit": null,
            "gross_margin": null,
            "gross_margin_4q_avg": 0,
            "net_income": null,
            "net_income_4q": null,
            "revenue": null,
            "revenue_4q": null,
            "common_shares": null,
            "book_valuer_per_share": null,
            "book_valuer_per_share_4q_avg": 0,
            "equity": null,
            "current_ratio": null,
            "debt_ratio": null,
            "inventory_turnover_ratio": null,
            "account_receivable_turnover_ratio": null,
            "reinvestment_rate": null,
            "research_to_sale_ratio": null,
            "price_fair": 0,
            "eps_avg_yearly": 0,
            "eps_latest_yearly": 0,
            "eps_growth_yearly": 0
        },
        "20064": {
            "year_quarter": 20064,
            "year": 2006,
            "quarter": 4,
            "eps": null,
            "eps_growth_year": null,
            "eps_4q": null,
            "eps_4q_growth_year": null,
            "roe": null,
            "roe_4q": 0,
            "gross_profit": null,
            "gross_margin": null,
            "gross_margin_4q_avg": 0,
            "net_income": null,
            "net_income_4q": null,
            "revenue": null,
            "revenue_4q": null,
            "common_shares": null,
            "book_valuer_per_share": null,
            "book_valuer_per_share_4q_avg": 0,
            "equity": null,
            "current_ratio": null,
            "debt_ratio": null,
            "inventory_turnover_ratio": null,
            "account_receivable_turnover_ratio": null,
            "reinvestment_rate": null,
            "research_to_sale_ratio": null,
            "price_fair": 0,
            "eps_avg_yearly": 0,
            "eps_latest_yearly": 0,
            "eps_growth_yearly": 0
        },
        "20071": {
            "year_quarter": 20071,
            "year": 2007,
            "quarter": 1,
            "eps": null,
            "eps_growth_year": null,
            "eps_4q": null,
            "eps_4q_growth_year": null,
            "roe": null,
            "roe_4q": 0,
            "gross_profit": null,
            "gross_margin": null,
            "gross_margin_4q_avg": 0,
            "net_income": null,
            "net_income_4q": null,
            "revenue": null,
            "revenue_4q": null,
            "common_shares": null,
            "book_valuer_per_share": null,
            "book_valuer_per_share_4q_avg": 0,
            "equity": null,
            "current_ratio": null,
            "debt_ratio": null,
            "inventory_turnover_ratio": null,
            "account_receivable_turnover_ratio": null,
            "reinvestment_rate": null,
            "research_to_sale_ratio": null,
            "price_fair": 0,
            "eps_avg_yearly": 0,
            "eps_latest_yearly": 0,
            "eps_growth_yearly": 0
        },
        "20072": {
            "year_quarter": 20072,
            "year": 2007,
            "quarter": 2,
            "eps": null,
            "eps_growth_year": null,
            "eps_4q": null,
            "eps_4q_growth_year": null,
            "roe": null,
            "roe_4q": 0,
            "gross_profit": null,
            "gross_margin": null,
            "gross_margin_4q_avg": 0,
            "net_income": null,
            "net_income_4q": null,
            "revenue": null,
            "revenue_4q": null,
            "common_shares": null,
            "book_valuer_per_share": null,
            "book_valuer_per_share_4q_avg": 0,
            "equity": null,
            "current_ratio": null,
            "debt_ratio": null,
            "inventory_turnover_ratio": null,
            "account_receivable_turnover_ratio": null,
            "reinvestment_rate": null,
            "research_to_sale_ratio": null,
            "price_fair": 0,
            "eps_avg_yearly": 0,
            "eps_latest_yearly": 0,
            "eps_growth_yearly": 0
        },
        "20073": {
            "year_quarter": 20073,
            "year": 2007,
            "quarter": 3,
            "eps": null,
            "eps_growth_year": null,
            "eps_4q": null,
            "eps_4q_growth_year": null,
            "roe": null,
            "roe_4q": 0,
            "gross_profit": null,
            "gross_margin": null,
            "gross_margin_4q_avg": 0,
            "net_income": null,
            "net_income_4q": null,
            "revenue": null,
            "revenue_4q": null,
            "common_shares": null,
            "book_valuer_per_share": null,
            "book_valuer_per_share_4q_avg": 0,
            "equity": null,
            "current_ratio": null,
            "debt_ratio": null,
            "inventory_turnover_ratio": null,
            "account_receivable_turnover_ratio": null,
            "reinvestment_rate": null,
            "research_to_sale_ratio": null,
            "price_fair": 0,
            "eps_avg_yearly": 0,
            "eps_latest_yearly": 0,
            "eps_growth_yearly": 0
        },
        "20074": {
            "year_quarter": 20074,
            "year": 2007,
            "quarter": 4,
            "eps": null,
            "eps_growth_year": null,
            "eps_4q": null,
            "eps_4q_growth_year": null,
            "roe": null,
            "roe_4q": 0,
            "gross_profit": null,
            "gross_margin": null,
            "gross_margin_4q_avg": 0,
            "net_income": null,
            "net_income_4q": null,
            "revenue": null,
            "revenue_4q": null,
            "common_shares": null,
            "book_valuer_per_share": null,
            "book_valuer_per_share_4q_avg": 0,
            "equity": null,
            "current_ratio": null,
            "debt_ratio": null,
            "inventory_turnover_ratio": null,
            "account_receivable_turnover_ratio": null,
            "reinvestment_rate": null,
            "research_to_sale_ratio": null,
            "price_fair": 0,
            "eps_avg_yearly": 0,
            "eps_latest_yearly": 0,
            "eps_growth_yearly": 0
        },
        "20081": {
            "year_quarter": 20081,
            "year": 2008,
            "quarter": 1,
            "eps": null,
            "eps_growth_year": null,
            "eps_4q": null,
            "eps_4q_growth_year": null,
            "roe": null,
            "roe_4q": 0,
            "gross_profit": null,
            "gross_margin": null,
            "gross_margin_4q_avg": 0,
            "net_income": null,
            "net_income_4q": null,
            "revenue": null,
            "revenue_4q": null,
            "common_shares": null,
            "book_valuer_per_share": null,
            "book_valuer_per_share_4q_avg": 0,
            "equity": null,
            "current_ratio": null,
            "debt_ratio": null,
            "inventory_turnover_ratio": null,
            "account_receivable_turnover_ratio": null,
            "reinvestment_rate": null,
            "research_to_sale_ratio": null,
            "price_fair": 0,
            "eps_avg_yearly": 0,
            "eps_latest_yearly": 0,
            "eps_growth_yearly": 0
        },
        "20082": {
            "year_quarter": 20082,
            "year": 2008,
            "quarter": 2,
            "eps": null,
            "eps_growth_year": null,
            "eps_4q": null,
            "eps_4q_growth_year": null,
            "roe": null,
            "roe_4q": 0,
            "gross_profit": null,
            "gross_margin": null,
            "gross_margin_4q_avg": 0,
            "net_income": null,
            "net_income_4q": null,
            "revenue": null,
            "revenue_4q": null,
            "common_shares": null,
            "book_valuer_per_share": null,
            "book_valuer_per_share_4q_avg": 0,
            "equity": null,
            "current_ratio": null,
            "debt_ratio": null,
            "inventory_turnover_ratio": null,
            "account_receivable_turnover_ratio": null,
            "reinvestment_rate": null,
            "research_to_sale_ratio": null,
            "price_fair": 0,
            "eps_avg_yearly": 0,
            "eps_latest_yearly": 0,
            "eps_growth_yearly": 0
        },
        "20083": {
            "year_quarter": 20083,
            "year": 2008,
            "quarter": 3,
            "eps": null,
            "eps_growth_year": null,
            "eps_4q": null,
            "eps_4q_growth_year": null,
            "roe": null,
            "roe_4q": 0,
            "gross_profit": null,
            "gross_margin": null,
            "gross_margin_4q_avg": 0,
            "net_income": null,
            "net_income_4q": null,
            "revenue": null,
            "revenue_4q": null,
            "common_shares": null,
            "book_valuer_per_share": null,
            "book_valuer_per_share_4q_avg": 0,
            "equity": null,
            "current_ratio": null,
            "debt_ratio": null,
            "inventory_turnover_ratio": null,
            "account_receivable_turnover_ratio": null,
            "reinvestment_rate": null,
            "research_to_sale_ratio": null,
            "price_fair": 0,
            "eps_avg_yearly": 0,
            "eps_latest_yearly": 0,
            "eps_growth_yearly": 0
        },
        "20084": {
            "year_quarter": 20084,
            "year": 2008,
            "quarter": 4,
            "eps": null,
            "eps_growth_year": null,
            "eps_4q": null,
            "eps_4q_growth_year": null,
            "roe": null,
            "roe_4q": 0,
            "gross_profit": null,
            "gross_margin": null,
            "gross_margin_4q_avg": 0,
            "net_income": null,
            "net_income_4q": null,
            "revenue": null,
            "revenue_4q": null,
            "common_shares": null,
            "book_valuer_per_share": null,
            "book_valuer_per_share_4q_avg": 0,
            "equity": null,
            "current_ratio": null,
            "debt_ratio": null,
            "inventory_turnover_ratio": null,
            "account_receivable_turnover_ratio": null,
            "reinvestment_rate": null,
            "research_to_sale_ratio": null,
            "price_fair": 0,
            "eps_avg_yearly": 0,
            "eps_latest_yearly": 0,
            "eps_growth_yearly": 0
        },
        "20091": {
            "year_quarter": 20091,
            "year": 2009,
            "quarter": 1,
            "eps": null,
            "eps_growth_year": null,
            "eps_4q": null,
            "eps_4q_growth_year": null,
            "roe": null,
            "roe_4q": 0,
            "gross_profit": null,
            "gross_margin": null,
            "gross_margin_4q_avg": 0,
            "net_income": null,
            "net_income_4q": null,
            "revenue": null,
            "revenue_4q": null,
            "common_shares": null,
            "book_valuer_per_share": null,
            "book_valuer_per_share_4q_avg": 0,
            "equity": null,
            "current_ratio": null,
            "debt_ratio": null,
            "inventory_turnover_ratio": null,
            "account_receivable_turnover_ratio": null,
            "reinvestment_rate": null,
            "research_to_sale_ratio": null,
            "price_fair": 0,
            "eps_avg_yearly": 0,
            "eps_latest_yearly": 0,
            "eps_growth_yearly": 0
        },
        "20092": {
            "year_quarter": 20092,
            "year": 2009,
            "quarter": 2,
            "eps": null,
            "eps_growth_year": null,
            "eps_4q": null,
            "eps_4q_growth_year": null,
            "roe": null,
            "roe_4q": 0,
            "gross_profit": null,
            "gross_margin": null,
            "gross_margin_4q_avg": 0,
            "net_income": null,
            "net_income_4q": null,
            "revenue": null,
            "revenue_4q": null,
            "common_shares": null,
            "book_valuer_per_share": null,
            "book_valuer_per_share_4q_avg": 0,
            "equity": null,
            "current_ratio": null,
            "debt_ratio": null,
            "inventory_turnover_ratio": null,
            "account_receivable_turnover_ratio": null,
            "reinvestment_rate": null,
            "research_to_sale_ratio": null,
            "price_fair": 0,
            "eps_avg_yearly": 0,
            "eps_latest_yearly": 0,
            "eps_growth_yearly": 0
        },
        "20093": {
            "year_quarter": 20093,
            "year": 2009,
            "quarter": 3,
            "eps": null,
            "eps_growth_year": null,
            "eps_4q": null,
            "eps_4q_growth_year": null,
            "roe": null,
            "roe_4q": 0,
            "gross_profit": null,
            "gross_margin": null,
            "gross_margin_4q_avg": 0,
            "net_income": null,
            "net_income_4q": null,
            "revenue": null,
            "revenue_4q": null,
            "common_shares": null,
            "book_valuer_per_share": null,
            "book_valuer_per_share_4q_avg": 0,
            "equity": null,
            "current_ratio": null,
            "debt_ratio": null,
            "inventory_turnover_ratio": null,
            "account_receivable_turnover_ratio": null,
            "reinvestment_rate": null,
            "research_to_sale_ratio": null,
            "price_fair": 0,
            "eps_avg_yearly": 0,
            "eps_latest_yearly": 0,
            "eps_growth_yearly": 0
        },
        "20094": {
            "year_quarter": 20094,
            "year": 2009,
            "quarter": 4,
            "eps": null,
            "eps_growth_year": null,
            "eps_4q": null,
            "eps_4q_growth_year": null,
            "roe": null,
            "roe_4q": 0,
            "gross_profit": null,
            "gross_margin": null,
            "gross_margin_4q_avg": 0,
            "net_income": null,
            "net_income_4q": null,
            "revenue": null,
            "revenue_4q": null,
            "common_shares": null,
            "book_valuer_per_share": null,
            "book_valuer_per_share_4q_avg": 0,
            "equity": null,
            "current_ratio": null,
            "debt_ratio": null,
            "inventory_turnover_ratio": null,
            "account_receivable_turnover_ratio": null,
            "reinvestment_rate": null,
            "research_to_sale_ratio": null,
            "price_fair": 0,
            "eps_avg_yearly": 0,
            "eps_latest_yearly": 0,
            "eps_growth_yearly": 0
        },
        "20101": {
            "year_quarter": 20101,
            "year": 2010,
            "quarter": 1,
            "eps": null,
            "eps_growth_year": null,
            "eps_4q": null,
            "eps_4q_growth_year": null,
            "roe": null,
            "roe_4q": 0,
            "gross_profit": null,
            "gross_margin": null,
            "gross_margin_4q_avg": 0,
            "net_income": null,
            "net_income_4q": null,
            "revenue": null,
            "revenue_4q": null,
            "common_shares": null,
            "book_valuer_per_share": null,
            "book_valuer_per_share_4q_avg": 0,
            "equity": null,
            "current_ratio": null,
            "debt_ratio": null,
            "inventory_turnover_ratio": null,
            "account_receivable_turnover_ratio": null,
            "reinvestment_rate": null,
            "research_to_sale_ratio": null,
            "price_fair": 0,
            "eps_avg_yearly": 0,
            "eps_latest_yearly": 0,
            "eps_growth_yearly": 0
        },
        "20102": {
            "year_quarter": 20102,
            "year": 2010,
            "quarter": 2,
            "eps": null,
            "eps_growth_year": null,
            "eps_4q": null,
            "eps_4q_growth_year": null,
            "roe": null,
            "roe_4q": 0,
            "gross_profit": null,
            "gross_margin": null,
            "gross_margin_4q_avg": 0,
            "net_income": null,
            "net_income_4q": null,
            "revenue": null,
            "revenue_4q": null,
            "common_shares": null,
            "book_valuer_per_share": null,
            "book_valuer_per_share_4q_avg": 0,
            "equity": null,
            "current_ratio": null,
            "debt_ratio": null,
            "inventory_turnover_ratio": null,
            "account_receivable_turnover_ratio": null,
            "reinvestment_rate": null,
            "research_to_sale_ratio": null,
            "price_fair": 0,
            "eps_avg_yearly": 0,
            "eps_latest_yearly": 0,
            "eps_growth_yearly": 0
        },
        "20103": {
            "year_quarter": 20103,
            "year": 2010,
            "quarter": 3,
            "eps": null,
            "eps_growth_year": null,
            "eps_4q": null,
            "eps_4q_growth_year": null,
            "roe": null,
            "roe_4q": 0,
            "gross_profit": null,
            "gross_margin": null,
            "gross_margin_4q_avg": 0,
            "net_income": null,
            "net_income_4q": null,
            "revenue": null,
            "revenue_4q": null,
            "common_shares": null,
            "book_valuer_per_share": null,
            "book_valuer_per_share_4q_avg": 0,
            "equity": null,
            "current_ratio": null,
            "debt_ratio": null,
            "inventory_turnover_ratio": null,
            "account_receivable_turnover_ratio": null,
            "reinvestment_rate": null,
            "research_to_sale_ratio": null,
            "price_fair": 0,
            "eps_avg_yearly": 0,
            "eps_latest_yearly": 0,
            "eps_growth_yearly": 0
        },
        "20104": {
            "year_quarter": 20104,
            "year": 2010,
            "quarter": 4,
            "eps": null,
            "eps_growth_year": null,
            "eps_4q": null,
            "eps_4q_growth_year": null,
            "roe": null,
            "roe_4q": 0,
            "gross_profit": null,
            "gross_margin": null,
            "gross_margin_4q_avg": 0,
            "net_income": null,
            "net_income_4q": null,
            "revenue": null,
            "revenue_4q": null,
            "common_shares": null,
            "book_valuer_per_share": null,
            "book_valuer_per_share_4q_avg": 0,
            "equity": null,
            "current_ratio": null,
            "debt_ratio": null,
            "inventory_turnover_ratio": null,
            "account_receivable_turnover_ratio": null,
            "reinvestment_rate": null,
            "research_to_sale_ratio": null,
            "price_fair": 0,
            "eps_avg_yearly": 0,
            "eps_latest_yearly": 0,
            "eps_growth_yearly": 0
        },
        "20111": {
            "year_quarter": 20111,
            "year": 2011,
            "quarter": 1,
            "eps": null,
            "eps_growth_year": null,
            "eps_4q": null,
            "eps_4q_growth_year": null,
            "roe": null,
            "roe_4q": 0,
            "gross_profit": null,
            "gross_margin": null,
            "gross_margin_4q_avg": 0,
            "net_income": null,
            "net_income_4q": null,
            "revenue": null,
            "revenue_4q": null,
            "common_shares": null,
            "book_valuer_per_share": null,
            "book_valuer_per_share_4q_avg": 0,
            "equity": null,
            "current_ratio": null,
            "debt_ratio": null,
            "inventory_turnover_ratio": null,
            "account_receivable_turnover_ratio": null,
            "reinvestment_rate": null,
            "research_to_sale_ratio": null,
            "price_fair": 0,
            "eps_avg_yearly": 0,
            "eps_latest_yearly": 0,
            "eps_growth_yearly": 0
        },
        "20112": {
            "year_quarter": 20112,
            "year": 2011,
            "quarter": 2,
            "eps": null,
            "eps_growth_year": null,
            "eps_4q": null,
            "eps_4q_growth_year": null,
            "roe": null,
            "roe_4q": 0,
            "gross_profit": null,
            "gross_margin": null,
            "gross_margin_4q_avg": 0,
            "net_income": null,
            "net_income_4q": null,
            "revenue": null,
            "revenue_4q": null,
            "common_shares": null,
            "book_valuer_per_share": null,
            "book_valuer_per_share_4q_avg": 0,
            "equity": null,
            "current_ratio": null,
            "debt_ratio": null,
            "inventory_turnover_ratio": null,
            "account_receivable_turnover_ratio": null,
            "reinvestment_rate": null,
            "research_to_sale_ratio": null,
            "price_fair": 0,
            "eps_avg_yearly": 0,
            "eps_latest_yearly": 0,
            "eps_growth_yearly": 0
        },
        "20113": {
            "year_quarter": 20113,
            "year": 2011,
            "quarter": 3,
            "eps": null,
            "eps_growth_year": null,
            "eps_4q": null,
            "eps_4q_growth_year": null,
            "roe": null,
            "roe_4q": 0,
            "gross_profit": null,
            "gross_margin": null,
            "gross_margin_4q_avg": 0,
            "net_income": null,
            "net_income_4q": null,
            "revenue": null,
            "revenue_4q": null,
            "common_shares": null,
            "book_valuer_per_share": null,
            "book_valuer_per_share_4q_avg": 0,
            "equity": null,
            "current_ratio": null,
            "debt_ratio": null,
            "inventory_turnover_ratio": null,
            "account_receivable_turnover_ratio": null,
            "reinvestment_rate": null,
            "research_to_sale_ratio": null,
            "price_fair": 0,
            "eps_avg_yearly": 0,
            "eps_latest_yearly": 0,
            "eps_growth_yearly": 0
        },
        "20114": {
            "year_quarter": 20114,
            "year": 2011,
            "quarter": 4,
            "eps": null,
            "eps_growth_year": null,
            "eps_4q": null,
            "eps_4q_growth_year": null,
            "roe": null,
            "roe_4q": 0,
            "gross_profit": null,
            "gross_margin": null,
            "gross_margin_4q_avg": 0,
            "net_income": null,
            "net_income_4q": null,
            "revenue": null,
            "revenue_4q": null,
            "common_shares": null,
            "book_valuer_per_share": null,
            "book_valuer_per_share_4q_avg": 0,
            "equity": null,
            "current_ratio": null,
            "debt_ratio": null,
            "inventory_turnover_ratio": null,
            "account_receivable_turnover_ratio": null,
            "reinvestment_rate": null,
            "research_to_sale_ratio": null,
            "price_fair": 0,
            "eps_avg_yearly": 0,
            "eps_latest_yearly": 0,
            "eps_growth_yearly": 0
        },
        "20121": {
            "year_quarter": 20121,
            "year": 2012,
            "quarter": 1,
            "eps": null,
            "eps_growth_year": null,
            "eps_4q": null,
            "eps_4q_growth_year": null,
            "roe": null,
            "roe_4q": 0,
            "gross_profit": null,
            "gross_margin": null,
            "gross_margin_4q_avg": 0,
            "net_income": null,
            "net_income_4q": null,
            "revenue": null,
            "revenue_4q": null,
            "common_shares": null,
            "book_valuer_per_share": null,
            "book_valuer_per_share_4q_avg": 0,
            "equity": null,
            "current_ratio": null,
            "debt_ratio": null,
            "inventory_turnover_ratio": null,
            "account_receivable_turnover_ratio": null,
            "reinvestment_rate": null,
            "research_to_sale_ratio": null,
            "price_fair": 0,
            "eps_avg_yearly": 0,
            "eps_latest_yearly": 0,
            "eps_growth_yearly": 0
        },
        "20122": {
            "year_quarter": 20122,
            "year": 2012,
            "quarter": 2,
            "eps": null,
            "eps_growth_year": null,
            "eps_4q": null,
            "eps_4q_growth_year": null,
            "roe": null,
            "roe_4q": 0,
            "gross_profit": null,
            "gross_margin": null,
            "gross_margin_4q_avg": 0,
            "net_income": null,
            "net_income_4q": null,
            "revenue": null,
            "revenue_4q": null,
            "common_shares": null,
            "book_valuer_per_share": null,
            "book_valuer_per_share_4q_avg": 0,
            "equity": null,
            "current_ratio": null,
            "debt_ratio": null,
            "inventory_turnover_ratio": null,
            "account_receivable_turnover_ratio": null,
            "reinvestment_rate": null,
            "research_to_sale_ratio": null,
            "price_fair": 0,
            "eps_avg_yearly": 0,
            "eps_latest_yearly": 0,
            "eps_growth_yearly": 0
        },
        "20123": {
            "year_quarter": 20123,
            "year": 2012,
            "quarter": 3,
            "eps": null,
            "eps_growth_year": null,
            "eps_4q": null,
            "eps_4q_growth_year": null,
            "roe": null,
            "roe_4q": 0,
            "gross_profit": null,
            "gross_margin": null,
            "gross_margin_4q_avg": 0,
            "net_income": null,
            "net_income_4q": null,
            "revenue": null,
            "revenue_4q": null,
            "common_shares": null,
            "book_valuer_per_share": null,
            "book_valuer_per_share_4q_avg": 0,
            "equity": null,
            "current_ratio": null,
            "debt_ratio": null,
            "inventory_turnover_ratio": null,
            "account_receivable_turnover_ratio": null,
            "reinvestment_rate": null,
            "research_to_sale_ratio": null,
            "price_fair": 0,
            "eps_avg_yearly": 0,
            "eps_latest_yearly": 0,
            "eps_growth_yearly": 0
        },
        "20124": {
            "year_quarter": 20124,
            "year": 2012,
            "quarter": 4,
            "eps": null,
            "eps_growth_year": null,
            "eps_4q": null,
            "eps_4q_growth_year": null,
            "roe": null,
            "roe_4q": 0,
            "gross_profit": null,
            "gross_margin": null,
            "gross_margin_4q_avg": 0,
            "net_income": null,
            "net_income_4q": null,
            "revenue": null,
            "revenue_4q": null,
            "common_shares": null,
            "book_valuer_per_share": null,
            "book_valuer_per_share_4q_avg": 0,
            "equity": null,
            "current_ratio": null,
            "debt_ratio": null,
            "inventory_turnover_ratio": null,
            "account_receivable_turnover_ratio": null,
            "reinvestment_rate": null,
            "research_to_sale_ratio": null,
            "price_fair": 0,
            "eps_avg_yearly": 0,
            "eps_latest_yearly": 0,
            "eps_growth_yearly": 0
        },
        "20131": {
            "year_quarter": 20131,
            "year": 2013,
            "quarter": 1,
            "eps": null,
            "eps_growth_year": null,
            "eps_4q": null,
            "eps_4q_growth_year": null,
            "roe": null,
            "roe_4q": 0,
            "gross_profit": null,
            "gross_margin": null,
            "gross_margin_4q_avg": 0,
            "net_income": null,
            "net_income_4q": null,
            "revenue": null,
            "revenue_4q": null,
            "common_shares": null,
            "book_valuer_per_share": null,
            "book_valuer_per_share_4q_avg": 0,
            "equity": null,
            "current_ratio": null,
            "debt_ratio": null,
            "inventory_turnover_ratio": null,
            "account_receivable_turnover_ratio": null,
            "reinvestment_rate": null,
            "research_to_sale_ratio": null,
            "price_fair": 0,
            "eps_avg_yearly": 0,
            "eps_latest_yearly": 0,
            "eps_growth_yearly": 0
        },
        "20132": {
            "year_quarter": 20132,
            "year": 2013,
            "quarter": 2,
            "eps": null,
            "eps_growth_year": null,
            "eps_4q": null,
            "eps_4q_growth_year": null,
            "roe": null,
            "roe_4q": 0,
            "gross_profit": null,
            "gross_margin": null,
            "gross_margin_4q_avg": 0,
            "net_income": null,
            "net_income_4q": null,
            "revenue": null,
            "revenue_4q": null,
            "common_shares": null,
            "book_valuer_per_share": null,
            "book_valuer_per_share_4q_avg": 0,
            "equity": null,
            "current_ratio": null,
            "debt_ratio": null,
            "inventory_turnover_ratio": null,
            "account_receivable_turnover_ratio": null,
            "reinvestment_rate": null,
            "research_to_sale_ratio": null,
            "price_fair": 0,
            "eps_avg_yearly": 0,
            "eps_latest_yearly": 0,
            "eps_growth_yearly": 0
        },
        "20133": {
            "year_quarter": 20133,
            "year": 2013,
            "quarter": 3,
            "eps": null,
            "eps_growth_year": null,
            "eps_4q": null,
            "eps_4q_growth_year": null,
            "roe": null,
            "roe_4q": 0,
            "gross_profit": null,
            "gross_margin": null,
            "gross_margin_4q_avg": 0,
            "net_income": null,
            "net_income_4q": null,
            "revenue": null,
            "revenue_4q": null,
            "common_shares": null,
            "book_valuer_per_share": null,
            "book_valuer_per_share_4q_avg": 0,
            "equity": null,
            "current_ratio": null,
            "debt_ratio": null,
            "inventory_turnover_ratio": null,
            "account_receivable_turnover_ratio": null,
            "reinvestment_rate": null,
            "research_to_sale_ratio": null,
            "price_fair": 0,
            "eps_avg_yearly": 0,
            "eps_latest_yearly": 0,
            "eps_growth_yearly": 0
        },
        "20134": {
            "year_quarter": 20134,
            "year": 2013,
            "quarter": 4,
            "eps": null,
            "eps_growth_year": null,
            "eps_4q": null,
            "eps_4q_growth_year": null,
            "roe": null,
            "roe_4q": 0,
            "gross_profit": null,
            "gross_margin": null,
            "gross_margin_4q_avg": 0,
            "net_income": null,
            "net_income_4q": null,
            "revenue": null,
            "revenue_4q": null,
            "common_shares": null,
            "book_valuer_per_share": null,
            "book_valuer_per_share_4q_avg": 0,
            "equity": null,
            "current_ratio": null,
            "debt_ratio": null,
            "inventory_turnover_ratio": null,
            "account_receivable_turnover_ratio": null,
            "reinvestment_rate": null,
            "research_to_sale_ratio": null,
            "price_fair": 0,
            "eps_avg_yearly": 0,
            "eps_latest_yearly": 0,
            "eps_growth_yearly": 0
        },
        "20141": {
            "year_quarter": 20141,
            "year": 2014,
            "quarter": 1,
            "eps": null,
            "eps_growth_year": null,
            "eps_4q": null,
            "eps_4q_growth_year": null,
            "roe": null,
            "roe_4q": 0,
            "gross_profit": null,
            "gross_margin": null,
            "gross_margin_4q_avg": 0,
            "net_income": null,
            "net_income_4q": null,
            "revenue": null,
            "revenue_4q": null,
            "common_shares": null,
            "book_valuer_per_share": null,
            "book_valuer_per_share_4q_avg": 0,
            "equity": null,
            "current_ratio": null,
            "debt_ratio": null,
            "inventory_turnover_ratio": null,
            "account_receivable_turnover_ratio": null,
            "reinvestment_rate": null,
            "research_to_sale_ratio": null,
            "price_fair": 0,
            "eps_avg_yearly": 0,
            "eps_latest_yearly": 0,
            "eps_growth_yearly": 0
        },
        "20142": {
            "year_quarter": 20142,
            "year": 2014,
            "quarter": 2,
            "eps": null,
            "eps_growth_year": null,
            "eps_4q": null,
            "eps_4q_growth_year": null,
            "roe": null,
            "roe_4q": 0,
            "gross_profit": null,
            "gross_margin": null,
            "gross_margin_4q_avg": 0,
            "net_income": null,
            "net_income_4q": null,
            "revenue": null,
            "revenue_4q": null,
            "common_shares": 260000,
            "book_valuer_per_share": null,
            "book_valuer_per_share_4q_avg": 0,
            "equity": 405302,
            "current_ratio": null,
            "debt_ratio": null,
            "inventory_turnover_ratio": null,
            "account_receivable_turnover_ratio": null,
            "reinvestment_rate": null,
            "research_to_sale_ratio": null,
            "price_fair": 0,
            "eps_avg_yearly": 0,
            "eps_latest_yearly": 0,
            "eps_growth_yearly": 0
        },
        "20143": {
            "year_quarter": 20143,
            "year": 2014,
            "quarter": 3,
            "eps": null,
            "eps_growth_year": null,
            "eps_4q": null,
            "eps_4q_growth_year": null,
            "roe": null,
            "roe_4q": 0,
            "gross_profit": null,
            "gross_margin": null,
            "gross_margin_4q_avg": 0,
            "net_income": null,
            "net_income_4q": null,
            "revenue": null,
            "revenue_4q": null,
            "common_shares": null,
            "book_valuer_per_share": null,
            "book_valuer_per_share_4q_avg": 0,
            "equity": null,
            "current_ratio": null,
            "debt_ratio": null,
            "inventory_turnover_ratio": null,
            "account_receivable_turnover_ratio": null,
            "reinvestment_rate": null,
            "research_to_sale_ratio": null,
            "price_fair": 0,
            "eps_avg_yearly": 0,
            "eps_latest_yearly": 0,
            "eps_growth_yearly": 0
        },
        "20144": {
            "year_quarter": 20144,
            "year": 2014,
            "quarter": 4,
            "eps": null,
            "eps_growth_year": null,
            "eps_4q": null,
            "eps_4q_growth_year": null,
            "roe": null,
            "roe_4q": 0,
            "gross_profit": null,
            "gross_margin": null,
            "gross_margin_4q_avg": 0,
            "net_income": null,
            "net_income_4q": null,
            "revenue": null,
            "revenue_4q": null,
            "common_shares": 282000,
            "book_valuer_per_share": null,
            "book_valuer_per_share_4q_avg": 0,
            "equity": 589554,
            "current_ratio": null,
            "debt_ratio": null,
            "inventory_turnover_ratio": null,
            "account_receivable_turnover_ratio": null,
            "reinvestment_rate": null,
            "research_to_sale_ratio": null,
            "price_fair": 0,
            "eps_avg_yearly": 0,
            "eps_latest_yearly": 0,
            "eps_growth_yearly": 0
        },
        "20151": {
            "year_quarter": 20151,
            "year": 2015,
            "quarter": 1,
            "eps": null,
            "eps_growth_year": null,
            "eps_4q": null,
            "eps_4q_growth_year": null,
            "roe": null,
            "roe_4q": 0,
            "gross_profit": null,
            "gross_margin": null,
            "gross_margin_4q_avg": 0,
            "net_income": null,
            "net_income_4q": null,
            "revenue": null,
            "revenue_4q": null,
            "common_shares": null,
            "book_valuer_per_share": null,
            "book_valuer_per_share_4q_avg": 0,
            "equity": null,
            "current_ratio": null,
            "debt_ratio": null,
            "inventory_turnover_ratio": null,
            "account_receivable_turnover_ratio": null,
            "reinvestment_rate": null,
            "research_to_sale_ratio": null,
            "price_fair": 0,
            "eps_avg_yearly": 0,
            "eps_latest_yearly": 0,
            "eps_growth_yearly": 0
        },
        "20152": {
            "year_quarter": 20152,
            "year": 2015,
            "quarter": 2,
            "eps": null,
            "eps_growth_year": null,
            "eps_4q": null,
            "eps_4q_growth_year": null,
            "roe": null,
            "roe_4q": 0,
            "gross_profit": null,
            "gross_margin": null,
            "gross_margin_4q_avg": 0,
            "net_income": null,
            "net_income_4q": null,
            "revenue": null,
            "revenue_4q": null,
            "common_shares": 290000,
            "book_valuer_per_share": 20.5,
            "book_valuer_per_share_4q_avg": 5.13,
            "equity": 594538,
            "current_ratio": 76.61,
            "debt_ratio": 68.27,
            "inventory_turnover_ratio": null,
            "account_receivable_turnover_ratio": null,
            "reinvestment_rate": null,
            "research_to_sale_ratio": null,
            "price_fair": 0,
            "eps_avg_yearly": 0,
            "eps_latest_yearly": 0,
            "eps_growth_yearly": 0
        },
        "20153": {
            "year_quarter": 20153,
            "year": 2015,
            "quarter": 3,
            "eps": null,
            "eps_growth_year": null,
            "eps_4q": null,
            "eps_4q_growth_year": null,
            "roe": null,
            "roe_4q": 0,
            "gross_profit": null,
            "gross_margin": null,
            "gross_margin_4q_avg": 0,
            "net_income": null,
            "net_income_4q": null,
            "revenue": null,
            "revenue_4q": null,
            "common_shares": null,
            "book_valuer_per_share": null,
            "book_valuer_per_share_4q_avg": 5.13,
            "equity": null,
            "current_ratio": null,
            "debt_ratio": null,
            "inventory_turnover_ratio": null,
            "account_receivable_turnover_ratio": null,
            "reinvestment_rate": null,
            "research_to_sale_ratio": null,
            "price_fair": 0,
            "eps_avg_yearly": 0,
            "eps_latest_yearly": 0,
            "eps_growth_yearly": 0
        },
        "20154": {
            "year_quarter": 20154,
            "year": 2015,
            "quarter": 4,
            "eps": null,
            "eps_growth_year": null,
            "eps_4q": null,
            "eps_4q_growth_year": null,
            "roe": null,
            "roe_4q": 0,
            "gross_profit": null,
            "gross_margin": null,
            "gross_margin_4q_avg": 0,
            "net_income": null,
            "net_income_4q": null,
            "revenue": null,
            "revenue_4q": null,
            "common_shares": 320000,
            "book_valuer_per_share": 33.23,
            "book_valuer_per_share_4q_avg": 13.43,
            "equity": 1063263,
            "current_ratio": 114.89,
            "debt_ratio": 56.34,
            "inventory_turnover_ratio": null,
            "account_receivable_turnover_ratio": null,
            "reinvestment_rate": null,
            "research_to_sale_ratio": null,
            "price_fair": 0,
            "eps_avg_yearly": 0,
            "eps_latest_yearly": 0,
            "eps_growth_yearly": 0
        },
        "20161": {
            "year_quarter": 20161,
            "year": 2016,
            "quarter": 1,
            "eps": null,
            "eps_growth_year": null,
            "eps_4q": null,
            "eps_4q_growth_year": null,
            "roe": null,
            "roe_4q": 0,
            "gross_profit": null,
            "gross_margin": null,
            "gross_margin_4q_avg": 0,
            "net_income": null,
            "net_income_4q": null,
            "revenue": null,
            "revenue_4q": null,
            "common_shares": null,
            "book_valuer_per_share": null,
            "book_valuer_per_share_4q_avg": 13.43,
            "equity": null,
            "current_ratio": null,
            "debt_ratio": null,
            "inventory_turnover_ratio": null,
            "account_receivable_turnover_ratio": null,
            "reinvestment_rate": null,
            "research_to_sale_ratio": null,
            "price_fair": 0,
            "eps_avg_yearly": 0,
            "eps_latest_yearly": 0,
            "eps_growth_yearly": 0
        },
        "20162": {
            "year_quarter": 20162,
            "year": 2016,
            "quarter": 2,
            "eps": null,
            "eps_growth_year": null,
            "eps_4q": null,
            "eps_4q_growth_year": null,
            "roe": null,
            "roe_4q": 0,
            "gross_profit": null,
            "gross_margin": null,
            "gross_margin_4q_avg": 0,
            "net_income": null,
            "net_income_4q": null,
            "revenue": null,
            "revenue_4q": null,
            "common_shares": 320000,
            "book_valuer_per_share": 33.97,
            "book_valuer_per_share_4q_avg": 16.8,
            "equity": 1087057,
            "current_ratio": 116.84,
            "debt_ratio": 54.14,
            "inventory_turnover_ratio": null,
            "account_receivable_turnover_ratio": null,
            "reinvestment_rate": null,
            "research_to_sale_ratio": null,
            "price_fair": 0,
            "eps_avg_yearly": 0,
            "eps_latest_yearly": 0,
            "eps_growth_yearly": 0
        },
        "20163": {
            "year_quarter": 20163,
            "year": 2016,
            "quarter": 3,
            "eps": null,
            "eps_growth_year": null,
            "eps_4q": null,
            "eps_4q_growth_year": null,
            "roe": null,
            "roe_4q": 0,
            "gross_profit": null,
            "gross_margin": null,
            "gross_margin_4q_avg": 0,
            "net_income": null,
            "net_income_4q": null,
            "revenue": null,
            "revenue_4q": null,
            "common_shares": null,
            "book_valuer_per_share": null,
            "book_valuer_per_share_4q_avg": 16.8,
            "equity": null,
            "current_ratio": null,
            "debt_ratio": null,
            "inventory_turnover_ratio": null,
            "account_receivable_turnover_ratio": null,
            "reinvestment_rate": null,
            "research_to_sale_ratio": null,
            "price_fair": 0,
            "eps_avg_yearly": 0,
            "eps_latest_yearly": 0,
            "eps_growth_yearly": 0
        },
        "20164": {
            "year_quarter": 20164,
            "year": 2016,
            "quarter": 4,
            "eps": null,
            "eps_growth_year": null,
            "eps_4q": null,
            "eps_4q_growth_year": null,
            "roe": null,
            "roe_4q": 0,
            "gross_profit": null,
            "gross_margin": null,
            "gross_margin_4q_avg": 0,
            "net_income": null,
            "net_income_4q": null,
            "revenue": null,
            "revenue_4q": null,
            "common_shares": 336000,
            "book_valuer_per_share": 35.46,
            "book_valuer_per_share_4q_avg": 17.36,
            "equity": 1191577,
            "current_ratio": 119.33,
            "debt_ratio": 54.27,
            "inventory_turnover_ratio": null,
            "account_receivable_turnover_ratio": null,
            "reinvestment_rate": null,
            "research_to_sale_ratio": null,
            "price_fair": 0,
            "eps_avg_yearly": 0,
            "eps_latest_yearly": 0,
            "eps_growth_yearly": 0
        },
        "20171": {
            "year_quarter": 20171,
            "year": 2017,
            "quarter": 1,
            "eps": 2.4,
            "eps_growth_year": null,
            "eps_4q": null,
            "eps_4q_growth_year": null,
            "roe": 6.49,
            "roe_4q": 6.49,
            "gross_profit": 395450,
            "gross_margin": 43.47,
            "gross_margin_4q_avg": 10.87,
            "net_income": 80699,
            "net_income_4q": null,
            "revenue": 909731,
            "revenue_4q": null,
            "common_shares": 336000,
            "book_valuer_per_share": 38.6,
            "book_valuer_per_share_4q_avg": 27.01,
            "equity": 1296856,
            "current_ratio": 132.44,
            "debt_ratio": 48.88,
            "inventory_turnover_ratio": 7.64,
            "account_receivable_turnover_ratio": 9.69,
            "reinvestment_rate": null,
            "research_to_sale_ratio": 0.36,
            "price_fair": 0,
            "eps_avg_yearly": 0,
            "eps_latest_yearly": 0,
            "eps_growth_yearly": 0
        },
        "20172": {
            "year_quarter": 20172,
            "year": 2017,
            "quarter": 2,
            "eps": 1.67,
            "eps_growth_year": null,
            "eps_4q": null,
            "eps_4q_growth_year": null,
            "roe": 4.67,
            "roe_4q": 11.16,
            "gross_profit": 334618,
            "gross_margin": 42.04,
            "gross_margin_4q_avg": 21.38,
            "net_income": 58118,
            "net_income_4q": null,
            "revenue": 795967,
            "revenue_4q": null,
            "common_shares": 337230,
            "book_valuer_per_share": 35.29,
            "book_valuer_per_share_4q_avg": 27.34,
            "equity": 1190094,
            "current_ratio": 119.66,
            "debt_ratio": 54.21,
            "inventory_turnover_ratio": 6.73,
            "account_receivable_turnover_ratio": 9.71,
            "reinvestment_rate": null,
            "research_to_sale_ratio": 0.51,
            "price_fair": 20.04,
            "eps_avg_yearly": 6.68,
            "eps_latest_yearly": 6.68,
            "eps_growth_yearly": -121.67
        },
        "20173": {
            "year_quarter": 20173,
            "year": 2017,
            "quarter": 3,
            "eps": 1.06,
            "eps_growth_year": null,
            "eps_4q": null,
            "eps_4q_growth_year": null,
            "roe": 2.49,
            "roe_4q": 13.65,
            "gross_profit": 311947,
            "gross_margin": 40.57,
            "gross_margin_4q_avg": 31.52,
            "net_income": 36073,
            "net_income_4q": null,
            "revenue": 769004,
            "revenue_4q": null,
            "common_shares": 379910,
            "book_valuer_per_share": 44.83,
            "book_valuer_per_share_4q_avg": 38.55,
            "equity": 1703286,
            "current_ratio": 161.39,
            "debt_ratio": 42.27,
            "inventory_turnover_ratio": 5.91,
            "account_receivable_turnover_ratio": 9.36,
            "reinvestment_rate": null,
            "research_to_sale_ratio": 0.5,
            "price_fair": 16.38,
            "eps_avg_yearly": 5.46,
            "eps_latest_yearly": 4.24,
            "eps_growth_yearly": -133.89
        },
        "20174": {
            "year_quarter": 20174,
            "year": 2017,
            "quarter": 4,
            "eps": 2.39,
            "eps_growth_year": null,
            "eps_4q": 6.99,
            "eps_4q_growth_year": null,
            "roe": 5.02,
            "roe_4q": 18.67,
            "gross_profit": 383480,
            "gross_margin": 44.12,
            "gross_margin_4q_avg": 42.55,
            "net_income": 90704,
            "net_income_4q": null,
            "revenue": 869258,
            "revenue_4q": null,
            "common_shares": 379910,
            "book_valuer_per_share": 50.2,
            "book_valuer_per_share_4q_avg": 42.23,
            "equity": 1907083,
            "current_ratio": 168.47,
            "debt_ratio": 40.65,
            "inventory_turnover_ratio": 5.8,
            "account_receivable_turnover_ratio": 8.43,
            "reinvestment_rate": null,
            "research_to_sale_ratio": 0.57,
            "price_fair": 238.93,
            "eps_avg_yearly": 6.83,
            "eps_latest_yearly": 9.56,
            "eps_growth_yearly": 78.04
        },
        "20181": {
            "year_quarter": 20181,
            "year": 2018,
            "quarter": 1,
            "eps": 2.31,
            "eps_growth_year": -3.75,
            "eps_4q": 7.18,
            "eps_4q_growth_year": null,
            "roe": 4.46,
            "roe_4q": 16.64,
            "gross_profit": 433429,
            "gross_margin": 44.25,
            "gross_margin_4q_avg": 42.75,
            "net_income": 87708,
            "net_income_4q": null,
            "revenue": 979454,
            "revenue_4q": null,
            "common_shares": 379910,
            "book_valuer_per_share": 53.32,
            "book_valuer_per_share_4q_avg": 45.91,
            "equity": 2025745,
            "current_ratio": 178.16,
            "debt_ratio": 37.84,
            "inventory_turnover_ratio": 6.28,
            "account_receivable_turnover_ratio": 8.68,
            "reinvestment_rate": null,
            "research_to_sale_ratio": 0.42,
            "price_fair": 260.05,
            "eps_avg_yearly": 7.43,
            "eps_latest_yearly": 9.24,
            "eps_growth_yearly": 55.18
        },
        "20182": {
            "year_quarter": 20182,
            "year": 2018,
            "quarter": 2,
            "eps": 1.15,
            "eps_growth_year": -31.14,
            "eps_4q": 6.61,
            "eps_4q_growth_year": null,
            "roe": 2.37,
            "roe_4q": 14.34,
            "gross_profit": 354831,
            "gross_margin": 42.31,
            "gross_margin_4q_avg": 42.81,
            "net_income": 45197,
            "net_income_4q": null,
            "revenue": 838609,
            "revenue_4q": null,
            "common_shares": 381340,
            "book_valuer_per_share": 46.71,
            "book_valuer_per_share_4q_avg": 48.77,
            "equity": 1781059,
            "current_ratio": 152.4,
            "debt_ratio": 44.38,
            "inventory_turnover_ratio": 5.19,
            "account_receivable_turnover_ratio": 7.1,
            "reinvestment_rate": null,
            "research_to_sale_ratio": 0.52,
            "price_fair": 95.9,
            "eps_avg_yearly": 6.86,
            "eps_latest_yearly": 4.6,
            "eps_growth_yearly": 3.97
        },
        "20183": {
            "year_quarter": 20183,
            "year": 2018,
            "quarter": 3,
            "eps": 1.13,
            "eps_growth_year": 6.6,
            "eps_4q": 7.24,
            "eps_4q_growth_year": null,
            "roe": 2.65,
            "roe_4q": 14.5,
            "gross_profit": 372909,
            "gross_margin": 42.06,
            "gross_margin_4q_avg": 43.19,
            "net_income": 42893,
            "net_income_4q": null,
            "revenue": 886686,
            "revenue_4q": null,
            "common_shares": 392987,
            "book_valuer_per_share": 39.73,
            "book_valuer_per_share_4q_avg": 47.49,
            "equity": 1461941,
            "current_ratio": 138.65,
            "debt_ratio": 44.2,
            "inventory_turnover_ratio": 4.88,
            "account_receivable_turnover_ratio": 6.48,
            "reinvestment_rate": null,
            "research_to_sale_ratio": 0.47,
            "price_fair": 78.65,
            "eps_avg_yearly": 6.47,
            "eps_latest_yearly": 4.52,
            "eps_growth_yearly": 2.15
        },
        "20184": {
            "year_quarter": 20184,
            "year": 2018,
            "quarter": 4,
            "eps": 1.59,
            "eps_growth_year": -33.38,
            "eps_4q": 6.36,
            "eps_4q_growth_year": -9.05,
            "roe": 3.96,
            "roe_4q": 13.440000000000001,
            "gross_profit": 375086,
            "gross_margin": 43.57,
            "gross_margin_4q_avg": 43.05,
            "net_income": 58647,
            "net_income_4q": null,
            "revenue": 860909,
            "revenue_4q": null,
            "common_shares": 373707,
            "book_valuer_per_share": 40.61,
            "book_valuer_per_share_4q_avg": 45.09,
            "equity": 1497165,
            "current_ratio": 136.06,
            "debt_ratio": 46.08,
            "inventory_turnover_ratio": 4.05,
            "account_receivable_turnover_ratio": 5.67,
            "reinvestment_rate": null,
            "research_to_sale_ratio": 0.63,
            "price_fair": 226,
            "eps_avg_yearly": 6.46,
            "eps_latest_yearly": 6.36,
            "eps_growth_yearly": 25.1
        },
        "20191": {
            "year_quarter": 20191,
            "year": 2019,
            "quarter": 1,
            "eps": 2.65,
            "eps_growth_year": 14.72,
            "eps_4q": 6.63,
            "eps_4q_growth_year": -7.62,
            "roe": 6.46,
            "roe_4q": 15.440000000000001,
            "gross_profit": 475895,
            "gross_margin": 46.2,
            "gross_margin_4q_avg": 43.54,
            "net_income": 97811,
            "net_income_4q": null,
            "revenue": 1030022,
            "revenue_4q": null,
            "common_shares": 373937,
            "book_valuer_per_share": 41.54,
            "book_valuer_per_share_4q_avg": 42.15,
            "equity": 1532463,
            "current_ratio": 136.33,
            "debt_ratio": 61.47,
            "inventory_turnover_ratio": 4.55,
            "account_receivable_turnover_ratio": 6.47,
            "reinvestment_rate": null,
            "research_to_sale_ratio": 0.41,
            "price_fair": 244.13,
            "eps_avg_yearly": 6.98,
            "eps_latest_yearly": 10.6,
            "eps_growth_yearly": 55.3
        },
        "20192": {
            "year_quarter": 20192,
            "year": 2019,
            "quarter": 2,
            "eps": 1.59,
            "eps_growth_year": 38.26,
            "eps_4q": 6.96,
            "eps_4q_growth_year": 5.3,
            "roe": 4.09,
            "roe_4q": 17.16,
            "gross_profit": 375702,
            "gross_margin": 43.3,
            "gross_margin_4q_avg": 43.78,
            "net_income": 58798,
            "net_income_4q": null,
            "revenue": 867599,
            "revenue_4q": null,
            "common_shares": 375777,
            "book_valuer_per_share": 36.31,
            "book_valuer_per_share_4q_avg": 39.55,
            "equity": 1346139,
            "current_ratio": 112.7,
            "debt_ratio": 67.08,
            "inventory_turnover_ratio": 4.16,
            "account_receivable_turnover_ratio": 5.45,
            "reinvestment_rate": null,
            "research_to_sale_ratio": 0.52,
            "price_fair": 241.73,
            "eps_avg_yearly": 6.91,
            "eps_latest_yearly": 6.36,
            "eps_growth_yearly": 31.38
        },
        "20193": {
            "year_quarter": 20193,
            "year": 2019,
            "quarter": 3,
            "eps": 1.54,
            "eps_growth_year": 36.28,
            "eps_4q": 7.34,
            "eps_4q_growth_year": 1.31,
            "roe": 4.1,
            "roe_4q": 18.61,
            "gross_profit": 397725,
            "gross_margin": 42.4,
            "gross_margin_4q_avg": 43.87,
            "net_income": 57037,
            "net_income_4q": null,
            "revenue": 937981,
            "revenue_4q": null,
            "common_shares": 376117,
            "book_valuer_per_share": 38.74,
            "book_valuer_per_share_4q_avg": 39.3,
            "equity": 1437568,
            "current_ratio": 138.7,
            "debt_ratio": 63.11,
            "inventory_turnover_ratio": 4.62,
            "account_receivable_turnover_ratio": 5.94,
            "reinvestment_rate": null,
            "research_to_sale_ratio": 0.44,
            "price_fair": 239.12,
            "eps_avg_yearly": 6.83,
            "eps_latest_yearly": 6.16,
            "eps_growth_yearly": 26.98
        },
        "20194": {
            "year_quarter": 20194,
            "year": 2019,
            "quarter": 4,
            "eps": 1.42,
            "eps_growth_year": -10.63,
            "eps_4q": 7.17,
            "eps_4q_growth_year": 12.79,
            "roe": 3.54,
            "roe_4q": 18.19,
            "gross_profit": 416131,
            "gross_margin": 44.29,
            "gross_margin_4q_avg": 44.05,
            "net_income": 52811,
            "net_income_4q": null,
            "revenue": 939623,
            "revenue_4q": null,
            "common_shares": 376527,
            "book_valuer_per_share": 41.72,
            "book_valuer_per_share_4q_avg": 39.58,
            "equity": 1550122,
            "current_ratio": 141.45,
            "debt_ratio": 62.33,
            "inventory_turnover_ratio": 4.37,
            "account_receivable_turnover_ratio": 6.18,
            "reinvestment_rate": null,
            "research_to_sale_ratio": 0.55,
            "price_fair": 213.23,
            "eps_avg_yearly": 6.73,
            "eps_latest_yearly": 5.68,
            "eps_growth_yearly": 21.7
        },
        "20201": {
            "year_quarter": 20201,
            "year": 2020,
            "quarter": 1,
            "eps": 0.64,
            "eps_growth_year": -75.85,
            "eps_4q": 5.17,
            "eps_4q_growth_year": -22.08,
            "roe": 1.5,
            "roe_4q": 13.23,
            "gross_profit": 354227,
            "gross_margin": 42.21,
            "gross_margin_4q_avg": 43.05,
            "net_income": 23621,
            "net_income_4q": null,
            "revenue": 839237,
            "revenue_4q": null,
            "common_shares": 377237,
            "book_valuer_per_share": 42.76,
            "book_valuer_per_share_4q_avg": 39.88,
            "equity": 1591503,
            "current_ratio": 161.34,
            "debt_ratio": 58.17,
            "inventory_turnover_ratio": 4.31,
            "account_receivable_turnover_ratio": 7.83,
            "reinvestment_rate": null,
            "research_to_sale_ratio": 0.52,
            "price_fair": 73.87,
            "eps_avg_yearly": 6.38,
            "eps_latest_yearly": 2.56,
            "eps_growth_yearly": 1.58
        },
        "20202": {
            "year_quarter": 20202,
            "year": 2020,
            "quarter": 2,
            "eps": 1.01,
            "eps_growth_year": -36.48,
            "eps_4q": 4.6,
            "eps_4q_growth_year": -34,
            "roe": 2.45,
            "roe_4q": 11.59,
            "gross_profit": 228056,
            "gross_margin": 37.58,
            "gross_margin_4q_avg": 41.62,
            "net_income": 37592,
            "net_income_4q": null,
            "revenue": 606784,
            "revenue_4q": null,
            "common_shares": 377237,
            "book_valuer_per_share": 39.76,
            "book_valuer_per_share_4q_avg": 40.75,
            "equity": 1479916,
            "current_ratio": 137.22,
            "debt_ratio": 65.53,
            "inventory_turnover_ratio": 3.77,
            "account_receivable_turnover_ratio": 6.3,
            "reinvestment_rate": null,
            "research_to_sale_ratio": 0.71,
            "price_fair": 181.32,
            "eps_avg_yearly": 6.2,
            "eps_latest_yearly": 4.04,
            "eps_growth_yearly": 19.24
        },
        "20203": {
            "year_quarter": 20203,
            "year": 2020,
            "quarter": 3,
            "eps": 3.99,
            "eps_growth_year": 159.09,
            "eps_4q": 7.05,
            "eps_4q_growth_year": -3.89,
            "roe": 9.49,
            "roe_4q": 16.98,
            "gross_profit": 457243,
            "gross_margin": 45.09,
            "gross_margin_4q_avg": 42.29,
            "net_income": 148457,
            "net_income_4q": null,
            "revenue": 1014126,
            "revenue_4q": null,
            "common_shares": 377237,
            "book_valuer_per_share": 44.27,
            "book_valuer_per_share_4q_avg": 42.13,
            "equity": 1647754,
            "current_ratio": 138.97,
            "debt_ratio": 62.73,
            "inventory_turnover_ratio": 5.21,
            "account_receivable_turnover_ratio": 6.9,
            "reinvestment_rate": null,
            "research_to_sale_ratio": 0.46,
            "price_fair": 241.4,
            "eps_avg_yearly": 6.9,
            "eps_latest_yearly": 15.96,
            "eps_growth_yearly": 102.17
        },
        "20204": {
            "year_quarter": 20204,
            "year": 2020,
            "quarter": 4,
            "eps": 1.88,
            "eps_growth_year": 32.12,
            "eps_4q": 7.51,
            "eps_4q_growth_year": 4.72,
            "roe": 4.14,
            "roe_4q": 17.58,
            "gross_profit": 457213,
            "gross_margin": 45.76,
            "gross_margin_4q_avg": 42.66,
            "net_income": 69909,
            "net_income_4q": null,
            "revenue": 999120,
            "revenue_4q": null,
            "common_shares": 377237,
            "book_valuer_per_share": 46.51,
            "book_valuer_per_share_4q_avg": 43.33,
            "equity": 1731321,
            "current_ratio": 143.52,
            "debt_ratio": 61.76,
            "inventory_turnover_ratio": 4.7,
            "account_receivable_turnover_ratio": 6.4,
            "reinvestment_rate": -19.41,
            "research_to_sale_ratio": 0.47,
            "price_fair": 242.85,
            "eps_avg_yearly": 6.94,
            "eps_latest_yearly": 7.52,
            "eps_growth_yearly": 81.26
        },
        "20211": {
            "year_quarter": 20211,
            "year": 2021,
            "quarter": 1,
            "eps": 2.05,
            "eps_growth_year": 220.31,
            "eps_4q": 8.92,
            "eps_4q_growth_year": 72.78,
            "roe": 4.26,
            "roe_4q": 20.34,
            "gross_profit": 462049,
            "gross_margin": 44.99,
            "gross_margin_4q_avg": 43.36,
            "net_income": 76238,
            "net_income_4q": null,
            "revenue": 1026979,
            "revenue_4q": null,
            "common_shares": 377237,
            "book_valuer_per_share": 49.7,
            "book_valuer_per_share_4q_avg": 45.06,
            "equity": 1850089,
            "current_ratio": 135.15,
            "debt_ratio": 58.86,
            "inventory_turnover_ratio": 5.08,
            "account_receivable_turnover_ratio": 7.38,
            "reinvestment_rate": -20.43,
            "research_to_sale_ratio": 0.46,
            "price_fair": 245.61,
            "eps_avg_yearly": 7.02,
            "eps_latest_yearly": 8.2,
            "eps_growth_yearly": 78.44
        },
        "20212": {
            "year_quarter": 20212,
            "year": 2021,
            "quarter": 2,
            "eps": -1.54,
            "eps_growth_year": -252.48,
            "eps_4q": 6.37,
            "eps_4q_growth_year": 38.63,
            "roe": -3.37,
            "roe_4q": 14.52,
            "gross_profit": 154013,
            "gross_margin": 30.05,
            "gross_margin_4q_avg": 41.47,
            "net_income": -57462,
            "net_income_4q": null,
            "revenue": 512600,
            "revenue_4q": null,
            "common_shares": 377237,
            "book_valuer_per_share": 41.87,
            "book_valuer_per_share_4q_avg": 45.59,
            "equity": 1558661,
            "current_ratio": 132.52,
            "debt_ratio": 64.35,
            "inventory_turnover_ratio": 3.02,
            "account_receivable_turnover_ratio": 6.43,
            "reinvestment_rate": -27.7,
            "research_to_sale_ratio": 0.88,
            "price_fair": 246.4,
            "eps_avg_yearly": 7.04,
            "eps_latest_yearly": 8.2,
            "eps_growth_yearly": 91.78
        },
        "20213": {
            "year_quarter": 20213,
            "year": 2021,
            "quarter": 3,
            "eps": -2.34,
            "eps_growth_year": -158.65,
            "eps_4q": 0.05,
            "eps_4q_growth_year": -99.33,
            "roe": -5.95,
            "roe_4q": -0.9200000000000008,
            "gross_profit": 95234,
            "gross_margin": 23.03,
            "gross_margin_4q_avg": 35.96,
            "net_income": -86922,
            "net_income_4q": null,
            "revenue": 413508,
            "revenue_4q": null,
            "common_shares": 377237,
            "book_valuer_per_share": 36.6,
            "book_valuer_per_share_4q_avg": 43.67,
            "equity": 1362494,
            "current_ratio": 118.84,
            "debt_ratio": 65.57,
            "inventory_turnover_ratio": 2.5,
            "account_receivable_turnover_ratio": 6.19,
            "reinvestment_rate": -43.71,
            "research_to_sale_ratio": 1.11,
            "price_fair": 253.4,
            "eps_avg_yearly": 7.24,
            "eps_latest_yearly": 8.2,
            "eps_growth_yearly": 108.77
        },
        "20214": {
            "year_quarter": 20214,
            "year": 2021,
            "quarter": 4,
            "eps": 3.4,
            "eps_growth_year": 80.95,
            "eps_4q": 1.78,
            "eps_4q_growth_year": -76.24,
            "roe": 8.54,
            "roe_4q": 3.4799999999999986,
            "gross_profit": 456375,
            "gross_margin": 46.72,
            "gross_margin_4q_avg": 36.2,
            "net_income": 143489,
            "net_income_4q": null,
            "revenue": 976768,
            "revenue_4q": null,
            "common_shares": 427237,
            "book_valuer_per_share": 47.29,
            "book_valuer_per_share_4q_avg": 43.87,
            "equity": 1996555,
            "current_ratio": 155.31,
            "debt_ratio": 57.18,
            "inventory_turnover_ratio": 3.82,
            "account_receivable_turnover_ratio": 7.12,
            "reinvestment_rate": -23.02,
            "research_to_sale_ratio": 0.53,
            "price_fair": 247.15,
            "eps_avg_yearly": 7.06,
            "eps_latest_yearly": 8.2,
            "eps_growth_yearly": 78.53
        },
        "20221": {
            "year_quarter": 20221,
            "year": 2022,
            "quarter": 1,
            "eps": 1.01,
            "eps_growth_year": -50.73,
            "eps_4q": 0.99,
            "eps_4q_growth_year": -88.89,
            "roe": 2.12,
            "roe_4q": 1.3399999999999999,
            "gross_profit": 447859,
            "gross_margin": 43.2,
            "gross_margin_4q_avg": 35.75,
            "net_income": 42761,
            "net_income_4q": null,
            "revenue": 1036633,
            "revenue_4q": null,
            "common_shares": 427237,
            "book_valuer_per_share": 48.21,
            "book_valuer_per_share_4q_avg": 43.49,
            "equity": 2035513,
            "current_ratio": 162.5,
            "debt_ratio": 55.22,
            "inventory_turnover_ratio": 4.2,
            "account_receivable_turnover_ratio": 6.67,
            "reinvestment_rate": 29.88,
            "research_to_sale_ratio": 0.5,
            "price_fair": 233.15,
            "eps_avg_yearly": 6.66,
            "eps_latest_yearly": 4.04,
            "eps_growth_yearly": 57.93
        },
        "20222": {
            "year_quarter": 20222,
            "year": 2022,
            "quarter": 2,
            "eps": -2.42,
            "eps_growth_year": null,
            "eps_4q": -0.07,
            "eps_4q_growth_year": -101.11,
            "roe": -5.49,
            "roe_4q": -0.7800000000000011,
            "gross_profit": 159396,
            "gross_margin": 29.65,
            "gross_margin_4q_avg": 35.65,
            "net_income": -102308,
            "net_income_4q": null,
            "revenue": 537585,
            "revenue_4q": null,
            "common_shares": 427237,
            "book_valuer_per_share": 40.08,
            "book_valuer_per_share_4q_avg": 43.05,
            "equity": 1692341,
            "current_ratio": 133.58,
            "debt_ratio": 71.27,
            "inventory_turnover_ratio": 2.96,
            "account_receivable_turnover_ratio": 4.39,
            "reinvestment_rate": 39.81,
            "research_to_sale_ratio": 0.79,
            "price_fair": 239.17,
            "eps_avg_yearly": 6.83,
            "eps_latest_yearly": 4.04,
            "eps_growth_yearly": 79.5
        },
        "20223": {
            "year_quarter": 20223,
            "year": 2022,
            "quarter": 3,
            "eps": 2.42,
            "eps_growth_year": null,
            "eps_4q": 4.4,
            "eps_4q_growth_year": 9197.64,
            "roe": 5.96,
            "roe_4q": 11.129999999999999,
            "gross_profit": 429570,
            "gross_margin": 41.32,
            "gross_margin_4q_avg": 40.22,
            "net_income": 101992,
            "net_income_4q": null,
            "revenue": 1039616,
            "revenue_4q": null,
            "common_shares": 427237,
            "book_valuer_per_share": 41.01,
            "book_valuer_per_share_4q_avg": 44.15,
            "equity": 1731664,
            "current_ratio": 133.21,
            "debt_ratio": 71.12,
            "inventory_turnover_ratio": 4.61,
            "account_receivable_turnover_ratio": 8.03,
            "reinvestment_rate": 46.86,
            "research_to_sale_ratio": 0.43,
            "price_fair": 246.53,
            "eps_avg_yearly": 7.04,
            "eps_latest_yearly": 4.04,
            "eps_growth_yearly": 87.36
        },
        "20224": {
            "year_quarter": 20224,
            "year": 2022,
            "quarter": 4,
            "eps": 2.07,
            "eps_growth_year": -38.95,
            "eps_4q": 3.08,
            "eps_4q_growth_year": 72.61,
            "roe": 4.89,
            "roe_4q": 7.4799999999999995,
            "gross_profit": 490233,
            "gross_margin": 42.89,
            "gross_margin_4q_avg": 39.27,
            "net_income": 87607,
            "net_income_4q": null,
            "revenue": 1143040,
            "revenue_4q": null,
            "common_shares": 427237,
            "book_valuer_per_share": 43.83,
            "book_valuer_per_share_4q_avg": 43.28,
            "equity": 1850455,
            "current_ratio": 137.8,
            "debt_ratio": 70.54,
            "inventory_turnover_ratio": 4.17,
            "account_receivable_turnover_ratio": 6.31,
            "reinvestment_rate": 40.66,
            "research_to_sale_ratio": 0.4,
            "price_fair": 252.64,
            "eps_avg_yearly": 7.22,
            "eps_latest_yearly": 8.28,
            "eps_growth_yearly": 67.3
        },
        "20231": {
            "year_quarter": 20231,
            "year": 2023,
            "quarter": 1,
            "eps": 3.01,
            "eps_growth_year": 198.02,
            "eps_4q": 5.08,
            "eps_4q_growth_year": 412.2,
            "roe": 6.57,
            "roe_4q": 11.930000000000001,
            "gross_profit": 599533,
            "gross_margin": 46.27,
            "gross_margin_4q_avg": 40.03,
            "net_income": 127145,
            "net_income_4q": null,
            "revenue": 1295729,
            "revenue_4q": null,
            "common_shares": 427237,
            "book_valuer_per_share": 47.82,
            "book_valuer_per_share_4q_avg": 43.19,
            "equity": 2019213,
            "current_ratio": 152.5,
            "debt_ratio": 67.78,
            "inventory_turnover_ratio": 4.16,
            "account_receivable_turnover_ratio": 7.11,
            "reinvestment_rate": 57.11,
            "research_to_sale_ratio": 0.39,
            "price_fair": 257.22,
            "eps_avg_yearly": 7.35,
            "eps_latest_yearly": 12.04,
            "eps_growth_yearly": 59.57
        },
        "20232": {
            "year_quarter": 20232,
            "year": 2023,
            "quarter": 2,
            "eps": 1.79,
            "eps_growth_year": null,
            "eps_4q": 9.29,
            "eps_4q_growth_year": null,
            "roe": 3.75,
            "roe_4q": 21.17,
            "gross_profit": 495554,
            "gross_margin": 44.49,
            "gross_margin_4q_avg": 43.74,
            "net_income": 75396,
            "net_income_4q": null,
            "revenue": 1113764,
            "revenue_4q": null,
            "common_shares": 427237,
            "book_valuer_per_share": 47.36,
            "book_valuer_per_share_4q_avg": 45.01,
            "equity": 1999900,
            "current_ratio": 138.53,
            "debt_ratio": 68.84,
            "inventory_turnover_ratio": 3.89,
            "account_receivable_turnover_ratio": 6.91,
            "reinvestment_rate": 56.77,
            "research_to_sale_ratio": 0.46,
            "price_fair": 259.76,
            "eps_avg_yearly": 7.42,
            "eps_latest_yearly": 7.16,
            "eps_growth_yearly": 59.37
        },
        "20233": {
            "year_quarter": 20233,
            "year": 2023,
            "quarter": 3,
            "eps": 2.01,
            "eps_growth_year": -16.94,
            "eps_4q": 8.88,
            "eps_4q_growth_year": 101.6,
            "roe": 4.17,
            "roe_4q": 19.38,
            "gross_profit": 528016,
            "gross_margin": 44,
            "gross_margin_4q_avg": 44.41,
            "net_income": 84689,
            "net_income_4q": null,
            "revenue": 1199999,
            "revenue_4q": null,
            "common_shares": 422237,
            "book_valuer_per_share": 48.92,
            "book_valuer_per_share_4q_avg": 46.98,
            "equity": 2065525,
            "current_ratio": 119.45,
            "debt_ratio": 69.83,
            "inventory_turnover_ratio": 4.18,
            "account_receivable_turnover_ratio": 6.16,
            "reinvestment_rate": 101.62,
            "research_to_sale_ratio": 0.48,
            "price_fair": 265.75,
            "eps_avg_yearly": 7.59,
            "eps_latest_yearly": 8.04,
            "eps_growth_yearly": 64.99
        },
        "20234": {
            "year_quarter": 20234,
            "year": 2023,
            "quarter": 4,
            "eps": 0.8,
            "eps_growth_year": -61.28,
            "eps_4q": 7.61,
            "eps_4q_growth_year": 146.94,
            "roe": 1.61,
            "roe_4q": 16.1,
            "gross_profit": 572811,
            "gross_margin": 43.76,
            "gross_margin_4q_avg": 44.63,
            "net_income": 33918,
            "net_income_4q": null,
            "revenue": 1309041,
            "revenue_4q": null,
            "common_shares": 422237,
            "book_valuer_per_share": 50.99,
            "book_valuer_per_share_4q_avg": 48.77,
            "equity": 2153191,
            "current_ratio": 113.87,
            "debt_ratio": 69.23,
            "inventory_turnover_ratio": 4.22,
            "account_receivable_turnover_ratio": 5.46,
            "reinvestment_rate": 116.78,
            "research_to_sale_ratio": 0.55,
            "price_fair": 257.85,
            "eps_avg_yearly": 7.37,
            "eps_latest_yearly": 3.2,
            "eps_growth_yearly": 45.93
        }
    },
    "months": {
        "2015-12": {
            "month": "2015-12",
            "price": "184.78",
            "revenue": 267841
        },
        "2016-01": {
            "month": "2016-01",
            "price": "176.81",
            "revenue": 317424
        },
        "2016-02": {
            "month": "2016-02",
            "price": "176.55",
            "revenue": 304498
        },
        "2016-03": {
            "month": "2016-03",
            "price": "174.01",
            "revenue": 245881
        },
        "2016-04": {
            "month": "2016-04",
            "price": "171.46",
            "revenue": 234943
        },
        "2016-05": {
            "month": "2016-05",
            "price": "170.00",
            "revenue": 259248
        },
        "2016-06": {
            "month": "2016-06",
            "price": "170.62",
            "revenue": 246132
        },
        "2016-07": {
            "month": "2016-07",
            "price": "166.29",
            "revenue": 258110
        },
        "2016-08": {
            "month": "2016-08",
            "price": "162.91",
            "revenue": 240517
        },
        "2016-09": {
            "month": "2016-09",
            "price": "163.54",
            "revenue": 250724
        },
        "2016-10": {
            "month": "2016-10",
            "price": "160.76",
            "revenue": 264759
        },
        "2016-11": {
            "month": "2016-11",
            "price": "160.74",
            "revenue": 235499
        },
        "2016-12": {
            "month": "2016-12",
            "price": "158.82",
            "revenue": 309300
        },
        "2017-01": {
            "month": "2017-01",
            "price": "158.51",
            "revenue": 392838
        },
        "2017-02": {
            "month": "2017-02",
            "price": "156.98",
            "revenue": 270841
        },
        "2017-03": {
            "month": "2017-03",
            "price": "163.52",
            "revenue": 246322
        },
        "2017-04": {
            "month": "2017-04",
            "price": "169.12",
            "revenue": 255382
        },
        "2017-05": {
            "month": "2017-05",
            "price": "174.61",
            "revenue": 287232
        },
        "2017-06": {
            "month": "2017-06",
            "price": "187.97",
            "revenue": 253401
        },
        "2017-07": {
            "month": "2017-07",
            "price": "182.22",
            "revenue": 273036
        },
        "2017-08": {
            "month": "2017-08",
            "price": "183.79",
            "revenue": 273071
        },
        "2017-09": {
            "month": "2017-09",
            "price": "185.92",
            "revenue": 222934
        },
        "2017-10": {
            "month": "2017-10",
            "price": "163.74",
            "revenue": 309874
        },
        "2017-11": {
            "month": "2017-11",
            "price": "157.52",
            "revenue": 257757
        },
        "2017-12": {
            "month": "2017-12",
            "price": "144.76",
            "revenue": 301995
        },
        "2018-01": {
            "month": "2018-01",
            "price": "144.52",
            "revenue": 313446
        },
        "2018-02": {
            "month": "2018-02",
            "price": "139.46",
            "revenue": 387325
        },
        "2018-03": {
            "month": "2018-03",
            "price": "138.98",
            "revenue": 278562
        },
        "2018-04": {
            "month": "2018-04",
            "price": "137.94",
            "revenue": 262291
        },
        "2018-05": {
            "month": "2018-05",
            "price": "136.43",
            "revenue": 291936
        },
        "2018-06": {
            "month": "2018-06",
            "price": "132.25",
            "revenue": 284500
        },
        "2018-07": {
            "month": "2018-07",
            "price": "125.91",
            "revenue": 288047
        },
        "2018-08": {
            "month": "2018-08",
            "price": "137.43",
            "revenue": 299096
        },
        "2018-09": {
            "month": "2018-09",
            "price": "137.94",
            "revenue": 299610
        },
        "2018-10": {
            "month": "2018-10",
            "price": "127.79",
            "revenue": 264288
        },
        "2018-11": {
            "month": "2018-11",
            "price": "120.38",
            "revenue": 256629
        },
        "2018-12": {
            "month": "2018-12",
            "price": "124.86",
            "revenue": 339935
        },
        "2019-01": {
            "month": "2019-01",
            "price": "123.50",
            "revenue": 367891
        },
        "2019-02": {
            "month": "2019-02",
            "price": "125.31",
            "revenue": 385453
        },
        "2019-03": {
            "month": "2019-03",
            "price": "125.60",
            "revenue": 295031
        },
        "2019-04": {
            "month": "2019-04",
            "price": "127.05",
            "revenue": 249139
        },
        "2019-05": {
            "month": "2019-05",
            "price": "135.05",
            "revenue": 308256
        },
        "2019-06": {
            "month": "2019-06",
            "price": "143.97",
            "revenue": 310203
        },
        "2019-07": {
            "month": "2019-07",
            "price": "140.93",
            "revenue": 310332
        },
        "2019-08": {
            "month": "2019-08",
            "price": "133.14",
            "revenue": 313011
        },
        "2019-09": {
            "month": "2019-09",
            "price": "134.39",
            "revenue": 314638
        },
        "2019-10": {
            "month": "2019-10",
            "price": "134.45",
            "revenue": 287615
        },
        "2019-11": {
            "month": "2019-11",
            "price": "135.19",
            "revenue": 306117
        },
        "2019-12": {
            "month": "2019-12",
            "price": "140.02",
            "revenue": 345891
        },
        "2020-01": {
            "month": "2020-01",
            "price": "139.53",
            "revenue": 479014
        },
        "2020-02": {
            "month": "2020-02",
            "price": "128.47",
            "revenue": 219866
        },
        "2020-03": {
            "month": "2020-03",
            "price": "109.67",
            "revenue": 140357
        },
        "2020-04": {
            "month": "2020-04",
            "price": "113.60",
            "revenue": 114139
        },
        "2020-05": {
            "month": "2020-05",
            "price": "127.75",
            "revenue": 224812
        },
        "2020-06": {
            "month": "2020-06",
            "price": "135.10",
            "revenue": 267833
        },
        "2020-07": {
            "month": "2020-07",
            "price": "136.72",
            "revenue": 312646
        },
        "2020-08": {
            "month": "2020-08",
            "price": "135.86",
            "revenue": 364606
        },
        "2020-09": {
            "month": "2020-09",
            "price": "128.32",
            "revenue": 336874
        },
        "2020-10": {
            "month": "2020-10",
            "price": "126.37",
            "revenue": 331897
        },
        "2020-11": {
            "month": "2020-11",
            "price": "130.62",
            "revenue": 310479
        },
        "2020-12": {
            "month": "2020-12",
            "price": "131.24",
            "revenue": 356744
        },
        "2021-01": {
            "month": "2021-01",
            "price": "128.48",
            "revenue": 336151
        },
        "2021-02": {
            "month": "2021-02",
            "price": "129.31",
            "revenue": 402666
        },
        "2021-03": {
            "month": "2021-03",
            "price": "133.89",
            "revenue": 288162
        },
        "2021-04": {
            "month": "2021-04",
            "price": "136.39",
            "revenue": 287397
        },
        "2021-05": {
            "month": "2021-05",
            "price": "129.58",
            "revenue": 171316
        },
        "2021-06": {
            "month": "2021-06",
            "price": "129.95",
            "revenue": 53888
        },
        "2021-07": {
            "month": "2021-07",
            "price": "134.64",
            "revenue": 52967
        },
        "2021-08": {
            "month": "2021-08",
            "price": "130.36",
            "revenue": 136176
        },
        "2021-09": {
            "month": "2021-09",
            "price": "123.55",
            "revenue": 224363
        },
        "2021-10": {
            "month": "2021-10",
            "price": "121.92",
            "revenue": 284966
        },
        "2021-11": {
            "month": "2021-11",
            "price": "120.30",
            "revenue": 312488
        },
        "2021-12": {
            "month": "2021-12",
            "price": "112.82",
            "revenue": 379315
        },
        "2022-01": {
            "month": "2022-01",
            "price": "108.08",
            "revenue": 412375
        },
        "2022-02": {
            "month": "2022-02",
            "price": "112.23",
            "revenue": 312197
        },
        "2022-03": {
            "month": "2022-03",
            "price": "115.43",
            "revenue": 312061
        },
        "2022-04": {
            "month": "2022-04",
            "price": "110.28",
            "revenue": 203488
        },
        "2022-05": {
            "month": "2022-05",
            "price": "103.85",
            "revenue": 143303
        },
        "2022-06": {
            "month": "2022-06",
            "price": "107.64",
            "revenue": 190794
        },
        "2022-07": {
            "month": "2022-07",
            "price": "105.31",
            "revenue": 304830
        },
        "2022-08": {
            "month": "2022-08",
            "price": "108.45",
            "revenue": 346625
        },
        "2022-09": {
            "month": "2022-09",
            "price": "108.71",
            "revenue": 388161
        },
        "2022-10": {
            "month": "2022-10",
            "price": "107.98",
            "revenue": 353050
        },
        "2022-11": {
            "month": "2022-11",
            "price": "112.45",
            "revenue": 350778
        },
        "2022-12": {
            "month": "2022-12",
            "price": "129.86",
            "revenue": 439212
        },
        "2023-01": {
            "month": "2023-01",
            "price": "129.65",
            "revenue": 581820
        },
        "2023-02": {
            "month": "2023-02",
            "price": "139.92",
            "revenue": 364643
        },
        "2023-03": {
            "month": "2023-03",
            "price": "138.78",
            "revenue": 349266
        },
        "2023-04": {
            "month": "2023-04",
            "price": "143.47",
            "revenue": 365418
        },
        "2023-05": {
            "month": "2023-05",
            "price": "155.66",
            "revenue": 381629
        },
        "2023-06": {
            "month": "2023-06",
            "price": "171.28",
            "revenue": 366717
        },
        "2023-07": {
            "month": "2023-07",
            "price": "159.14",
            "revenue": 390642
        },
        "2023-08": {
            "month": "2023-08",
            "price": "153.61",
            "revenue": 399093
        },
        "2023-09": {
            "month": "2023-09",
            "price": "150.05",
            "revenue": 410264
        },
        "2023-10": {
            "month": "2023-10",
            "price": "150.88",
            "revenue": 402771
        },
        "2023-11": {
            "month": "2023-11",
            "price": "147.59",
            "revenue": 405359
        },
        "2023-12": {
            "month": "2023-12",
            "price": "150.71",
            "revenue": 500911
        }
    }
}
