{
    "summary": {
        "stock_name": "台塑",
        "stock_id": "1301",
        "category": "塑膠",
        "main_business": "聚氯乙烯(PVC)、氯乙烯、液(石咸)、聚丙烯、高密度聚乙烯<br>聚乙烯醋酸乙烯酯、低密度聚乙烯、線性低密度聚乙烯、丙烯酸酯<br>高吸水性樹脂、碳素纖維、丙烯睛、甲基丙烯酸甲酯及環氧氯丙烷等",
        "website_url": "http://www.fpc.com.tw",
        "ceo": "郭文筆",
        "pe_ratio": 60,
        "report_year_from": 2001,
        "report_year_to": 2023,
        "age": 23,
        "eps_negative_percentage": 0,
        "eps_growth_avg": {
            "last_all": 10.03,
            "last_2y": -9.71,
            "last_4y": -20.03,
            "last_8y": 2.73,
            "last_12y": -2.49,
            "last_16y": 3.45,
            "last_20y": 8.98,
            "at_2006_last_3y": 32.46,
            "at_2007_last_3y": 31.86,
            "at_2008_last_3y": -7.83,
            "at_2009_last_3y": 3.67,
            "at_2010_last_3y": 22.76,
            "at_2011_last_3y": 3.79,
            "at_2012_last_3y": 3.72,
            "at_2013_last_3y": 5.31,
            "at_2014_last_3y": -14.24,
            "at_2015_last_3y": 9.01,
            "at_2016_last_3y": 30.62,
            "at_2017_last_3y": 27.6,
            "at_2018_last_3y": 31.19,
            "at_2019_last_3y": 7.15,
            "at_2020_last_3y": -11.27,
            "at_2021_last_3y": 7.34,
            "at_2022_last_3y": -5.11,
            "at_2023_last_3y": -18.85,
            "at_2024_last_3y": -18.85,
            "at_2006_last_all": 32.4,
            "at_2007_last_all": 36.04,
            "at_2008_last_all": 22.5,
            "at_2009_last_all": 23.6,
            "at_2010_last_all": 28.12,
            "at_2011_last_all": 23.14,
            "at_2012_last_all": 15.67,
            "at_2013_last_all": 17.5,
            "at_2014_last_all": 15.08,
            "at_2015_last_all": 19.1,
            "at_2016_last_all": 19.66,
            "at_2017_last_all": 20.03,
            "at_2018_last_all": 18.87,
            "at_2019_last_all": 16.45,
            "at_2020_last_all": 13.15,
            "at_2021_last_all": 17.49,
            "at_2022_last_all": 14.3,
            "at_2023_last_all": 10.03,
            "at_2024_last_all": 10.03
        },
        "latest_eps": 1.15,
        "latest_price": 68.9,
        "latest_roe": 2.08,
        "latest_gross_margin": 3.7,
        "latest_equity": 347360145,
        "latest_revenue": 47742845,
        "latest_gross_profit": 1766922,
        "latest_net_income": -2901258,
        "latest_debt_ratio": 34.55,
        "latest_current_ratio": 154.84,
        "latest_account_receivable_turnover_ratio": 3.4,
        "latest_inventory_turnover_ratio": 2.17,
        "latest_reinvestment_rate": 34.78,
        "latest_research_to_sale_ratio": -1.88
    },
    "eps_dividends": {
        "1990": {
            "cash": 1,
            "stock": 1.1,
            "eps": 0
        },
        "1991": {
            "cash": 1.1,
            "stock": 1.1,
            "eps": 0
        },
        "1992": {
            "cash": 1.1,
            "stock": 1,
            "eps": 0
        },
        "1993": {
            "cash": 1,
            "stock": 0.9,
            "eps": 0
        },
        "1994": {
            "cash": 0.9,
            "stock": 0.8,
            "eps": 0
        },
        "1995": {
            "cash": 1.1,
            "stock": 1.1,
            "eps": 0
        },
        "1996": {
            "cash": 1.1,
            "stock": 1,
            "eps": 0
        },
        "1997": {
            "cash": 0.9,
            "stock": 0.9,
            "eps": 0
        },
        "1998": {
            "cash": 0,
            "stock": 1.4,
            "eps": 0
        },
        "1999": {
            "cash": 0.7,
            "stock": 0.7,
            "eps": 0
        },
        "2000": {
            "cash": 0.9,
            "stock": 0.9,
            "eps": 0
        },
        "2001": {
            "cash": 1,
            "stock": 1,
            "eps": 1.71
        },
        "2002": {
            "cash": 0.7,
            "stock": 0.7,
            "eps": 2.26
        },
        "2003": {
            "cash": 1.2,
            "stock": 0.6,
            "eps": 3.54
        },
        "2004": {
            "cash": 1.8,
            "stock": 0.6,
            "eps": 7.23
        },
        "2005": {
            "cash": 3.6,
            "stock": 0.9,
            "eps": 6.17
        },
        "2006": {
            "cash": 4.1,
            "stock": 0.3,
            "eps": 5.42
        },
        "2007": {
            "cash": 4.4,
            "stock": 0,
            "eps": 8.36
        },
        "2008": {
            "cash": 6.7,
            "stock": 0,
            "eps": 3.45
        },
        "2009": {
            "cash": 1.8,
            "stock": 0.7,
            "eps": 4.53
        },
        "2010": {
            "cash": 4,
            "stock": 0,
            "eps": 7.44
        },
        "2011": {
            "cash": 10.8,
            "stock": 0,
            "eps": 5.83
        },
        "2012": {
            "cash": 0,
            "stock": 0,
            "eps": 2.39
        },
        "2013": {
            "cash": 1.2,
            "stock": 0.4,
            "eps": 3.29
        },
        "2014": {
            "cash": 1.9,
            "stock": 0,
            "eps": 2.83
        },
        "2015": {
            "cash": 1.7,
            "stock": 0,
            "eps": 4.85
        },
        "2016": {
            "cash": 3.6,
            "stock": 0,
            "eps": 6.18
        },
        "2017": {
            "cash": 4.6,
            "stock": 0,
            "eps": 7.76
        },
        "2018": {
            "cash": 5.7,
            "stock": 0,
            "eps": 7.79
        },
        "2019": {
            "cash": 5.8,
            "stock": 0,
            "eps": 5.86
        },
        "2020": {
            "cash": 4.4,
            "stock": 0,
            "eps": 3.15
        },
        "2021": {
            "cash": 2.4,
            "stock": 0,
            "eps": 11.21
        },
        "2022": {
            "cash": 8.2,
            "stock": 0,
            "eps": 5.67
        },
        "2023": {
            "cash": 4.2,
            "stock": 0,
            "eps": 1.15
        },
        "2024": {
            "cash": 1,
            "stock": 0,
            "eps": 0
        }
    },
    "dividends": {
        "1990-04-13": {
            "cash": 1,
            "stock": 1.1
        },
        "1991-04-16": {
            "cash": 1.1,
            "stock": 1.1
        },
        "1992-04-16": {
            "cash": 1.1,
            "stock": 1
        },
        "1993-04-16": {
            "cash": 1,
            "stock": 0.9
        },
        "1994-04-26": {
            "cash": 0.9,
            "stock": 0.8
        },
        "1995-04-14": {
            "cash": 1.1,
            "stock": 1.1
        },
        "1996-04-19": {
            "cash": 1.1,
            "stock": 1
        },
        "1997-05-06": {
            "cash": 0.9,
            "stock": 0.9
        },
        "1998-05-08": {
            "cash": 0,
            "stock": 1.4
        },
        "1999-05-20": {
            "cash": 0.7,
            "stock": 0.7
        },
        "2000-05-17": {
            "cash": 0.9,
            "stock": 0.9
        },
        "2001-05-17": {
            "cash": 1,
            "stock": 1
        },
        "2002-05-24": {
            "cash": 0.7,
            "stock": 0.7
        },
        "2003-03-06": {
            "cash": 1.2,
            "stock": 0.6
        },
        "2004-02-25": {
            "cash": 1.8,
            "stock": 0.6
        },
        "2005-03-03": {
            "cash": 3.6,
            "stock": 0.9
        },
        "2006-03-17": {
            "cash": 4.1,
            "stock": 0.3
        },
        "2007-03-23": {
            "cash": 4.4,
            "stock": 0
        },
        "2008-03-28": {
            "cash": 6.7,
            "stock": 0
        },
        "2009-03-17": {
            "cash": 1.8,
            "stock": 0.7
        },
        "2010-03-29": {
            "cash": 4,
            "stock": 0
        },
        "2011-01-01": {
            "cash": 4,
            "stock": 0
        },
        "2011-03-22": {
            "cash": 6.8,
            "stock": 0
        },
        "2013-05-03": {
            "cash": 1.2,
            "stock": 0.4
        },
        "2014-06-13": {
            "cash": 1.9,
            "stock": 0
        },
        "2015-08-12": {
            "cash": 1.7,
            "stock": 0
        },
        "2016-08-10": {
            "cash": 3.6,
            "stock": 0
        },
        "2017-08-09": {
            "cash": 4.6,
            "stock": 0
        },
        "2018-08-08": {
            "cash": 5.7,
            "stock": 0
        },
        "2019-08-02": {
            "cash": 5.8,
            "stock": 0
        },
        "2020-07-31": {
            "cash": 4.4,
            "stock": 0
        },
        "2021-08-27": {
            "cash": 2.4,
            "stock": 0
        },
        "2022-08-05": {
            "cash": 8.2,
            "stock": 0
        },
        "2023-06-27": {
            "cash": 4.2,
            "stock": 0
        },
        "2024-03-06": {
            "cash": 1,
            "stock": 0
        }
    },
    "prices": {
        "200101": "48.04",
        "200102": "48.61",
        "200103": "46.60",
        "200104": "42.06",
        "200105": "39.46",
        "200106": "39.90",
        "200107": "31.85",
        "200108": "32.38",
        "200109": "31.66",
        "200110": "29.02",
        "200111": "29.51",
        "200112": "32.03",
        "200201": "35.77",
        "200202": "42.68",
        "200203": "45.13",
        "200204": "43.65",
        "200205": "40.90",
        "200206": "43.00",
        "200207": "43.60",
        "200208": "41.10",
        "200209": "37.25",
        "200210": "35.74",
        "200211": "41.62",
        "200212": "45.49",
        "200301": "48.59",
        "200302": "43.61",
        "200303": "44.22",
        "200304": "45.48",
        "200305": "44.87",
        "200306": "47.48",
        "200307": "46.07",
        "200308": "49.48",
        "200309": "49.40",
        "200310": "50.48",
        "200311": "52.08",
        "200312": "54.59",
        "200401": "57.13",
        "200402": "55.02",
        "200403": "53.08",
        "200404": "53.59",
        "200405": "46.00",
        "200406": "46.69",
        "200407": "47.81",
        "200408": "47.92",
        "200409": "52.52",
        "200410": "53.78",
        "200411": "51.48",
        "200412": "52.83",
        "200501": "54.52",
        "200502": "56.38",
        "200503": "58.40",
        "200504": "53.85",
        "200505": "53.00",
        "200506": "53.80",
        "200507": "50.28",
        "200508": "49.69",
        "200509": "49.06",
        "200510": "49.06",
        "200511": "50.72",
        "200512": "50.35",
        "200601": "51.34",
        "200602": "51.69",
        "200603": "50.63",
        "200604": "51.22",
        "200605": "49.88",
        "200606": "47.99",
        "200607": "45.20",
        "200608": "44.85",
        "200609": "46.06",
        "200610": "47.71",
        "200611": "50.51",
        "200612": "53.44",
        "200701": "53.94",
        "200702": "57.23",
        "200703": "59.57",
        "200704": "64.54",
        "200705": "67.40",
        "200706": "76.32",
        "200707": "81.83",
        "200708": "79.37",
        "200709": "84.67",
        "200710": "97.82",
        "200711": "92.00",
        "200712": "88.60",
        "200801": "89.65",
        "200802": "82.99",
        "200803": "93.84",
        "200804": "89.61",
        "200805": "87.69",
        "200806": "81.23",
        "200807": "65.56",
        "200808": "63.60",
        "200809": "56.64",
        "200810": "51.93",
        "200811": "52.66",
        "200812": "46.10",
        "200901": "46.65",
        "200902": "47.71",
        "200903": "51.95",
        "200904": "55.59",
        "200905": "62.66",
        "200906": "59.92",
        "200907": "56.16",
        "200908": "59.46",
        "200909": "63.76",
        "200910": "65.87",
        "200911": "65.03",
        "200912": "65.87",
        "201001": "68.46",
        "201002": "66.99",
        "201003": "70.00",
        "201004": "70.09",
        "201005": "66.27",
        "201006": "66.00",
        "201007": "68.86",
        "201008": "69.74",
        "201009": "74.37",
        "201010": "81.60",
        "201011": "90.90",
        "201012": "95.61",
        "201101": "95.20",
        "201102": "100.73",
        "201103": "98.65",
        "201104": "108.26",
        "201105": "113.69",
        "201106": "106.27",
        "201107": "108.67",
        "201108": "88.29",
        "201109": "82.99",
        "201110": "85.00",
        "201111": "84.47",
        "201112": "83.66",
        "201201": "82.65",
        "201202": "88.28",
        "201203": "89.19",
        "201204": "84.53",
        "201205": "79.42",
        "201206": "76.98",
        "201207": "79.11",
        "201208": "83.10",
        "201209": "83.02",
        "201210": "80.04",
        "201211": "73.71",
        "201212": "77.01",
        "201301": "79.79",
        "201302": "78.55",
        "201303": "73.25",
        "201304": "70.14",
        "201305": "72.21",
        "201306": "69.34",
        "201307": "74.08",
        "201308": "73.95",
        "201309": "76.66",
        "201310": "78.63",
        "201311": "76.03",
        "201312": "78.66",
        "201401": "79.07",
        "201402": "76.52",
        "201403": "74.80",
        "201404": "77.10",
        "201405": "77.37",
        "201406": "78.04",
        "201407": "77.55",
        "201408": "76.51",
        "201409": "75.18",
        "201410": "69.11",
        "201411": "69.74",
        "201412": "69.38",
        "201501": "74.18",
        "201502": "77.62",
        "201503": "74.98",
        "201504": "77.80",
        "201505": "77.72",
        "201506": "73.12",
        "201507": "71.05",
        "201508": "68.09",
        "201509": "69.62",
        "201510": "75.55",
        "201511": "75.30",
        "201512": "73.33",
        "201601": "74.46",
        "201602": "77.09",
        "201603": "79.55",
        "201604": "80.42",
        "201605": "77.62",
        "201606": "78.06",
        "201607": "79.03",
        "201608": "78.90",
        "201609": "78.01",
        "201610": "81.77",
        "201611": "86.53",
        "201612": "89.35",
        "201701": "89.72",
        "201702": "92.17",
        "201703": "90.87",
        "201704": "92.11",
        "201705": "89.35",
        "201706": "90.70",
        "201707": "91.81",
        "201708": "92.78",
        "201709": "94.23",
        "201710": "92.48",
        "201711": "92.41",
        "201712": "94.59",
        "201801": "101.08",
        "201802": "101.35",
        "201803": "102.91",
        "201804": "105.03",
        "201805": "108.61",
        "201806": "108.82",
        "201807": "109.93",
        "201808": "111.20",
        "201809": "113.05",
        "201810": "105.49",
        "201811": "100.92",
        "201812": "99.21",
        "201901": "100.76",
        "201902": "102.35",
        "201903": "105.62",
        "201904": "109.32",
        "201905": "109.64",
        "201906": "112.26",
        "201907": "103.30",
        "201908": "93.53",
        "201909": "95.99",
        "201910": "95.56",
        "201911": "97.48",
        "201912": "98.65",
        "202001": "98.82",
        "202002": "93.85",
        "202003": "80.00",
        "202004": "81.28",
        "202005": "85.28",
        "202006": "86.84",
        "202007": "81.26",
        "202008": "79.67",
        "202009": "79.32",
        "202010": "79.92",
        "202011": "85.73",
        "202012": "90.92",
        "202101": "93.90",
        "202102": "94.67",
        "202103": "101.17",
        "202104": "105.47",
        "202105": "101.34",
        "202106": "103.81",
        "202107": "102.77",
        "202108": "100.05",
        "202109": "103.42",
        "202110": "113.28",
        "202111": "105.95",
        "202112": "103.68",
        "202201": "106.11",
        "202202": "105.37",
        "202203": "106.61",
        "202204": "105.79",
        "202205": "104.38",
        "202206": "107.74",
        "202207": "90.03",
        "202208": "92.69",
        "202209": "87.40",
        "202210": "82.85",
        "202211": "87.05",
        "202212": "87.32",
        "202301": "88.22",
        "202302": "89.84",
        "202303": "90.81",
        "202304": "92.72",
        "202305": "93.62",
        "202306": "91.97",
        "202307": "83.10",
        "202308": "81.68",
        "202309": "81.65",
        "202310": "78.79",
        "202311": "79.63",
        "202312": "79.77",
        "202401": "74.43",
        "202402": "72.82",
        "202403": "68.87",
        "202404": "無"
    },
    "quarters": {
        "20011": {
            "year_quarter": 20011,
            "year": 2001,
            "quarter": 1,
            "eps": 0.7,
            "eps_growth_year": -40.68,
            "eps_4q": 2.98,
            "eps_4q_growth_year": -8.28,
            "roe": 3.04,
            "roe_4q": 3.04,
            "gross_profit": 2419110,
            "gross_margin": 16.9,
            "gross_margin_4q_avg": 16.9,
            "net_income": 2682586,
            "net_income_4q": null,
            "revenue": 14315204,
            "revenue_4q": null,
            "common_shares": 38527897,
            "book_valuer_per_share": 23.23,
            "book_valuer_per_share_4q_avg": 23.23,
            "equity": 89516895,
            "current_ratio": 115.37,
            "debt_ratio": 45.27,
            "inventory_turnover_ratio": 1.19,
            "account_receivable_turnover_ratio": null,
            "reinvestment_rate": null,
            "research_to_sale_ratio": null,
            "price_fair": 0,
            "eps_avg_yearly": 0,
            "eps_latest_yearly": 0,
            "eps_growth_yearly": 0
        },
        "20012": {
            "year_quarter": 20012,
            "year": 2001,
            "quarter": 2,
            "eps": 0.62,
            "eps_growth_year": -20.51,
            "eps_4q": 2.88,
            "eps_4q_growth_year": -10.21,
            "roe": 2.68,
            "roe_4q": 5.720000000000001,
            "gross_profit": 2687754,
            "gross_margin": 17.24,
            "gross_margin_4q_avg": 17.07,
            "net_income": 2379232,
            "net_income_4q": null,
            "revenue": 15593467,
            "revenue_4q": null,
            "common_shares": 38527897,
            "book_valuer_per_share": 22.92,
            "book_valuer_per_share_4q_avg": 23.08,
            "equity": 88311379,
            "current_ratio": 116.87,
            "debt_ratio": 48.1,
            "inventory_turnover_ratio": 1.29,
            "account_receivable_turnover_ratio": null,
            "reinvestment_rate": null,
            "research_to_sale_ratio": null,
            "price_fair": 0,
            "eps_avg_yearly": 0,
            "eps_latest_yearly": 0,
            "eps_growth_yearly": 0
        },
        "20013": {
            "year_quarter": 20013,
            "year": 2001,
            "quarter": 3,
            "eps": 0.57,
            "eps_growth_year": -52.5,
            "eps_4q": 2.09,
            "eps_4q_growth_year": -44.67,
            "roe": 2.69,
            "roe_4q": 8.41,
            "gross_profit": 2605237,
            "gross_margin": 15.91,
            "gross_margin_4q_avg": 16.68,
            "net_income": 2408808,
            "net_income_4q": null,
            "revenue": 16373319,
            "revenue_4q": null,
            "common_shares": 42380687,
            "book_valuer_per_share": 21.41,
            "book_valuer_per_share_4q_avg": 22.52,
            "equity": 90725662,
            "current_ratio": 150.05,
            "debt_ratio": 44.1,
            "inventory_turnover_ratio": 1.39,
            "account_receivable_turnover_ratio": null,
            "reinvestment_rate": null,
            "research_to_sale_ratio": null,
            "price_fair": 0,
            "eps_avg_yearly": 0,
            "eps_latest_yearly": 0,
            "eps_growth_yearly": 0
        },
        "20014": {
            "year_quarter": 20014,
            "year": 2001,
            "quarter": 4,
            "eps": -0.18,
            "eps_growth_year": -151.43,
            "eps_4q": 1.58,
            "eps_4q_growth_year": -52.17,
            "roe": -0.85,
            "roe_4q": 7.56,
            "gross_profit": 2505203,
            "gross_margin": 18.51,
            "gross_margin_4q_avg": 17.14,
            "net_income": -764728,
            "net_income_4q": null,
            "revenue": 13531824,
            "revenue_4q": null,
            "common_shares": 42380687,
            "book_valuer_per_share": 21.24,
            "book_valuer_per_share_4q_avg": 22.2,
            "equity": 90030565,
            "current_ratio": 142.95,
            "debt_ratio": 47.43,
            "inventory_turnover_ratio": 1.1,
            "account_receivable_turnover_ratio": null,
            "reinvestment_rate": null,
            "research_to_sale_ratio": null,
            "price_fair": 0,
            "eps_avg_yearly": 0,
            "eps_latest_yearly": 0,
            "eps_growth_yearly": 0
        },
        "20021": {
            "year_quarter": 20021,
            "year": 2002,
            "quarter": 1,
            "eps": 0.58,
            "eps_growth_year": -17.14,
            "eps_4q": 1.52,
            "eps_4q_growth_year": -48.81,
            "roe": 2.71,
            "roe_4q": 7.23,
            "gross_profit": 2273534,
            "gross_margin": 14.93,
            "gross_margin_4q_avg": 16.65,
            "net_income": 2473417,
            "net_income_4q": null,
            "revenue": 15225047,
            "revenue_4q": null,
            "common_shares": 42380687,
            "book_valuer_per_share": 21.83,
            "book_valuer_per_share_4q_avg": 21.85,
            "equity": 92497978,
            "current_ratio": 213.63,
            "debt_ratio": 43.42,
            "inventory_turnover_ratio": 1.36,
            "account_receivable_turnover_ratio": null,
            "reinvestment_rate": null,
            "research_to_sale_ratio": null,
            "price_fair": 0,
            "eps_avg_yearly": 0,
            "eps_latest_yearly": 0,
            "eps_growth_yearly": 0
        },
        "20022": {
            "year_quarter": 20022,
            "year": 2002,
            "quarter": 2,
            "eps": 0.68,
            "eps_growth_year": 9.68,
            "eps_4q": 1.65,
            "eps_4q_growth_year": -42.5,
            "roe": 3.11,
            "roe_4q": 7.66,
            "gross_profit": 3237207,
            "gross_margin": 19.96,
            "gross_margin_4q_avg": 17.33,
            "net_income": 2873982,
            "net_income_4q": null,
            "revenue": 16215784,
            "revenue_4q": null,
            "common_shares": 42380687,
            "book_valuer_per_share": 21.75,
            "book_valuer_per_share_4q_avg": 21.56,
            "equity": 92170897,
            "current_ratio": 153.2,
            "debt_ratio": 44.24,
            "inventory_turnover_ratio": 1.44,
            "account_receivable_turnover_ratio": null,
            "reinvestment_rate": null,
            "research_to_sale_ratio": null,
            "price_fair": 95.2,
            "eps_avg_yearly": 2.72,
            "eps_latest_yearly": 2.72,
            "eps_growth_yearly": 68.97
        },
        "20023": {
            "year_quarter": 20023,
            "year": 2002,
            "quarter": 3,
            "eps": 0.43,
            "eps_growth_year": -24.56,
            "eps_4q": 1.43,
            "eps_4q_growth_year": -31.52,
            "roe": 2.11,
            "roe_4q": 7.08,
            "gross_profit": 2735025,
            "gross_margin": 16.27,
            "gross_margin_4q_avg": 17.42,
            "net_income": 1966514,
            "net_income_4q": null,
            "revenue": 16814137,
            "revenue_4q": null,
            "common_shares": 45347335,
            "book_valuer_per_share": 20.81,
            "book_valuer_per_share_4q_avg": 21.41,
            "equity": 94368051,
            "current_ratio": 190.31,
            "debt_ratio": 42.97,
            "inventory_turnover_ratio": 1.45,
            "account_receivable_turnover_ratio": null,
            "reinvestment_rate": null,
            "research_to_sale_ratio": null,
            "price_fair": 6.66,
            "eps_avg_yearly": 2.22,
            "eps_latest_yearly": 1.72,
            "eps_growth_yearly": -39.05
        },
        "20024": {
            "year_quarter": 20024,
            "year": 2002,
            "quarter": 4,
            "eps": 0.57,
            "eps_growth_year": null,
            "eps_4q": 2.18,
            "eps_4q_growth_year": 38.17,
            "roe": 2.7,
            "roe_4q": 10.629999999999999,
            "gross_profit": 3142158,
            "gross_margin": 18,
            "gross_margin_4q_avg": 17.29,
            "net_income": 2584560,
            "net_income_4q": null,
            "revenue": 17455804,
            "revenue_4q": null,
            "common_shares": 45347335,
            "book_valuer_per_share": 21.37,
            "book_valuer_per_share_4q_avg": 21.44,
            "equity": 96917574,
            "current_ratio": 195.38,
            "debt_ratio": 46,
            "inventory_turnover_ratio": 1.46,
            "account_receivable_turnover_ratio": null,
            "reinvestment_rate": 48.11,
            "research_to_sale_ratio": null,
            "price_fair": 61.33,
            "eps_avg_yearly": 2.24,
            "eps_latest_yearly": 2.28,
            "eps_growth_yearly": 17.38
        },
        "20031": {
            "year_quarter": 20031,
            "year": 2003,
            "quarter": 1,
            "eps": 0.68,
            "eps_growth_year": 17.24,
            "eps_4q": 2.32,
            "eps_4q_growth_year": 52.29,
            "roe": 3.13,
            "roe_4q": 11.049999999999999,
            "gross_profit": 2979760,
            "gross_margin": 16.73,
            "gross_margin_4q_avg": 17.74,
            "net_income": 3078498,
            "net_income_4q": null,
            "revenue": 17812243,
            "revenue_4q": null,
            "common_shares": 45347335,
            "book_valuer_per_share": 22.07,
            "book_valuer_per_share_4q_avg": 21.5,
            "equity": 100089317,
            "current_ratio": 166.36,
            "debt_ratio": 42.28,
            "inventory_turnover_ratio": 1.55,
            "account_receivable_turnover_ratio": null,
            "reinvestment_rate": 43.53,
            "research_to_sale_ratio": null,
            "price_fair": 82.6,
            "eps_avg_yearly": 2.36,
            "eps_latest_yearly": 2.72,
            "eps_growth_yearly": 32.33
        },
        "20032": {
            "year_quarter": 20032,
            "year": 2003,
            "quarter": 2,
            "eps": 0.93,
            "eps_growth_year": 36.76,
            "eps_4q": 2.62,
            "eps_4q_growth_year": 58.1,
            "roe": 4.23,
            "roe_4q": 12.17,
            "gross_profit": 3169185,
            "gross_margin": 16.41,
            "gross_margin_4q_avg": 16.85,
            "net_income": 4209980,
            "net_income_4q": null,
            "revenue": 19312811,
            "revenue_4q": null,
            "common_shares": 45347335,
            "book_valuer_per_share": 21.8,
            "book_valuer_per_share_4q_avg": 21.51,
            "equity": 98851011,
            "current_ratio": 170.41,
            "debt_ratio": 45.99,
            "inventory_turnover_ratio": 1.69,
            "account_receivable_turnover_ratio": null,
            "reinvestment_rate": 29.56,
            "research_to_sale_ratio": null,
            "price_fair": 92.12,
            "eps_avg_yearly": 2.63,
            "eps_latest_yearly": 3.72,
            "eps_growth_yearly": 55.28
        },
        "20033": {
            "year_quarter": 20033,
            "year": 2003,
            "quarter": 3,
            "eps": 0.77,
            "eps_growth_year": 79.07,
            "eps_4q": 2.81,
            "eps_4q_growth_year": 96.49,
            "roe": 3.7,
            "roe_4q": 13.760000000000002,
            "gross_profit": 4152314,
            "gross_margin": 18.31,
            "gross_margin_4q_avg": 17.36,
            "net_income": 3719514,
            "net_income_4q": null,
            "revenue": 22676034,
            "revenue_4q": null,
            "common_shares": 48068685,
            "book_valuer_per_share": 21.3,
            "book_valuer_per_share_4q_avg": 21.64,
            "equity": 102379988,
            "current_ratio": 177.02,
            "debt_ratio": 43.97,
            "inventory_turnover_ratio": 1.76,
            "account_receivable_turnover_ratio": null,
            "reinvestment_rate": 26.32,
            "research_to_sale_ratio": null,
            "price_fair": 94.73,
            "eps_avg_yearly": 2.71,
            "eps_latest_yearly": 3.08,
            "eps_growth_yearly": 34.6
        },
        "20034": {
            "year_quarter": 20034,
            "year": 2003,
            "quarter": 4,
            "eps": 1.16,
            "eps_growth_year": 103.51,
            "eps_4q": 3.44,
            "eps_4q_growth_year": 57.63,
            "roe": 5.32,
            "roe_4q": 16.38,
            "gross_profit": 4606199,
            "gross_margin": 18.67,
            "gross_margin_4q_avg": 17.53,
            "net_income": 5598157,
            "net_income_4q": null,
            "revenue": 24667493,
            "revenue_4q": null,
            "common_shares": 48068685,
            "book_valuer_per_share": 22.45,
            "book_valuer_per_share_4q_avg": 21.91,
            "equity": 107934792,
            "current_ratio": 193.7,
            "debt_ratio": 43.51,
            "inventory_turnover_ratio": 1.76,
            "account_receivable_turnover_ratio": null,
            "reinvestment_rate": 13.71,
            "research_to_sale_ratio": null,
            "price_fair": 104.4,
            "eps_avg_yearly": 2.98,
            "eps_latest_yearly": 4.64,
            "eps_growth_yearly": 58.6
        },
        "20041": {
            "year_quarter": 20041,
            "year": 2004,
            "quarter": 1,
            "eps": 1.67,
            "eps_growth_year": 145.59,
            "eps_4q": 4.48,
            "eps_4q_growth_year": 93.03,
            "roe": 7.19,
            "roe_4q": 20.44,
            "gross_profit": 5747034,
            "gross_margin": 21.72,
            "gross_margin_4q_avg": 18.78,
            "net_income": 8043654,
            "net_income_4q": null,
            "revenue": 26460998,
            "revenue_4q": null,
            "common_shares": 48068685,
            "book_valuer_per_share": 24.07,
            "book_valuer_per_share_4q_avg": 22.41,
            "equity": 115719591,
            "current_ratio": 222.52,
            "debt_ratio": 39.85,
            "inventory_turnover_ratio": 1.76,
            "account_receivable_turnover_ratio": null,
            "reinvestment_rate": 11.69,
            "research_to_sale_ratio": null,
            "price_fair": 120.58,
            "eps_avg_yearly": 3.45,
            "eps_latest_yearly": 6.68,
            "eps_growth_yearly": 73.25
        },
        "20042": {
            "year_quarter": 20042,
            "year": 2004,
            "quarter": 2,
            "eps": 1.35,
            "eps_growth_year": 45.16,
            "eps_4q": 4.76,
            "eps_4q_growth_year": 81.86,
            "roe": 5.99,
            "roe_4q": 22.2,
            "gross_profit": 6682169,
            "gross_margin": 21.82,
            "gross_margin_4q_avg": 20.13,
            "net_income": 6880810,
            "net_income_4q": null,
            "revenue": 30630552,
            "revenue_4q": null,
            "common_shares": 50952807,
            "book_valuer_per_share": 22.37,
            "book_valuer_per_share_4q_avg": 22.55,
            "equity": 113995859,
            "current_ratio": 183.36,
            "debt_ratio": 44.83,
            "inventory_turnover_ratio": 2.07,
            "account_receivable_turnover_ratio": null,
            "reinvestment_rate": 6.61,
            "research_to_sale_ratio": null,
            "price_fair": 128.18,
            "eps_avg_yearly": 3.66,
            "eps_latest_yearly": 5.4,
            "eps_growth_yearly": 56.6
        },
        "20043": {
            "year_quarter": 20043,
            "year": 2004,
            "quarter": 3,
            "eps": 1.98,
            "eps_growth_year": 157.14,
            "eps_4q": 6.01,
            "eps_4q_growth_year": 113.74,
            "roe": 8.46,
            "roe_4q": 26.96,
            "gross_profit": 7154898,
            "gross_margin": 22.2,
            "gross_margin_4q_avg": 21.1,
            "net_income": 10072129,
            "net_income_4q": null,
            "revenue": 32229142,
            "revenue_4q": null,
            "common_shares": 50952807,
            "book_valuer_per_share": 24.36,
            "book_valuer_per_share_4q_avg": 23.31,
            "equity": 124132388,
            "current_ratio": 296.97,
            "debt_ratio": 39.7,
            "inventory_turnover_ratio": 2.17,
            "account_receivable_turnover_ratio": null,
            "reinvestment_rate": 2.31,
            "research_to_sale_ratio": null,
            "price_fair": 143.08,
            "eps_avg_yearly": 4.09,
            "eps_latest_yearly": 7.92,
            "eps_growth_yearly": 69.61
        },
        "20044": {
            "year_quarter": 20044,
            "year": 2004,
            "quarter": 4,
            "eps": 2.23,
            "eps_growth_year": 92.24,
            "eps_4q": 7.14,
            "eps_4q_growth_year": 107.5,
            "roe": 8.75,
            "roe_4q": 30.390000000000004,
            "gross_profit": 7528051,
            "gross_margin": 23.08,
            "gross_margin_4q_avg": 22.21,
            "net_income": 11352968,
            "net_income_4q": null,
            "revenue": 32617831,
            "revenue_4q": null,
            "common_shares": 50952807,
            "book_valuer_per_share": 26.56,
            "book_valuer_per_share_4q_avg": 24.34,
            "equity": 135329962,
            "current_ratio": 196.31,
            "debt_ratio": 38.89,
            "inventory_turnover_ratio": 1.73,
            "account_receivable_turnover_ratio": null,
            "reinvestment_rate": 1.42,
            "research_to_sale_ratio": null,
            "price_fair": 158.45,
            "eps_avg_yearly": 4.53,
            "eps_latest_yearly": 8.92,
            "eps_growth_yearly": 67.87
        },
        "20051": {
            "year_quarter": 20051,
            "year": 2005,
            "quarter": 1,
            "eps": 2.27,
            "eps_growth_year": 35.93,
            "eps_4q": 7.84,
            "eps_4q_growth_year": 74.99,
            "roe": 8.18,
            "roe_4q": 31.380000000000003,
            "gross_profit": 5579139,
            "gross_margin": 16.84,
            "gross_margin_4q_avg": 20.99,
            "net_income": 11541946,
            "net_income_4q": null,
            "revenue": 33134907,
            "revenue_4q": null,
            "common_shares": 50952807,
            "book_valuer_per_share": 28.85,
            "book_valuer_per_share_4q_avg": 25.54,
            "equity": 147006603,
            "current_ratio": 192.81,
            "debt_ratio": 32.89,
            "inventory_turnover_ratio": 1.8,
            "account_receivable_turnover_ratio": null,
            "reinvestment_rate": 2.25,
            "research_to_sale_ratio": null,
            "price_fair": 171.73,
            "eps_avg_yearly": 4.91,
            "eps_latest_yearly": 9.08,
            "eps_growth_yearly": 62.81
        },
        "20052": {
            "year_quarter": 20052,
            "year": 2005,
            "quarter": 2,
            "eps": 1.04,
            "eps_growth_year": -22.96,
            "eps_4q": 7,
            "eps_4q_growth_year": 47.14,
            "roe": 4.1,
            "roe_4q": 29.490000000000002,
            "gross_profit": 5547777,
            "gross_margin": 17.1,
            "gross_margin_4q_avg": 19.81,
            "net_income": 5754197,
            "net_income_4q": null,
            "revenue": 32438687,
            "revenue_4q": null,
            "common_shares": 55538559,
            "book_valuer_per_share": 24.11,
            "book_valuer_per_share_4q_avg": 25.97,
            "equity": 133889986,
            "current_ratio": 127.32,
            "debt_ratio": 40.72,
            "inventory_turnover_ratio": 1.92,
            "account_receivable_turnover_ratio": null,
            "reinvestment_rate": 4.52,
            "research_to_sale_ratio": null,
            "price_fair": 169.72,
            "eps_avg_yearly": 4.85,
            "eps_latest_yearly": 4.16,
            "eps_growth_yearly": 41.31
        },
        "20053": {
            "year_quarter": 20053,
            "year": 2005,
            "quarter": 3,
            "eps": 2.19,
            "eps_growth_year": 10.61,
            "eps_4q": 7.35,
            "eps_4q_growth_year": 22.17,
            "roe": 8.66,
            "roe_4q": 29.689999999999998,
            "gross_profit": 5657076,
            "gross_margin": 16.39,
            "gross_margin_4q_avg": 18.35,
            "net_income": 12164210,
            "net_income_4q": null,
            "revenue": 34513730,
            "revenue_4q": null,
            "common_shares": 55538559,
            "book_valuer_per_share": 26.46,
            "book_valuer_per_share_4q_avg": 26.5,
            "equity": 146960057,
            "current_ratio": 202.43,
            "debt_ratio": 36.42,
            "inventory_turnover_ratio": 2.08,
            "account_receivable_turnover_ratio": null,
            "reinvestment_rate": 6.4,
            "research_to_sale_ratio": null,
            "price_fair": 179.5,
            "eps_avg_yearly": 5.13,
            "eps_latest_yearly": 8.76,
            "eps_growth_yearly": 69.95
        },
        "20054": {
            "year_quarter": 20054,
            "year": 2005,
            "quarter": 4,
            "eps": 0.67,
            "eps_growth_year": -69.96,
            "eps_4q": 5.97,
            "eps_4q_growth_year": -16.42,
            "roe": 2.51,
            "roe_4q": 23.45,
            "gross_profit": 5575024,
            "gross_margin": 15.65,
            "gross_margin_4q_avg": 16.5,
            "net_income": 3726146,
            "net_income_4q": null,
            "revenue": 35631061,
            "revenue_4q": null,
            "common_shares": 55538559,
            "book_valuer_per_share": 27.09,
            "book_valuer_per_share_4q_avg": 26.63,
            "equity": 150458729,
            "current_ratio": 228.65,
            "debt_ratio": 38.65,
            "inventory_turnover_ratio": 1.97,
            "account_receivable_turnover_ratio": null,
            "reinvestment_rate": 22.05,
            "research_to_sale_ratio": null,
            "price_fair": 173.79,
            "eps_avg_yearly": 4.97,
            "eps_latest_yearly": 2.68,
            "eps_growth_yearly": 46.78
        },
        "20061": {
            "year_quarter": 20061,
            "year": 2006,
            "quarter": 1,
            "eps": 0.69,
            "eps_growth_year": -69.6,
            "eps_4q": 4.59,
            "eps_4q_growth_year": -41.45,
            "roe": 2.31,
            "roe_4q": 17.58,
            "gross_profit": 4087334,
            "gross_margin": 12.53,
            "gross_margin_4q_avg": 15.42,
            "net_income": 3830650,
            "net_income_4q": null,
            "revenue": 32632794,
            "revenue_4q": null,
            "common_shares": 55538559,
            "book_valuer_per_share": 32.52,
            "book_valuer_per_share_4q_avg": 27.55,
            "equity": 180610720,
            "current_ratio": 343.57,
            "debt_ratio": 31.11,
            "inventory_turnover_ratio": 1.77,
            "account_receivable_turnover_ratio": null,
            "reinvestment_rate": 9.38,
            "research_to_sale_ratio": null,
            "price_fair": 168.96,
            "eps_avg_yearly": 4.83,
            "eps_latest_yearly": 2.76,
            "eps_growth_yearly": 44.6
        },
        "20062": {
            "year_quarter": 20062,
            "year": 2006,
            "quarter": 2,
            "eps": 1.35,
            "eps_growth_year": 29.81,
            "eps_4q": 4.79,
            "eps_4q_growth_year": -31.61,
            "roe": 4.49,
            "roe_4q": 17.97,
            "gross_profit": 4355544,
            "gross_margin": 11.22,
            "gross_margin_4q_avg": 13.95,
            "net_income": 7748259,
            "net_income_4q": null,
            "revenue": 38825229,
            "revenue_4q": null,
            "common_shares": 55538559,
            "book_valuer_per_share": 29.65,
            "book_valuer_per_share_4q_avg": 28.93,
            "equity": 164646701,
            "current_ratio": 167.67,
            "debt_ratio": 39.05,
            "inventory_turnover_ratio": 2.29,
            "account_receivable_turnover_ratio": null,
            "reinvestment_rate": 9.83,
            "research_to_sale_ratio": null,
            "price_fair": 174.83,
            "eps_avg_yearly": 5,
            "eps_latest_yearly": 5.4,
            "eps_growth_yearly": 64.2
        },
        "20063": {
            "year_quarter": 20063,
            "year": 2006,
            "quarter": 3,
            "eps": 2.14,
            "eps_growth_year": -2.28,
            "eps_4q": 4.82,
            "eps_4q_growth_year": -34.41,
            "roe": 7.14,
            "roe_4q": 16.45,
            "gross_profit": 4799002,
            "gross_margin": 12.27,
            "gross_margin_4q_avg": 12.92,
            "net_income": 12222728,
            "net_income_4q": null,
            "revenue": 39120474,
            "revenue_4q": null,
            "common_shares": 57204716,
            "book_valuer_per_share": 31.07,
            "book_valuer_per_share_4q_avg": 30.08,
            "equity": 177733742,
            "current_ratio": 269.63,
            "debt_ratio": 35.43,
            "inventory_turnover_ratio": 2.27,
            "account_receivable_turnover_ratio": null,
            "reinvestment_rate": 9.94,
            "research_to_sale_ratio": null,
            "price_fair": 189.79,
            "eps_avg_yearly": 5.42,
            "eps_latest_yearly": 8.56,
            "eps_growth_yearly": 88.02
        },
        "20064": {
            "year_quarter": 20064,
            "year": 2006,
            "quarter": 4,
            "eps": 1.24,
            "eps_growth_year": 85.07,
            "eps_4q": 5.4,
            "eps_4q_growth_year": -9.44,
            "roe": 3.83,
            "roe_4q": 17.77,
            "gross_profit": 4870759,
            "gross_margin": 13.21,
            "gross_margin_4q_avg": 12.31,
            "net_income": 7087679,
            "net_income_4q": null,
            "revenue": 36879708,
            "revenue_4q": null,
            "common_shares": 57204716,
            "book_valuer_per_share": 33.66,
            "book_valuer_per_share_4q_avg": 31.73,
            "equity": 192546669,
            "current_ratio": 226.82,
            "debt_ratio": 36.99,
            "inventory_turnover_ratio": 1.88,
            "account_receivable_turnover_ratio": null,
            "reinvestment_rate": 23.42,
            "research_to_sale_ratio": null,
            "price_fair": 195.65,
            "eps_avg_yearly": 5.59,
            "eps_latest_yearly": 4.96,
            "eps_growth_yearly": 69.37
        },
        "20071": {
            "year_quarter": 20071,
            "year": 2007,
            "quarter": 1,
            "eps": 1.29,
            "eps_growth_year": 86.96,
            "eps_4q": 6.04,
            "eps_4q_growth_year": 31.54,
            "roe": 3.67,
            "roe_4q": 19.130000000000003,
            "gross_profit": 5378948,
            "gross_margin": 14.36,
            "gross_margin_4q_avg": 12.77,
            "net_income": 7354419,
            "net_income_4q": null,
            "revenue": 37457699,
            "revenue_4q": null,
            "common_shares": 57204716,
            "book_valuer_per_share": 36.49,
            "book_valuer_per_share_4q_avg": 32.72,
            "equity": 208749019,
            "current_ratio": 314.66,
            "debt_ratio": 29.96,
            "inventory_turnover_ratio": 1.79,
            "account_receivable_turnover_ratio": null,
            "reinvestment_rate": 10.94,
            "research_to_sale_ratio": null,
            "price_fair": 200.99,
            "eps_avg_yearly": 5.74,
            "eps_latest_yearly": 5.16,
            "eps_growth_yearly": 65.55
        },
        "20072": {
            "year_quarter": 20072,
            "year": 2007,
            "quarter": 2,
            "eps": 1.63,
            "eps_growth_year": 20.74,
            "eps_4q": 6.29,
            "eps_4q_growth_year": 31.37,
            "roe": 4.52,
            "roe_4q": 19.16,
            "gross_profit": 6982979,
            "gross_margin": 15,
            "gross_margin_4q_avg": 13.71,
            "net_income": 9332538,
            "net_income_4q": null,
            "revenue": 46567924,
            "revenue_4q": null,
            "common_shares": 57204716,
            "book_valuer_per_share": 35.71,
            "book_valuer_per_share_4q_avg": 34.23,
            "equity": 204294854,
            "current_ratio": 131.55,
            "debt_ratio": 36.04,
            "inventory_turnover_ratio": 2.31,
            "account_receivable_turnover_ratio": null,
            "reinvestment_rate": 11.61,
            "research_to_sale_ratio": null,
            "price_fair": 207.11,
            "eps_avg_yearly": 5.92,
            "eps_latest_yearly": 6.52,
            "eps_growth_yearly": 62.95
        },
        "20073": {
            "year_quarter": 20073,
            "year": 2007,
            "quarter": 3,
            "eps": 3.51,
            "eps_growth_year": 64.02,
            "eps_4q": 7.66,
            "eps_4q_growth_year": 58.94,
            "roe": 9.14,
            "roe_4q": 21.159999999999997,
            "gross_profit": 7784682,
            "gross_margin": 16.15,
            "gross_margin_4q_avg": 14.68,
            "net_income": 20106894,
            "net_income_4q": null,
            "revenue": 48209495,
            "revenue_4q": null,
            "common_shares": 57204716,
            "book_valuer_per_share": 41.21,
            "book_valuer_per_share_4q_avg": 36.77,
            "equity": 235734338,
            "current_ratio": 315.12,
            "debt_ratio": 27.17,
            "inventory_turnover_ratio": 2.36,
            "account_receivable_turnover_ratio": null,
            "reinvestment_rate": 10.31,
            "research_to_sale_ratio": null,
            "price_fair": 231.09,
            "eps_avg_yearly": 6.6,
            "eps_latest_yearly": 14.04,
            "eps_growth_yearly": 96.09
        },
        "20074": {
            "year_quarter": 20074,
            "year": 2007,
            "quarter": 4,
            "eps": 1.93,
            "eps_growth_year": 55.65,
            "eps_4q": 8.38,
            "eps_4q_growth_year": 54.99,
            "roe": 4.54,
            "roe_4q": 21.869999999999997,
            "gross_profit": 7044987,
            "gross_margin": 14.27,
            "gross_margin_4q_avg": 14.95,
            "net_income": 11016788,
            "net_income_4q": null,
            "revenue": 49371696,
            "revenue_4q": null,
            "common_shares": 57204716,
            "book_valuer_per_share": 43.58,
            "book_valuer_per_share_4q_avg": 39.25,
            "equity": 249300289,
            "current_ratio": 253.85,
            "debt_ratio": 31.25,
            "inventory_turnover_ratio": 2.22,
            "account_receivable_turnover_ratio": null,
            "reinvestment_rate": 24.36,
            "research_to_sale_ratio": null,
            "price_fair": 237.83,
            "eps_avg_yearly": 6.8,
            "eps_latest_yearly": 7.72,
            "eps_growth_yearly": 72.17
        },
        "20081": {
            "year_quarter": 20081,
            "year": 2008,
            "quarter": 1,
            "eps": 1.22,
            "eps_growth_year": -5.43,
            "eps_4q": 8.32,
            "eps_4q_growth_year": 37.77,
            "roe": 2.81,
            "roe_4q": 21.01,
            "gross_profit": 6935553,
            "gross_margin": 13.3,
            "gross_margin_4q_avg": 14.68,
            "net_income": 6955479,
            "net_income_4q": null,
            "revenue": 52148087,
            "revenue_4q": null,
            "common_shares": 57204716,
            "book_valuer_per_share": 42.94,
            "book_valuer_per_share_4q_avg": 40.86,
            "equity": 245651117,
            "current_ratio": 227.42,
            "debt_ratio": 30.67,
            "inventory_turnover_ratio": 2.37,
            "account_receivable_turnover_ratio": null,
            "reinvestment_rate": 28.17,
            "research_to_sale_ratio": null,
            "price_fair": 233.89,
            "eps_avg_yearly": 6.68,
            "eps_latest_yearly": 4.88,
            "eps_growth_yearly": 51.98
        },
        "20082": {
            "year_quarter": 20082,
            "year": 2008,
            "quarter": 2,
            "eps": 2.32,
            "eps_growth_year": 42.33,
            "eps_4q": 8.97,
            "eps_4q_growth_year": 42.67,
            "roe": 5.86,
            "roe_4q": 22.35,
            "gross_profit": 7666546,
            "gross_margin": 12.71,
            "gross_margin_4q_avg": 14.11,
            "net_income": 13284221,
            "net_income_4q": null,
            "revenue": 60329263,
            "revenue_4q": null,
            "common_shares": 57204716,
            "book_valuer_per_share": 36.25,
            "book_valuer_per_share_4q_avg": 41,
            "equity": 207369406,
            "current_ratio": 147.87,
            "debt_ratio": 41.66,
            "inventory_turnover_ratio": 2.71,
            "account_receivable_turnover_ratio": null,
            "reinvestment_rate": 27.17,
            "research_to_sale_ratio": null,
            "price_fair": 242.38,
            "eps_avg_yearly": 6.93,
            "eps_latest_yearly": 9.28,
            "eps_growth_yearly": 79.32
        },
        "20083": {
            "year_quarter": 20083,
            "year": 2008,
            "quarter": 3,
            "eps": 2.46,
            "eps_growth_year": -29.91,
            "eps_4q": 7.92,
            "eps_4q_growth_year": 3.44,
            "roe": 6.79,
            "roe_4q": 20,
            "gross_profit": 5581930,
            "gross_margin": 10.24,
            "gross_margin_4q_avg": 12.63,
            "net_income": 14073344,
            "net_income_4q": null,
            "revenue": 54506429,
            "revenue_4q": null,
            "common_shares": 57204716,
            "book_valuer_per_share": 36.24,
            "book_valuer_per_share_4q_avg": 39.75,
            "equity": 207315477,
            "current_ratio": 178.64,
            "debt_ratio": 38.28,
            "inventory_turnover_ratio": 1.97,
            "account_receivable_turnover_ratio": null,
            "reinvestment_rate": 26.99,
            "research_to_sale_ratio": null,
            "price_fair": 246.58,
            "eps_avg_yearly": 7.05,
            "eps_latest_yearly": 9.84,
            "eps_growth_yearly": 69.16
        },
        "20084": {
            "year_quarter": 20084,
            "year": 2008,
            "quarter": 4,
            "eps": -2.55,
            "eps_growth_year": -232.12,
            "eps_4q": 3.45,
            "eps_4q_growth_year": -58.81,
            "roe": -7.54,
            "roe_4q": 7.92,
            "gross_profit": -6099281,
            "gross_margin": -18.37,
            "gross_margin_4q_avg": 4.47,
            "net_income": -14603570,
            "net_income_4q": null,
            "revenue": 33193820,
            "revenue_4q": null,
            "common_shares": 57204716,
            "book_valuer_per_share": 31.5,
            "book_valuer_per_share_4q_avg": 36.73,
            "equity": 180204838,
            "current_ratio": 170.3,
            "debt_ratio": 38.79,
            "inventory_turnover_ratio": 1.76,
            "account_receivable_turnover_ratio": 9.44,
            "reinvestment_rate": 24.32,
            "research_to_sale_ratio": null,
            "price_fair": 242.2,
            "eps_avg_yearly": 6.92,
            "eps_latest_yearly": 9.84,
            "eps_growth_yearly": 70.4
        },
        "20091": {
            "year_quarter": 20091,
            "year": 2009,
            "quarter": 1,
            "eps": 0.51,
            "eps_growth_year": -58.2,
            "eps_4q": 2.74,
            "eps_4q_growth_year": -67.04,
            "roe": 1.59,
            "roe_4q": 6.7,
            "gross_profit": 3517320,
            "gross_margin": 9.83,
            "gross_margin_4q_avg": 3.6,
            "net_income": 2915089,
            "net_income_4q": null,
            "revenue": 35792944,
            "revenue_4q": null,
            "common_shares": 57204716,
            "book_valuer_per_share": 32.74,
            "book_valuer_per_share_4q_avg": 34.18,
            "equity": 187272524,
            "current_ratio": 193.54,
            "debt_ratio": 36.59,
            "inventory_turnover_ratio": 2.21,
            "account_receivable_turnover_ratio": 4.42,
            "reinvestment_rate": 30.72,
            "research_to_sale_ratio": null,
            "price_fair": 236.8,
            "eps_avg_yearly": 6.77,
            "eps_latest_yearly": 9.84,
            "eps_growth_yearly": 74.92
        },
        "20092": {
            "year_quarter": 20092,
            "year": 2009,
            "quarter": 2,
            "eps": 1.26,
            "eps_growth_year": -45.69,
            "eps_4q": 1.65,
            "eps_4q_growth_year": -81.61,
            "roe": 4.1,
            "roe_4q": 4.9399999999999995,
            "gross_profit": 6766627,
            "gross_margin": 15.03,
            "gross_margin_4q_avg": 4.18,
            "net_income": 7717952,
            "net_income_4q": null,
            "revenue": 45017970,
            "revenue_4q": null,
            "common_shares": 57204716,
            "book_valuer_per_share": 33.03,
            "book_valuer_per_share_4q_avg": 33.38,
            "equity": 188965727,
            "current_ratio": 169.5,
            "debt_ratio": 38.34,
            "inventory_turnover_ratio": 2.98,
            "account_receivable_turnover_ratio": 4.38,
            "reinvestment_rate": 25.99,
            "research_to_sale_ratio": null,
            "price_fair": 239,
            "eps_avg_yearly": 6.83,
            "eps_latest_yearly": 5.04,
            "eps_growth_yearly": 132.41
        },
        "20093": {
            "year_quarter": 20093,
            "year": 2009,
            "quarter": 3,
            "eps": 1.5,
            "eps_growth_year": -39.02,
            "eps_4q": 0.85,
            "eps_4q_growth_year": -89.24,
            "roe": 4.61,
            "roe_4q": 2.7600000000000007,
            "gross_profit": 6024033,
            "gross_margin": 12.53,
            "gross_margin_4q_avg": 4.76,
            "net_income": 9194730,
            "net_income_4q": null,
            "revenue": 48058009,
            "revenue_4q": null,
            "common_shares": 61209046,
            "book_valuer_per_share": 34.34,
            "book_valuer_per_share_4q_avg": 32.9,
            "equity": 210187052,
            "current_ratio": 214.24,
            "debt_ratio": 33.25,
            "inventory_turnover_ratio": 3.05,
            "account_receivable_turnover_ratio": 4.54,
            "reinvestment_rate": 23.34,
            "research_to_sale_ratio": null,
            "price_fair": 232.1,
            "eps_avg_yearly": 6.63,
            "eps_latest_yearly": 6,
            "eps_growth_yearly": 106.26
        },
        "20094": {
            "year_quarter": 20094,
            "year": 2009,
            "quarter": 4,
            "eps": 1.26,
            "eps_growth_year": null,
            "eps_4q": 4.5,
            "eps_4q_growth_year": 30.38,
            "roe": 3.54,
            "roe_4q": 13.84,
            "gross_profit": 6525066,
            "gross_margin": 12.74,
            "gross_margin_4q_avg": 12.53,
            "net_income": 7705658,
            "net_income_4q": null,
            "revenue": 51205998,
            "revenue_4q": null,
            "common_shares": 61209046,
            "book_valuer_per_share": 36.81,
            "book_valuer_per_share_4q_avg": 34.23,
            "equity": 225330486,
            "current_ratio": 226.84,
            "debt_ratio": 31.95,
            "inventory_turnover_ratio": 3.02,
            "account_receivable_turnover_ratio": 8.81,
            "reinvestment_rate": 92.03,
            "research_to_sale_ratio": null,
            "price_fair": 238,
            "eps_avg_yearly": 6.8,
            "eps_latest_yearly": 5.04,
            "eps_growth_yearly": 121.52
        },
        "20101": {
            "year_quarter": 20101,
            "year": 2010,
            "quarter": 1,
            "eps": 1.34,
            "eps_growth_year": 162.75,
            "eps_4q": 5.36,
            "eps_4q_growth_year": 95.54,
            "roe": 3.52,
            "roe_4q": 15.770000000000001,
            "gross_profit": 7196755,
            "gross_margin": 14.1,
            "gross_margin_4q_avg": 13.6,
            "net_income": 8191475,
            "net_income_4q": null,
            "revenue": 51033896,
            "revenue_4q": null,
            "common_shares": 61209046,
            "book_valuer_per_share": 39.15,
            "book_valuer_per_share_4q_avg": 35.83,
            "equity": 239636363,
            "current_ratio": 253.68,
            "debt_ratio": 29.88,
            "inventory_turnover_ratio": 2.6,
            "account_receivable_turnover_ratio": 4.1,
            "reinvestment_rate": 107.1,
            "research_to_sale_ratio": 1.29,
            "price_fair": 244.5,
            "eps_avg_yearly": 6.99,
            "eps_latest_yearly": 5.36,
            "eps_growth_yearly": 122.48
        },
        "20102": {
            "year_quarter": 20102,
            "year": 2010,
            "quarter": 2,
            "eps": 1.93,
            "eps_growth_year": 52.92,
            "eps_4q": 6.03,
            "eps_4q_growth_year": 265.36,
            "roe": 5.17,
            "roe_4q": 16.84,
            "gross_profit": 10824697,
            "gross_margin": 18.19,
            "gross_margin_4q_avg": 14.39,
            "net_income": 11793453,
            "net_income_4q": null,
            "revenue": 59505332,
            "revenue_4q": null,
            "common_shares": 61209046,
            "book_valuer_per_share": 35.32,
            "book_valuer_per_share_4q_avg": 36.41,
            "equity": 216182881,
            "current_ratio": 183.68,
            "debt_ratio": 36.63,
            "inventory_turnover_ratio": 2.54,
            "account_receivable_turnover_ratio": 4.35,
            "reinvestment_rate": 104.2,
            "research_to_sale_ratio": -0.52,
            "price_fair": 250.3,
            "eps_avg_yearly": 7.15,
            "eps_latest_yearly": 7.72,
            "eps_growth_yearly": 107.73
        },
        "20103": {
            "year_quarter": 20103,
            "year": 2010,
            "quarter": 3,
            "eps": 2.15,
            "eps_growth_year": 43.55,
            "eps_4q": 6.68,
            "eps_4q_growth_year": 683.47,
            "roe": 5.74,
            "roe_4q": 17.97,
            "gross_profit": 11008339,
            "gross_margin": 19.1,
            "gross_margin_4q_avg": 16.03,
            "net_income": 13180024,
            "net_income_4q": null,
            "revenue": 57650161,
            "revenue_4q": null,
            "common_shares": 61209046,
            "book_valuer_per_share": 39.65,
            "book_valuer_per_share_4q_avg": 37.73,
            "equity": 242684319,
            "current_ratio": 297.36,
            "debt_ratio": 27.19,
            "inventory_turnover_ratio": 2.66,
            "account_receivable_turnover_ratio": 4.27,
            "reinvestment_rate": 97.37,
            "research_to_sale_ratio": 0.36,
            "price_fair": 250.4,
            "eps_avg_yearly": 7.15,
            "eps_latest_yearly": 8.6,
            "eps_growth_yearly": 94.27
        },
        "20104": {
            "year_quarter": 20104,
            "year": 2010,
            "quarter": 4,
            "eps": 2.02,
            "eps_growth_year": 60.54,
            "eps_4q": 7.44,
            "eps_4q_growth_year": 65.42,
            "roe": 4.92,
            "roe_4q": 19.35,
            "gross_profit": 11962926,
            "gross_margin": 20.94,
            "gross_margin_4q_avg": 18.08,
            "net_income": 12381479,
            "net_income_4q": null,
            "revenue": 57130858,
            "revenue_4q": null,
            "common_shares": 61209046,
            "book_valuer_per_share": 42.62,
            "book_valuer_per_share_4q_avg": 39.19,
            "equity": 260844072,
            "current_ratio": 330.08,
            "debt_ratio": 26.59,
            "inventory_turnover_ratio": 2.74,
            "account_receivable_turnover_ratio": 4.45,
            "reinvestment_rate": 76.87,
            "research_to_sale_ratio": 0.47,
            "price_fair": 258.2,
            "eps_avg_yearly": 7.38,
            "eps_latest_yearly": 8.08,
            "eps_growth_yearly": 104.56
        },
        "20111": {
            "year_quarter": 20111,
            "year": 2011,
            "quarter": 1,
            "eps": 2.47,
            "eps_growth_year": 84.33,
            "eps_4q": 8.57,
            "eps_4q_growth_year": 59.94,
            "roe": 5.48,
            "roe_4q": 21.310000000000002,
            "gross_profit": 12278220,
            "gross_margin": 20.22,
            "gross_margin_4q_avg": 19.61,
            "net_income": 15122428,
            "net_income_4q": null,
            "revenue": 60722022,
            "revenue_4q": null,
            "common_shares": 61209046,
            "book_valuer_per_share": 47.56,
            "book_valuer_per_share_4q_avg": 41.29,
            "equity": 291107278,
            "current_ratio": 350.78,
            "debt_ratio": 25.46,
            "inventory_turnover_ratio": 2.57,
            "account_receivable_turnover_ratio": 4.2,
            "reinvestment_rate": 92.72,
            "research_to_sale_ratio": 0.41,
            "price_fair": 270,
            "eps_avg_yearly": 7.71,
            "eps_latest_yearly": 9.88,
            "eps_growth_yearly": 109.77
        },
        "20112": {
            "year_quarter": 20112,
            "year": 2011,
            "quarter": 2,
            "eps": 1.8,
            "eps_growth_year": -6.5,
            "eps_4q": 8.45,
            "eps_4q_growth_year": 40.19,
            "roe": 4.08,
            "roe_4q": 20.22,
            "gross_profit": 10534675,
            "gross_margin": 18.45,
            "gross_margin_4q_avg": 19.68,
            "net_income": 11026376,
            "net_income_4q": null,
            "revenue": 57097679,
            "revenue_4q": null,
            "common_shares": 61209046,
            "book_valuer_per_share": 40.77,
            "book_valuer_per_share_4q_avg": 42.65,
            "equity": 249552082,
            "current_ratio": 186.01,
            "debt_ratio": 35.29,
            "inventory_turnover_ratio": 2.35,
            "account_receivable_turnover_ratio": 3.94,
            "reinvestment_rate": 91.74,
            "research_to_sale_ratio": 0.54,
            "price_fair": 271.7,
            "eps_avg_yearly": 7.76,
            "eps_latest_yearly": 7.2,
            "eps_growth_yearly": 94.49
        },
        "20113": {
            "year_quarter": 20113,
            "year": 2011,
            "quarter": 3,
            "eps": 1.43,
            "eps_growth_year": -33.6,
            "eps_4q": 7.72,
            "eps_4q_growth_year": 15.69,
            "roe": 3.52,
            "roe_4q": 18,
            "gross_profit": 8223660,
            "gross_margin": 15.87,
            "gross_margin_4q_avg": 18.87,
            "net_income": 8751968,
            "net_income_4q": null,
            "revenue": 51827434,
            "revenue_4q": null,
            "common_shares": 61209046,
            "book_valuer_per_share": 40.5,
            "book_valuer_per_share_4q_avg": 42.86,
            "equity": 247881732,
            "current_ratio": 352.93,
            "debt_ratio": 30.91,
            "inventory_turnover_ratio": 2.24,
            "account_receivable_turnover_ratio": 4.09,
            "reinvestment_rate": 89.71,
            "research_to_sale_ratio": 0.79,
            "price_fair": 250.9,
            "eps_avg_yearly": 7.17,
            "eps_latest_yearly": 5.72,
            "eps_growth_yearly": 55.67
        },
        "20114": {
            "year_quarter": 20114,
            "year": 2011,
            "quarter": 4,
            "eps": 0.13,
            "eps_growth_year": -93.35,
            "eps_4q": 5.84,
            "eps_4q_growth_year": -21.56,
            "roe": 0.34,
            "roe_4q": 13.42,
            "gross_profit": 4414958,
            "gross_margin": 9.32,
            "gross_margin_4q_avg": 15.97,
            "net_income": 823686,
            "net_income_4q": null,
            "revenue": 47389966,
            "revenue_4q": null,
            "common_shares": 61209046,
            "book_valuer_per_share": 39.42,
            "book_valuer_per_share_4q_avg": 42.06,
            "equity": 241255473,
            "current_ratio": 350.05,
            "debt_ratio": 30.81,
            "inventory_turnover_ratio": 2.02,
            "account_receivable_turnover_ratio": 3.87,
            "reinvestment_rate": 75.85,
            "research_to_sale_ratio": 0.35,
            "price_fair": 232.9,
            "eps_avg_yearly": 6.65,
            "eps_latest_yearly": 0.52,
            "eps_growth_yearly": 42.55
        },
        "20121": {
            "year_quarter": 20121,
            "year": 2012,
            "quarter": 1,
            "eps": 0.79,
            "eps_growth_year": -68.02,
            "eps_4q": 4.16,
            "eps_4q_growth_year": -51.51,
            "roe": 1.96,
            "roe_4q": 9.9,
            "gross_profit": 4936904,
            "gross_margin": 9.28,
            "gross_margin_4q_avg": 13.23,
            "net_income": 4846311,
            "net_income_4q": null,
            "revenue": 53221023,
            "revenue_4q": null,
            "common_shares": 61209046,
            "book_valuer_per_share": 41.56,
            "book_valuer_per_share_4q_avg": 40.56,
            "equity": 254364444,
            "current_ratio": 308.1,
            "debt_ratio": 30.7,
            "inventory_turnover_ratio": 2.27,
            "account_receivable_turnover_ratio": 3.98,
            "reinvestment_rate": 80.93,
            "research_to_sale_ratio": 0.43,
            "price_fair": 228.6,
            "eps_avg_yearly": 6.53,
            "eps_latest_yearly": 3.16,
            "eps_growth_yearly": 198.12
        },
        "20122": {
            "year_quarter": 20122,
            "year": 2012,
            "quarter": 2,
            "eps": -0.19,
            "eps_growth_year": -110.76,
            "eps_4q": 2.16,
            "eps_4q_growth_year": -74.4,
            "roe": -0.51,
            "roe_4q": 5.3100000000000005,
            "gross_profit": 4174585,
            "gross_margin": 8.98,
            "gross_margin_4q_avg": 10.86,
            "net_income": -1186536,
            "net_income_4q": null,
            "revenue": 46465993,
            "revenue_4q": null,
            "common_shares": 61209046,
            "book_valuer_per_share": 35.05,
            "book_valuer_per_share_4q_avg": 39.13,
            "equity": 214553177,
            "current_ratio": 186.18,
            "debt_ratio": 37.67,
            "inventory_turnover_ratio": 2.12,
            "account_receivable_turnover_ratio": 3.58,
            "reinvestment_rate": 87.75,
            "research_to_sale_ratio": 0.63,
            "price_fair": 221.2,
            "eps_avg_yearly": 6.32,
            "eps_latest_yearly": 3.16,
            "eps_growth_yearly": 185.62
        },
        "20123": {
            "year_quarter": 20123,
            "year": 2012,
            "quarter": 3,
            "eps": 1.32,
            "eps_growth_year": -7.36,
            "eps_4q": 2.06,
            "eps_4q_growth_year": -73.37,
            "roe": 3.7,
            "roe_4q": 5.49,
            "gross_profit": 3027393,
            "gross_margin": 6.3,
            "gross_margin_4q_avg": 8.47,
            "net_income": 8107845,
            "net_income_4q": null,
            "revenue": 48072515,
            "revenue_4q": null,
            "common_shares": 61209046,
            "book_valuer_per_share": 36.51,
            "book_valuer_per_share_4q_avg": 38.14,
            "equity": 223454165,
            "current_ratio": 240.76,
            "debt_ratio": 35.36,
            "inventory_turnover_ratio": 2.28,
            "account_receivable_turnover_ratio": 4.11,
            "reinvestment_rate": 89.22,
            "research_to_sale_ratio": 0.4,
            "price_fair": 210.93,
            "eps_avg_yearly": 6.03,
            "eps_latest_yearly": 3.16,
            "eps_growth_yearly": 199.07
        },
        "20124": {
            "year_quarter": 20124,
            "year": 2012,
            "quarter": 4,
            "eps": 0.47,
            "eps_growth_year": 251.46,
            "eps_4q": 2.4,
            "eps_4q_growth_year": -58.96,
            "roe": 1.29,
            "roe_4q": 6.44,
            "gross_profit": 3171962,
            "gross_margin": 6.46,
            "gross_margin_4q_avg": 7.76,
            "net_income": 2894900,
            "net_income_4q": null,
            "revenue": 49119423,
            "revenue_4q": null,
            "common_shares": 61209046,
            "book_valuer_per_share": 37.02,
            "book_valuer_per_share_4q_avg": 37.54,
            "equity": 226620468,
            "current_ratio": 218.88,
            "debt_ratio": 37.06,
            "inventory_turnover_ratio": 2.28,
            "account_receivable_turnover_ratio": 4.08,
            "reinvestment_rate": 84.77,
            "research_to_sale_ratio": 0.44,
            "price_fair": 199.77,
            "eps_avg_yearly": 5.71,
            "eps_latest_yearly": 1.88,
            "eps_growth_yearly": 163.95
        },
        "20131": {
            "year_quarter": 20131,
            "year": 2013,
            "quarter": 1,
            "eps": 0.9,
            "eps_growth_year": 13.92,
            "eps_4q": 2.5,
            "eps_4q_growth_year": -39.81,
            "roe": 2.38,
            "roe_4q": 6.86,
            "gross_profit": 3099846,
            "gross_margin": 6.19,
            "gross_margin_4q_avg": 6.98,
            "net_income": 5500227,
            "net_income_4q": null,
            "revenue": 50044541,
            "revenue_4q": null,
            "common_shares": 61209046,
            "book_valuer_per_share": 38.44,
            "book_valuer_per_share_4q_avg": 36.76,
            "equity": 235263775,
            "current_ratio": 207.72,
            "debt_ratio": 37.21,
            "inventory_turnover_ratio": 2.13,
            "account_receivable_turnover_ratio": 4.02,
            "reinvestment_rate": 95.17,
            "research_to_sale_ratio": 0.39,
            "price_fair": 194.5,
            "eps_avg_yearly": 5.56,
            "eps_latest_yearly": 3.6,
            "eps_growth_yearly": 178.38
        },
        "20132": {
            "year_quarter": 20132,
            "year": 2013,
            "quarter": 2,
            "eps": 0.49,
            "eps_growth_year": null,
            "eps_4q": 3.08,
            "eps_4q_growth_year": 42.43,
            "roe": 1.28,
            "roe_4q": 8.65,
            "gross_profit": 4254166,
            "gross_margin": 7.56,
            "gross_margin_4q_avg": 6.63,
            "net_income": 3102603,
            "net_income_4q": null,
            "revenue": 56289780,
            "revenue_4q": null,
            "common_shares": 61209046,
            "book_valuer_per_share": 40.95,
            "book_valuer_per_share_4q_avg": 38.23,
            "equity": 250652156,
            "current_ratio": 200.07,
            "debt_ratio": 37.03,
            "inventory_turnover_ratio": 2.43,
            "account_receivable_turnover_ratio": 4.2,
            "reinvestment_rate": 117.86,
            "research_to_sale_ratio": 0.4,
            "price_fair": 186.8,
            "eps_avg_yearly": 5.34,
            "eps_latest_yearly": 1.96,
            "eps_growth_yearly": 123.34
        },
        "20133": {
            "year_quarter": 20133,
            "year": 2013,
            "quarter": 3,
            "eps": 1.02,
            "eps_growth_year": -23,
            "eps_4q": 2.82,
            "eps_4q_growth_year": 37.32,
            "roe": 2.58,
            "roe_4q": 7.53,
            "gross_profit": 3688603,
            "gross_margin": 6.94,
            "gross_margin_4q_avg": 6.79,
            "net_income": 6484094,
            "net_income_4q": null,
            "revenue": 53144687,
            "revenue_4q": null,
            "common_shares": 63657408,
            "book_valuer_per_share": 39.47,
            "book_valuer_per_share_4q_avg": 38.97,
            "equity": 251236564,
            "current_ratio": 203.7,
            "debt_ratio": 36.73,
            "inventory_turnover_ratio": 2.41,
            "account_receivable_turnover_ratio": 4.14,
            "reinvestment_rate": 124.07,
            "research_to_sale_ratio": 0.44,
            "price_fair": 182,
            "eps_avg_yearly": 5.2,
            "eps_latest_yearly": 4.08,
            "eps_growth_yearly": 148.8
        },
        "20134": {
            "year_quarter": 20134,
            "year": 2013,
            "quarter": 4,
            "eps": 0.88,
            "eps_growth_year": 86.96,
            "eps_4q": 3.25,
            "eps_4q_growth_year": 35.85,
            "roe": 2.19,
            "roe_4q": 8.43,
            "gross_profit": 4621778,
            "gross_margin": 8.26,
            "gross_margin_4q_avg": 7.24,
            "net_income": 5628917,
            "net_income_4q": null,
            "revenue": 55945760,
            "revenue_4q": null,
            "common_shares": 63657408,
            "book_valuer_per_share": 41.23,
            "book_valuer_per_share_4q_avg": 40.02,
            "equity": 262436353,
            "current_ratio": 239.4,
            "debt_ratio": 35.79,
            "inventory_turnover_ratio": 2.39,
            "account_receivable_turnover_ratio": 4.27,
            "reinvestment_rate": 34.93,
            "research_to_sale_ratio": 0.43,
            "price_fair": 178.2,
            "eps_avg_yearly": 5.09,
            "eps_latest_yearly": 3.52,
            "eps_growth_yearly": 149.45
        },
        "20141": {
            "year_quarter": 20141,
            "year": 2014,
            "quarter": 1,
            "eps": 1.13,
            "eps_growth_year": 25.56,
            "eps_4q": 3.52,
            "eps_4q_growth_year": 40.8,
            "roe": 2.74,
            "roe_4q": 8.79,
            "gross_profit": 3781621,
            "gross_margin": 7.27,
            "gross_margin_4q_avg": 7.51,
            "net_income": 7212609,
            "net_income_4q": null,
            "revenue": 51989871,
            "revenue_4q": null,
            "common_shares": 63657408,
            "book_valuer_per_share": 41.59,
            "book_valuer_per_share_4q_avg": 40.81,
            "equity": 264741394,
            "current_ratio": 258.17,
            "debt_ratio": 35.59,
            "inventory_turnover_ratio": 2.07,
            "account_receivable_turnover_ratio": 3.74,
            "reinvestment_rate": 37.11,
            "research_to_sale_ratio": 0.42,
            "price_fair": 176.1,
            "eps_avg_yearly": 5.03,
            "eps_latest_yearly": 4.52,
            "eps_growth_yearly": 155.76
        },
        "20142": {
            "year_quarter": 20142,
            "year": 2014,
            "quarter": 2,
            "eps": 0.59,
            "eps_growth_year": 20.41,
            "eps_4q": 3.63,
            "eps_4q_growth_year": 17.78,
            "roe": 1.38,
            "roe_4q": 8.89,
            "gross_profit": 4160423,
            "gross_margin": 7.05,
            "gross_margin_4q_avg": 7.38,
            "net_income": 3764915,
            "net_income_4q": null,
            "revenue": 59028979,
            "revenue_4q": null,
            "common_shares": 63657408,
            "book_valuer_per_share": 43.89,
            "book_valuer_per_share_4q_avg": 41.55,
            "equity": 279387023,
            "current_ratio": 243.99,
            "debt_ratio": 36.03,
            "inventory_turnover_ratio": 2.3,
            "account_receivable_turnover_ratio": 4.17,
            "reinvestment_rate": 57.61,
            "research_to_sale_ratio": 0.4,
            "price_fair": 162.7,
            "eps_avg_yearly": 4.65,
            "eps_latest_yearly": 2.36,
            "eps_growth_yearly": 129.52
        },
        "20143": {
            "year_quarter": 20143,
            "year": 2014,
            "quarter": 3,
            "eps": 1.19,
            "eps_growth_year": 16.67,
            "eps_4q": 3.79,
            "eps_4q_growth_year": 34.16,
            "roe": 2.71,
            "roe_4q": 9.02,
            "gross_profit": 4148170,
            "gross_margin": 7.5,
            "gross_margin_4q_avg": 7.52,
            "net_income": 7517384,
            "net_income_4q": null,
            "revenue": 55340879,
            "revenue_4q": null,
            "common_shares": 63657408,
            "book_valuer_per_share": 43.12,
            "book_valuer_per_share_4q_avg": 42.46,
            "equity": 274502686,
            "current_ratio": 284.28,
            "debt_ratio": 35.81,
            "inventory_turnover_ratio": 2.27,
            "account_receivable_turnover_ratio": 3.95,
            "reinvestment_rate": 59.28,
            "research_to_sale_ratio": 0.4,
            "price_fair": 153.1,
            "eps_avg_yearly": 4.37,
            "eps_latest_yearly": 4.76,
            "eps_growth_yearly": 155.32
        },
        "20144": {
            "year_quarter": 20144,
            "year": 2014,
            "quarter": 4,
            "eps": -0.08,
            "eps_growth_year": -108.91,
            "eps_4q": 2.83,
            "eps_4q_growth_year": -13.14,
            "roe": -0.18,
            "roe_4q": 6.65,
            "gross_profit": 4462611,
            "gross_margin": 8.88,
            "gross_margin_4q_avg": 7.68,
            "net_income": -501474,
            "net_income_4q": null,
            "revenue": 50229311,
            "revenue_4q": null,
            "common_shares": 63657408,
            "book_valuer_per_share": 44.91,
            "book_valuer_per_share_4q_avg": 43.38,
            "equity": 285891718,
            "current_ratio": 334.15,
            "debt_ratio": 33.68,
            "inventory_turnover_ratio": 2.03,
            "account_receivable_turnover_ratio": 3.9,
            "reinvestment_rate": 58.17,
            "research_to_sale_ratio": 0.48,
            "price_fair": 143.12,
            "eps_avg_yearly": 4.09,
            "eps_latest_yearly": 4.76,
            "eps_growth_yearly": 169.13
        },
        "20151": {
            "year_quarter": 20151,
            "year": 2015,
            "quarter": 1,
            "eps": 0.57,
            "eps_growth_year": -49.56,
            "eps_4q": 2.27,
            "eps_4q_growth_year": -35.69,
            "roe": 1.26,
            "roe_4q": 5.17,
            "gross_profit": 5571879,
            "gross_margin": 11.68,
            "gross_margin_4q_avg": 8.78,
            "net_income": 3643685,
            "net_income_4q": null,
            "revenue": 47697112,
            "revenue_4q": null,
            "common_shares": 63657408,
            "book_valuer_per_share": 45.82,
            "book_valuer_per_share_4q_avg": 44.44,
            "equity": 291668646,
            "current_ratio": 342.04,
            "debt_ratio": 33.03,
            "inventory_turnover_ratio": 2.01,
            "account_receivable_turnover_ratio": 3.79,
            "reinvestment_rate": 58.22,
            "research_to_sale_ratio": 0.42,
            "price_fair": 126.23,
            "eps_avg_yearly": 3.61,
            "eps_latest_yearly": 4.76,
            "eps_growth_yearly": 175.8
        },
        "20152": {
            "year_quarter": 20152,
            "year": 2015,
            "quarter": 2,
            "eps": 1.71,
            "eps_growth_year": 189.83,
            "eps_4q": 3.38,
            "eps_4q_growth_year": -6.8,
            "roe": 3.8,
            "roe_4q": 7.59,
            "gross_profit": 6058439,
            "gross_margin": 11.88,
            "gross_margin_4q_avg": 9.99,
            "net_income": 10861107,
            "net_income_4q": null,
            "revenue": 51007365,
            "revenue_4q": null,
            "common_shares": 63657408,
            "book_valuer_per_share": 44.08,
            "book_valuer_per_share_4q_avg": 44.48,
            "equity": 280577028,
            "current_ratio": 240.11,
            "debt_ratio": 35,
            "inventory_turnover_ratio": 2.35,
            "account_receivable_turnover_ratio": 4.13,
            "reinvestment_rate": 59.51,
            "research_to_sale_ratio": 0.38,
            "price_fair": 125.18,
            "eps_avg_yearly": 3.58,
            "eps_latest_yearly": 6.84,
            "eps_growth_yearly": 251.51
        },
        "20153": {
            "year_quarter": 20153,
            "year": 2015,
            "quarter": 3,
            "eps": 1.65,
            "eps_growth_year": 38.66,
            "eps_4q": 3.85,
            "eps_4q_growth_year": 1.7,
            "roe": 3.81,
            "roe_4q": 8.69,
            "gross_profit": 5434233,
            "gross_margin": 11.56,
            "gross_margin_4q_avg": 11,
            "net_income": 10530079,
            "net_income_4q": null,
            "revenue": 46995229,
            "revenue_4q": null,
            "common_shares": 63657408,
            "book_valuer_per_share": 42.78,
            "book_valuer_per_share_4q_avg": 44.4,
            "equity": 272307088,
            "current_ratio": 234.74,
            "debt_ratio": 35.51,
            "inventory_turnover_ratio": 2.21,
            "account_receivable_turnover_ratio": 3.79,
            "reinvestment_rate": 75.04,
            "research_to_sale_ratio": 0.45,
            "price_fair": 127.75,
            "eps_avg_yearly": 3.65,
            "eps_latest_yearly": 6.6,
            "eps_growth_yearly": 257.19
        },
        "20154": {
            "year_quarter": 20154,
            "year": 2015,
            "quarter": 4,
            "eps": 0.92,
            "eps_growth_year": null,
            "eps_4q": 4.85,
            "eps_4q_growth_year": 71.6,
            "roe": 2.09,
            "roe_4q": 10.959999999999999,
            "gross_profit": 4760558,
            "gross_margin": 10.38,
            "gross_margin_4q_avg": 11.38,
            "net_income": 5842398,
            "net_income_4q": null,
            "revenue": 45845689,
            "revenue_4q": null,
            "common_shares": 63657408,
            "book_valuer_per_share": 45.15,
            "book_valuer_per_share_4q_avg": 44.46,
            "equity": 287434904,
            "current_ratio": 249.83,
            "debt_ratio": 32.13,
            "inventory_turnover_ratio": 2.34,
            "account_receivable_turnover_ratio": 3.81,
            "reinvestment_rate": 72.41,
            "research_to_sale_ratio": 0.54,
            "price_fair": 136.97,
            "eps_avg_yearly": 3.91,
            "eps_latest_yearly": 3.68,
            "eps_growth_yearly": 272.75
        },
        "20161": {
            "year_quarter": 20161,
            "year": 2016,
            "quarter": 1,
            "eps": 0.9,
            "eps_growth_year": 57.89,
            "eps_4q": 5.18,
            "eps_4q_growth_year": 128.41,
            "roe": 1.96,
            "roe_4q": 11.66,
            "gross_profit": 5448852,
            "gross_margin": 12.74,
            "gross_margin_4q_avg": 11.64,
            "net_income": 5712824,
            "net_income_4q": null,
            "revenue": 42782369,
            "revenue_4q": null,
            "common_shares": 63657408,
            "book_valuer_per_share": 46.38,
            "book_valuer_per_share_4q_avg": 44.6,
            "equity": 295251064,
            "current_ratio": 241.76,
            "debt_ratio": 32.62,
            "inventory_turnover_ratio": 2.22,
            "account_receivable_turnover_ratio": 3.65,
            "reinvestment_rate": 68.22,
            "research_to_sale_ratio": 0.41,
            "price_fair": 138.25,
            "eps_avg_yearly": 3.95,
            "eps_latest_yearly": 3.6,
            "eps_growth_yearly": 102.79
        },
        "20162": {
            "year_quarter": 20162,
            "year": 2016,
            "quarter": 2,
            "eps": 1.6,
            "eps_growth_year": -6.43,
            "eps_4q": 5.08,
            "eps_4q_growth_year": 50.15,
            "roe": 3.58,
            "roe_4q": 11.44,
            "gross_profit": 5609345,
            "gross_margin": 12.52,
            "gross_margin_4q_avg": 11.8,
            "net_income": 10228536,
            "net_income_4q": null,
            "revenue": 44799034,
            "revenue_4q": null,
            "common_shares": 63657408,
            "book_valuer_per_share": 43.35,
            "book_valuer_per_share_4q_avg": 44.42,
            "equity": 275971399,
            "current_ratio": 167.77,
            "debt_ratio": 36.38,
            "inventory_turnover_ratio": 2.28,
            "account_receivable_turnover_ratio": 3.78,
            "reinvestment_rate": 69.1,
            "research_to_sale_ratio": 0.4,
            "price_fair": 144.85,
            "eps_avg_yearly": 4.14,
            "eps_latest_yearly": 6.4,
            "eps_growth_yearly": 118.81
        },
        "20163": {
            "year_quarter": 20163,
            "year": 2016,
            "quarter": 3,
            "eps": 1.79,
            "eps_growth_year": 8.48,
            "eps_4q": 5.21,
            "eps_4q_growth_year": 35.24,
            "roe": 4.06,
            "roe_4q": 11.69,
            "gross_profit": 4571887,
            "gross_margin": 10.85,
            "gross_margin_4q_avg": 11.62,
            "net_income": 11395381,
            "net_income_4q": null,
            "revenue": 42144696,
            "revenue_4q": null,
            "common_shares": 63657408,
            "book_valuer_per_share": 44.91,
            "book_valuer_per_share_4q_avg": 44.95,
            "equity": 285896006,
            "current_ratio": 212.6,
            "debt_ratio": 32.2,
            "inventory_turnover_ratio": 2.17,
            "account_receivable_turnover_ratio": 3.84,
            "reinvestment_rate": 59.97,
            "research_to_sale_ratio": 0.49,
            "price_fair": 152.4,
            "eps_avg_yearly": 4.35,
            "eps_latest_yearly": 7.16,
            "eps_growth_yearly": 113.72
        },
        "20164": {
            "year_quarter": 20164,
            "year": 2016,
            "quarter": 4,
            "eps": 1.89,
            "eps_growth_year": 106.35,
            "eps_4q": 6.19,
            "eps_4q_growth_year": 27.58,
            "roe": 4.03,
            "roe_4q": 13.629999999999999,
            "gross_profit": 8669112,
            "gross_margin": 17.18,
            "gross_margin_4q_avg": 13.32,
            "net_income": 12055802,
            "net_income_4q": null,
            "revenue": 50447093,
            "revenue_4q": null,
            "common_shares": 63657408,
            "book_valuer_per_share": 49.18,
            "book_valuer_per_share_4q_avg": 45.96,
            "equity": 313070487,
            "current_ratio": 215.47,
            "debt_ratio": 31.29,
            "inventory_turnover_ratio": 2.45,
            "account_receivable_turnover_ratio": 4.21,
            "reinvestment_rate": 58.02,
            "research_to_sale_ratio": 0.45,
            "price_fair": 166.6,
            "eps_avg_yearly": 4.76,
            "eps_latest_yearly": 7.56,
            "eps_growth_yearly": 133.71
        },
        "20171": {
            "year_quarter": 20171,
            "year": 2017,
            "quarter": 1,
            "eps": 1.55,
            "eps_growth_year": 72.22,
            "eps_4q": 6.84,
            "eps_4q_growth_year": 32.24,
            "roe": 3.14,
            "roe_4q": 14.81,
            "gross_profit": 8056649,
            "gross_margin": 16.86,
            "gross_margin_4q_avg": 14.35,
            "net_income": 9889887,
            "net_income_4q": null,
            "revenue": 47795996,
            "revenue_4q": null,
            "common_shares": 63657408,
            "book_valuer_per_share": 49.83,
            "book_valuer_per_share_4q_avg": 46.82,
            "equity": 317231741,
            "current_ratio": 213.67,
            "debt_ratio": 30.96,
            "inventory_turnover_ratio": 2.15,
            "account_receivable_turnover_ratio": 3.49,
            "reinvestment_rate": 43.39,
            "research_to_sale_ratio": 0.41,
            "price_fair": 173.1,
            "eps_avg_yearly": 4.95,
            "eps_latest_yearly": 6.2,
            "eps_growth_yearly": 102.44
        },
        "20172": {
            "year_quarter": 20172,
            "year": 2017,
            "quarter": 2,
            "eps": 1.53,
            "eps_growth_year": -4.38,
            "eps_4q": 6.76,
            "eps_4q_growth_year": 33.23,
            "roe": 3.12,
            "roe_4q": 14.349999999999998,
            "gross_profit": 8329879,
            "gross_margin": 15.91,
            "gross_margin_4q_avg": 15.2,
            "net_income": 9711580,
            "net_income_4q": null,
            "revenue": 52365519,
            "revenue_4q": null,
            "common_shares": 63657408,
            "book_valuer_per_share": 47.9,
            "book_valuer_per_share_4q_avg": 47.96,
            "equity": 304942727,
            "current_ratio": 205.57,
            "debt_ratio": 34,
            "inventory_turnover_ratio": 2.33,
            "account_receivable_turnover_ratio": 3.74,
            "reinvestment_rate": 17.33,
            "research_to_sale_ratio": 0.39,
            "price_fair": 183.5,
            "eps_avg_yearly": 5.24,
            "eps_latest_yearly": 6.12,
            "eps_growth_yearly": 115.08
        },
        "20173": {
            "year_quarter": 20173,
            "year": 2017,
            "quarter": 3,
            "eps": 2.66,
            "eps_growth_year": 48.6,
            "eps_4q": 7.63,
            "eps_4q_growth_year": 46.43,
            "roe": 5.28,
            "roe_4q": 15.57,
            "gross_profit": 8625579,
            "gross_margin": 16.13,
            "gross_margin_4q_avg": 16.52,
            "net_income": 16926871,
            "net_income_4q": null,
            "revenue": 53480325,
            "revenue_4q": null,
            "common_shares": 63657408,
            "book_valuer_per_share": 52.73,
            "book_valuer_per_share_4q_avg": 49.91,
            "equity": 335652005,
            "current_ratio": 263.09,
            "debt_ratio": 28.32,
            "inventory_turnover_ratio": 2.71,
            "account_receivable_turnover_ratio": 3.63,
            "reinvestment_rate": 24.11,
            "research_to_sale_ratio": 0.47,
            "price_fair": 199.9,
            "eps_avg_yearly": 5.71,
            "eps_latest_yearly": 10.64,
            "eps_growth_yearly": 105.28
        },
        "20174": {
            "year_quarter": 20174,
            "year": 2017,
            "quarter": 4,
            "eps": 2.02,
            "eps_growth_year": 6.63,
            "eps_4q": 7.76,
            "eps_4q_growth_year": 25.36,
            "roe": 3.78,
            "roe_4q": 15.32,
            "gross_profit": 8457069,
            "gross_margin": 15.94,
            "gross_margin_4q_avg": 16.21,
            "net_income": 12854515,
            "net_income_4q": null,
            "revenue": 53067915,
            "revenue_4q": null,
            "common_shares": 63657408,
            "book_valuer_per_share": 54.2,
            "book_valuer_per_share_4q_avg": 51.17,
            "equity": 345010166,
            "current_ratio": 258.46,
            "debt_ratio": 27.53,
            "inventory_turnover_ratio": 2.73,
            "account_receivable_turnover_ratio": 3.42,
            "reinvestment_rate": 22.84,
            "research_to_sale_ratio": 0.6,
            "price_fair": 211.3,
            "eps_avg_yearly": 6.04,
            "eps_latest_yearly": 8.08,
            "eps_growth_yearly": 102.33
        },
        "20181": {
            "year_quarter": 20181,
            "year": 2018,
            "quarter": 1,
            "eps": 1.87,
            "eps_growth_year": 20.65,
            "eps_4q": 8.07,
            "eps_4q_growth_year": 17.92,
            "roe": 3.28,
            "roe_4q": 15.46,
            "gross_profit": 9349215,
            "gross_margin": 17.26,
            "gross_margin_4q_avg": 16.31,
            "net_income": 11883321,
            "net_income_4q": null,
            "revenue": 54167368,
            "revenue_4q": null,
            "common_shares": 63657408,
            "book_valuer_per_share": 59.62,
            "book_valuer_per_share_4q_avg": 53.61,
            "equity": 379537450,
            "current_ratio": 270.21,
            "debt_ratio": 25.97,
            "inventory_turnover_ratio": 2.4,
            "account_receivable_turnover_ratio": 3.3,
            "reinvestment_rate": 13.72,
            "research_to_sale_ratio": 0.39,
            "price_fair": 218.7,
            "eps_avg_yearly": 6.25,
            "eps_latest_yearly": 7.48,
            "eps_growth_yearly": 92.09
        },
        "20182": {
            "year_quarter": 20182,
            "year": 2018,
            "quarter": 2,
            "eps": 2.69,
            "eps_growth_year": 75.82,
            "eps_4q": 9.24,
            "eps_4q_growth_year": 36.62,
            "roe": 4.58,
            "roe_4q": 16.919999999999998,
            "gross_profit": 11519360,
            "gross_margin": 18.44,
            "gross_margin_4q_avg": 16.94,
            "net_income": 17154461,
            "net_income_4q": null,
            "revenue": 62476083,
            "revenue_4q": null,
            "common_shares": 63657408,
            "book_valuer_per_share": 57.94,
            "book_valuer_per_share_4q_avg": 56.12,
            "equity": 368836750,
            "current_ratio": 195.21,
            "debt_ratio": 32.18,
            "inventory_turnover_ratio": 2.59,
            "account_receivable_turnover_ratio": 3.57,
            "reinvestment_rate": 9.11,
            "research_to_sale_ratio": 0.38,
            "price_fair": 239.7,
            "eps_avg_yearly": 6.85,
            "eps_latest_yearly": 10.76,
            "eps_growth_yearly": 118.27
        },
        "20183": {
            "year_quarter": 20183,
            "year": 2018,
            "quarter": 3,
            "eps": 2.86,
            "eps_growth_year": 7.52,
            "eps_4q": 9.44,
            "eps_4q_growth_year": 23.65,
            "roe": 4.94,
            "roe_4q": 16.58,
            "gross_profit": 8436760,
            "gross_margin": 14.7,
            "gross_margin_4q_avg": 16.59,
            "net_income": 18180157,
            "net_income_4q": null,
            "revenue": 57374129,
            "revenue_4q": null,
            "common_shares": 63657408,
            "book_valuer_per_share": 57.79,
            "book_valuer_per_share_4q_avg": 57.39,
            "equity": 367856590,
            "current_ratio": 240.59,
            "debt_ratio": 28.91,
            "inventory_turnover_ratio": 2.42,
            "account_receivable_turnover_ratio": 3.33,
            "reinvestment_rate": 10.8,
            "research_to_sale_ratio": 0.46,
            "price_fair": 256.4,
            "eps_avg_yearly": 7.33,
            "eps_latest_yearly": 11.44,
            "eps_growth_yearly": 91.02
        },
        "20184": {
            "year_quarter": 20184,
            "year": 2018,
            "quarter": 4,
            "eps": 0.37,
            "eps_growth_year": -81.86,
            "eps_4q": 7.78,
            "eps_4q_growth_year": 0.34,
            "roe": 0.64,
            "roe_4q": 13.44,
            "gross_profit": 8002733,
            "gross_margin": 14.2,
            "gross_margin_4q_avg": 16.15,
            "net_income": 2331601,
            "net_income_4q": null,
            "revenue": 56352447,
            "revenue_4q": null,
            "common_shares": 63657408,
            "book_valuer_per_share": 55.86,
            "book_valuer_per_share_4q_avg": 57.8,
            "equity": 355568001,
            "current_ratio": 221.87,
            "debt_ratio": 29.1,
            "inventory_turnover_ratio": 2.33,
            "account_receivable_turnover_ratio": 3.47,
            "reinvestment_rate": 13.49,
            "research_to_sale_ratio": 0.76,
            "price_fair": 242.76,
            "eps_avg_yearly": 6.94,
            "eps_latest_yearly": 1.48,
            "eps_growth_yearly": 61.74
        },
        "20191": {
            "year_quarter": 20191,
            "year": 2019,
            "quarter": 1,
            "eps": 1.28,
            "eps_growth_year": -31.55,
            "eps_4q": 7.2,
            "eps_4q_growth_year": -10.84,
            "roe": 2.23,
            "roe_4q": 12.39,
            "gross_profit": 8147624,
            "gross_margin": 15.37,
            "gross_margin_4q_avg": 15.68,
            "net_income": 8140675,
            "net_income_4q": null,
            "revenue": 53012075,
            "revenue_4q": null,
            "common_shares": 63657408,
            "book_valuer_per_share": 58.73,
            "book_valuer_per_share_4q_avg": 57.58,
            "equity": 373884903,
            "current_ratio": 295.47,
            "debt_ratio": 27.32,
            "inventory_turnover_ratio": 2.33,
            "account_receivable_turnover_ratio": 3.38,
            "reinvestment_rate": 18.65,
            "research_to_sale_ratio": 0.55,
            "price_fair": 238.79,
            "eps_avg_yearly": 6.82,
            "eps_latest_yearly": 5.12,
            "eps_growth_yearly": 119.36
        },
        "20192": {
            "year_quarter": 20192,
            "year": 2019,
            "quarter": 2,
            "eps": 1.63,
            "eps_growth_year": -39.41,
            "eps_4q": 6.13,
            "eps_4q_growth_year": -33.68,
            "roe": 2.88,
            "roe_4q": 10.69,
            "gross_profit": 10619690,
            "gross_margin": 18.77,
            "gross_margin_4q_avg": 15.76,
            "net_income": 10356299,
            "net_income_4q": null,
            "revenue": 56569288,
            "revenue_4q": null,
            "common_shares": 63657408,
            "book_valuer_per_share": 54.14,
            "book_valuer_per_share_4q_avg": 56.63,
            "equity": 344626906,
            "current_ratio": 208.18,
            "debt_ratio": 33.41,
            "inventory_turnover_ratio": 2.53,
            "account_receivable_turnover_ratio": 3.57,
            "reinvestment_rate": 14.38,
            "research_to_sale_ratio": 0.58,
            "price_fair": 238.09,
            "eps_avg_yearly": 6.8,
            "eps_latest_yearly": 6.52,
            "eps_growth_yearly": 76.2
        },
        "20193": {
            "year_quarter": 20193,
            "year": 2019,
            "quarter": 3,
            "eps": 2.46,
            "eps_growth_year": -13.99,
            "eps_4q": 5.73,
            "eps_4q_growth_year": -39.23,
            "roe": 4.51,
            "roe_4q": 10.26,
            "gross_profit": 7752102,
            "gross_margin": 15.59,
            "gross_margin_4q_avg": 15.98,
            "net_income": 15676708,
            "net_income_4q": null,
            "revenue": 49715497,
            "revenue_4q": null,
            "common_shares": 63657408,
            "book_valuer_per_share": 55.08,
            "book_valuer_per_share_4q_avg": 55.95,
            "equity": 350650005,
            "current_ratio": 264.91,
            "debt_ratio": 28.88,
            "inventory_turnover_ratio": 2.31,
            "account_receivable_turnover_ratio": 3.31,
            "reinvestment_rate": 16.42,
            "research_to_sale_ratio": 0.58,
            "price_fair": 245.18,
            "eps_avg_yearly": 7.01,
            "eps_latest_yearly": 9.84,
            "eps_growth_yearly": 89.81
        },
        "20194": {
            "year_quarter": 20194,
            "year": 2019,
            "quarter": 4,
            "eps": 0.49,
            "eps_growth_year": 35.12,
            "eps_4q": 5.86,
            "eps_4q_growth_year": -24.67,
            "roe": 0.9,
            "roe_4q": 10.52,
            "gross_profit": 5594534,
            "gross_margin": 11.52,
            "gross_margin_4q_avg": 15.31,
            "net_income": 3150480,
            "net_income_4q": null,
            "revenue": 48551712,
            "revenue_4q": null,
            "common_shares": 63657408,
            "book_valuer_per_share": 54.85,
            "book_valuer_per_share_4q_avg": 55.7,
            "equity": 349153320,
            "current_ratio": 196.7,
            "debt_ratio": 29.76,
            "inventory_turnover_ratio": 2.38,
            "account_receivable_turnover_ratio": 3.58,
            "reinvestment_rate": 13.56,
            "research_to_sale_ratio": 0.69,
            "price_fair": 241.41,
            "eps_avg_yearly": 6.9,
            "eps_latest_yearly": 1.96,
            "eps_growth_yearly": 80.85
        },
        "20201": {
            "year_quarter": 20201,
            "year": 2020,
            "quarter": 1,
            "eps": -0.06,
            "eps_growth_year": -104.69,
            "eps_4q": 4.52,
            "eps_4q_growth_year": -37.15,
            "roe": -0.12,
            "roe_4q": 8.17,
            "gross_profit": 5302769,
            "gross_margin": 12.62,
            "gross_margin_4q_avg": 14.63,
            "net_income": -393664,
            "net_income_4q": null,
            "revenue": 42019180,
            "revenue_4q": null,
            "common_shares": 63657408,
            "book_valuer_per_share": 48.89,
            "book_valuer_per_share_4q_avg": 53.24,
            "equity": 311221937,
            "current_ratio": 167,
            "debt_ratio": 32.37,
            "inventory_turnover_ratio": 1.95,
            "account_receivable_turnover_ratio": 3.22,
            "reinvestment_rate": 7.77,
            "research_to_sale_ratio": 0.76,
            "price_fair": 249.11,
            "eps_avg_yearly": 7.12,
            "eps_latest_yearly": 1.96,
            "eps_growth_yearly": 86.82
        },
        "20202": {
            "year_quarter": 20202,
            "year": 2020,
            "quarter": 2,
            "eps": -0.1,
            "eps_growth_year": -106.14,
            "eps_4q": 2.8,
            "eps_4q_growth_year": -54.36,
            "roe": -0.21,
            "roe_4q": 5.08,
            "gross_profit": 5282406,
            "gross_margin": 12.29,
            "gross_margin_4q_avg": 13.01,
            "net_income": -630649,
            "net_income_4q": null,
            "revenue": 42984102,
            "revenue_4q": null,
            "common_shares": 63657408,
            "book_valuer_per_share": 45.6,
            "book_valuer_per_share_4q_avg": 51.11,
            "equity": 290295792,
            "current_ratio": 151.98,
            "debt_ratio": 37.96,
            "inventory_turnover_ratio": 2.16,
            "account_receivable_turnover_ratio": 3.38,
            "reinvestment_rate": -2.06,
            "research_to_sale_ratio": 0.84,
            "price_fair": 250.9,
            "eps_avg_yearly": 7.17,
            "eps_latest_yearly": 1.96,
            "eps_growth_yearly": 70.8
        },
        "20203": {
            "year_quarter": 20203,
            "year": 2020,
            "quarter": 3,
            "eps": 1.63,
            "eps_growth_year": -33.74,
            "eps_4q": 1.96,
            "eps_4q_growth_year": -65.82,
            "roe": 3.55,
            "roe_4q": 4.12,
            "gross_profit": 6418005,
            "gross_margin": 13.9,
            "gross_margin_4q_avg": 12.58,
            "net_income": 10350775,
            "net_income_4q": null,
            "revenue": 46174862,
            "revenue_4q": null,
            "common_shares": 63657408,
            "book_valuer_per_share": 45.97,
            "book_valuer_per_share_4q_avg": 48.83,
            "equity": 292635462,
            "current_ratio": 200.31,
            "debt_ratio": 33.86,
            "inventory_turnover_ratio": 2.62,
            "account_receivable_turnover_ratio": 3.57,
            "reinvestment_rate": 6.78,
            "research_to_sale_ratio": 0.75,
            "price_fair": 250.92,
            "eps_avg_yearly": 7.17,
            "eps_latest_yearly": 1.96,
            "eps_growth_yearly": 72.59
        },
        "20204": {
            "year_quarter": 20204,
            "year": 2020,
            "quarter": 4,
            "eps": 1.68,
            "eps_growth_year": 239.94,
            "eps_4q": 3.15,
            "eps_4q_growth_year": -46.32,
            "roe": 3.43,
            "roe_4q": 6.65,
            "gross_profit": 12051104,
            "gross_margin": 22.06,
            "gross_margin_4q_avg": 15.22,
            "net_income": 10709737,
            "net_income_4q": null,
            "revenue": 54635261,
            "revenue_4q": null,
            "common_shares": 63657408,
            "book_valuer_per_share": 52.24,
            "book_valuer_per_share_4q_avg": 48.18,
            "equity": 332536140,
            "current_ratio": 242.67,
            "debt_ratio": 30.62,
            "inventory_turnover_ratio": 2.7,
            "account_receivable_turnover_ratio": 3.77,
            "reinvestment_rate": 5.11,
            "research_to_sale_ratio": 0.08,
            "price_fair": 248.66,
            "eps_avg_yearly": 7.1,
            "eps_latest_yearly": 6.72,
            "eps_growth_yearly": 71.81
        },
        "20211": {
            "year_quarter": 20211,
            "year": 2021,
            "quarter": 1,
            "eps": 2.35,
            "eps_growth_year": null,
            "eps_4q": 5.56,
            "eps_4q_growth_year": 22.92,
            "roe": 4.33,
            "roe_4q": 11.099999999999998,
            "gross_profit": 16558906,
            "gross_margin": 27.32,
            "gross_margin_4q_avg": 18.89,
            "net_income": 14959942,
            "net_income_4q": null,
            "revenue": 60601937,
            "revenue_4q": null,
            "common_shares": 63657408,
            "book_valuer_per_share": 56.42,
            "book_valuer_per_share_4q_avg": 50.06,
            "equity": 359157335,
            "current_ratio": 257.36,
            "debt_ratio": 29.57,
            "inventory_turnover_ratio": 2.47,
            "account_receivable_turnover_ratio": 3.35,
            "reinvestment_rate": 11.71,
            "research_to_sale_ratio": 0.57,
            "price_fair": 257.28,
            "eps_avg_yearly": 7.35,
            "eps_latest_yearly": 9.4,
            "eps_growth_yearly": 89.62
        },
        "20212": {
            "year_quarter": 20212,
            "year": 2021,
            "quarter": 2,
            "eps": 3.18,
            "eps_growth_year": null,
            "eps_4q": 8.84,
            "eps_4q_growth_year": 215.97,
            "roe": 5.64,
            "roe_4q": 16.95,
            "gross_profit": 22122132,
            "gross_margin": 30.87,
            "gross_margin_4q_avg": 23.54,
            "net_income": 20230701,
            "net_income_4q": null,
            "revenue": 71652909,
            "revenue_4q": null,
            "common_shares": 63657408,
            "book_valuer_per_share": 56.29,
            "book_valuer_per_share_4q_avg": 52.73,
            "equity": 358327817,
            "current_ratio": 228.01,
            "debt_ratio": 30.19,
            "inventory_turnover_ratio": 2.51,
            "account_receivable_turnover_ratio": 3.41,
            "reinvestment_rate": 18.32,
            "research_to_sale_ratio": 0.5,
            "price_fair": 275.05,
            "eps_avg_yearly": 7.86,
            "eps_latest_yearly": 12.72,
            "eps_growth_yearly": 100.88
        },
        "20213": {
            "year_quarter": 20213,
            "year": 2021,
            "quarter": 3,
            "eps": 3.03,
            "eps_growth_year": 85.89,
            "eps_4q": 10.24,
            "eps_4q_growth_year": 422.69,
            "roe": 5.2,
            "roe_4q": 18.6,
            "gross_profit": 16901245,
            "gross_margin": 25.25,
            "gross_margin_4q_avg": 26.38,
            "net_income": 19315118,
            "net_income_4q": null,
            "revenue": 66936398,
            "revenue_4q": null,
            "common_shares": 63657408,
            "book_valuer_per_share": 60.37,
            "book_valuer_per_share_4q_avg": 56.33,
            "equity": 384292883,
            "current_ratio": 302.01,
            "debt_ratio": 27.02,
            "inventory_turnover_ratio": 2.4,
            "account_receivable_turnover_ratio": 3.07,
            "reinvestment_rate": 17.34,
            "research_to_sale_ratio": 0.71,
            "price_fair": 279.03,
            "eps_avg_yearly": 7.97,
            "eps_latest_yearly": 12.12,
            "eps_growth_yearly": 76.71
        },
        "20214": {
            "year_quarter": 20214,
            "year": 2021,
            "quarter": 4,
            "eps": 2.65,
            "eps_growth_year": 57.33,
            "eps_4q": 11.21,
            "eps_4q_growth_year": 256.13,
            "roe": 4.28,
            "roe_4q": 19.450000000000003,
            "gross_profit": 20578621,
            "gross_margin": 27.66,
            "gross_margin_4q_avg": 27.78,
            "net_income": 16849550,
            "net_income_4q": null,
            "revenue": 74407057,
            "revenue_4q": null,
            "common_shares": 63657408,
            "book_valuer_per_share": 63.34,
            "book_valuer_per_share_4q_avg": 59.11,
            "equity": 403190274,
            "current_ratio": 253.9,
            "debt_ratio": 25.84,
            "inventory_turnover_ratio": 2.35,
            "account_receivable_turnover_ratio": 3.14,
            "reinvestment_rate": 19.24,
            "research_to_sale_ratio": 0.72,
            "price_fair": 285.82,
            "eps_avg_yearly": 8.17,
            "eps_latest_yearly": 10.6,
            "eps_growth_yearly": 80.25
        },
        "20221": {
            "year_quarter": 20221,
            "year": 2022,
            "quarter": 1,
            "eps": 2.6,
            "eps_growth_year": 10.64,
            "eps_4q": 11.46,
            "eps_4q_growth_year": 106.19,
            "roe": 3.99,
            "roe_4q": 19.11,
            "gross_profit": 17542296,
            "gross_margin": 24.71,
            "gross_margin_4q_avg": 27.12,
            "net_income": 16574021,
            "net_income_4q": null,
            "revenue": 71003763,
            "revenue_4q": null,
            "common_shares": 63657408,
            "book_valuer_per_share": 67.25,
            "book_valuer_per_share_4q_avg": 61.81,
            "equity": 428067312,
            "current_ratio": 281.34,
            "debt_ratio": 24.35,
            "inventory_turnover_ratio": 2.24,
            "account_receivable_turnover_ratio": 2.78,
            "reinvestment_rate": 29.5,
            "research_to_sale_ratio": 0.63,
            "price_fair": 293.68,
            "eps_avg_yearly": 8.39,
            "eps_latest_yearly": 10.4,
            "eps_growth_yearly": 81.96
        },
        "20222": {
            "year_quarter": 20222,
            "year": 2022,
            "quarter": 2,
            "eps": 3.33,
            "eps_growth_year": 4.72,
            "eps_4q": 11.62,
            "eps_4q_growth_year": 31.45,
            "roe": 5.28,
            "roe_4q": 18.75,
            "gross_profit": 19417723,
            "gross_margin": 26.27,
            "gross_margin_4q_avg": 25.97,
            "net_income": 21201728,
            "net_income_4q": null,
            "revenue": 73924373,
            "revenue_4q": null,
            "common_shares": 63657408,
            "book_valuer_per_share": 59.01,
            "book_valuer_per_share_4q_avg": 62.49,
            "equity": 375616949,
            "current_ratio": 164.68,
            "debt_ratio": 31.79,
            "inventory_turnover_ratio": 2.19,
            "account_receivable_turnover_ratio": 2.91,
            "reinvestment_rate": 19.85,
            "research_to_sale_ratio": 0.59,
            "price_fair": 300.57,
            "eps_avg_yearly": 8.59,
            "eps_latest_yearly": 13.32,
            "eps_growth_yearly": 77.1
        },
        "20223": {
            "year_quarter": 20223,
            "year": 2022,
            "quarter": 3,
            "eps": 0.9,
            "eps_growth_year": -70.3,
            "eps_4q": 9.49,
            "eps_4q_growth_year": -7.41,
            "roe": 1.55,
            "roe_4q": 15.100000000000001,
            "gross_profit": 4297582,
            "gross_margin": 7.72,
            "gross_margin_4q_avg": 21.59,
            "net_income": 5760357,
            "net_income_4q": null,
            "revenue": 55653136,
            "revenue_4q": null,
            "common_shares": 63657408,
            "book_valuer_per_share": 57.9,
            "book_valuer_per_share_4q_avg": 61.88,
            "equity": 368569908,
            "current_ratio": 173.82,
            "debt_ratio": 29.5,
            "inventory_turnover_ratio": 2.03,
            "account_receivable_turnover_ratio": 2.58,
            "reinvestment_rate": 26.32,
            "research_to_sale_ratio": 1.16,
            "price_fair": 279.46,
            "eps_avg_yearly": 7.98,
            "eps_latest_yearly": 3.6,
            "eps_growth_yearly": 52.71
        },
        "20224": {
            "year_quarter": 20224,
            "year": 2022,
            "quarter": 4,
            "eps": -1.16,
            "eps_growth_year": -143.88,
            "eps_4q": 5.68,
            "eps_4q_growth_year": -49.35,
            "roe": -2.04,
            "roe_4q": 8.780000000000001,
            "gross_profit": 1301143,
            "gross_margin": 2.55,
            "gross_margin_4q_avg": 15.31,
            "net_income": -7393238,
            "net_income_4q": null,
            "revenue": 51066082,
            "revenue_4q": null,
            "common_shares": 63657408,
            "book_valuer_per_share": 56.19,
            "book_valuer_per_share_4q_avg": 60.09,
            "equity": 357684863,
            "current_ratio": 167.76,
            "debt_ratio": 30.04,
            "inventory_turnover_ratio": 2.14,
            "account_receivable_turnover_ratio": 3.03,
            "reinvestment_rate": 23.78,
            "research_to_sale_ratio": 0.7,
            "price_fair": 298.43,
            "eps_avg_yearly": 8.53,
            "eps_latest_yearly": 3.6,
            "eps_growth_yearly": 86.12
        },
        "20231": {
            "year_quarter": 20231,
            "year": 2023,
            "quarter": 1,
            "eps": 0.37,
            "eps_growth_year": -85.77,
            "eps_4q": 3.44,
            "eps_4q_growth_year": -69.97,
            "roe": 0.67,
            "roe_4q": 5.46,
            "gross_profit": 3466558,
            "gross_margin": 6.64,
            "gross_margin_4q_avg": 10.8,
            "net_income": 2342508,
            "net_income_4q": null,
            "revenue": 52213317,
            "revenue_4q": null,
            "common_shares": 63657408,
            "book_valuer_per_share": 54.03,
            "book_valuer_per_share_4q_avg": 56.78,
            "equity": 343953716,
            "current_ratio": 143.5,
            "debt_ratio": 34.54,
            "inventory_turnover_ratio": 2.14,
            "account_receivable_turnover_ratio": 3.33,
            "reinvestment_rate": 19.19,
            "research_to_sale_ratio": 1.65,
            "price_fair": 128.24,
            "eps_avg_yearly": 8.84,
            "eps_latest_yearly": 3.6,
            "eps_growth_yearly": 4.51
        },
        "20232": {
            "year_quarter": 20232,
            "year": 2023,
            "quarter": 2,
            "eps": 0.19,
            "eps_growth_year": -94.29,
            "eps_4q": 0.3,
            "eps_4q_growth_year": -97.38,
            "roe": 0.36,
            "roe_4q": 0.54,
            "gross_profit": 929180,
            "gross_margin": 1.92,
            "gross_margin_4q_avg": 4.71,
            "net_income": 1225054,
            "net_income_4q": null,
            "revenue": 48446828,
            "revenue_4q": null,
            "common_shares": 63657408,
            "book_valuer_per_share": 53.79,
            "book_valuer_per_share_4q_avg": 55.48,
            "equity": 342386292,
            "current_ratio": 148.39,
            "debt_ratio": 34.1,
            "inventory_turnover_ratio": 2.06,
            "account_receivable_turnover_ratio": 3.36,
            "reinvestment_rate": 25.89,
            "research_to_sale_ratio": 1.89,
            "price_fair": 24.94,
            "eps_avg_yearly": 8.31,
            "eps_latest_yearly": 0.76,
            "eps_growth_yearly": -23.12
        },
        "20233": {
            "year_quarter": 20233,
            "year": 2023,
            "quarter": 3,
            "eps": 1.05,
            "eps_growth_year": 16.67,
            "eps_4q": 0.45,
            "eps_4q_growth_year": -95.29,
            "roe": 1.93,
            "roe_4q": 0.9199999999999999,
            "gross_profit": 3663798,
            "gross_margin": 7.22,
            "gross_margin_4q_avg": 4.58,
            "net_income": 6671405,
            "net_income_4q": null,
            "revenue": 50735787,
            "revenue_4q": null,
            "common_shares": 63657408,
            "book_valuer_per_share": 54.95,
            "book_valuer_per_share_4q_avg": 54.74,
            "equity": 349788209,
            "current_ratio": 170.29,
            "debt_ratio": 32.97,
            "inventory_turnover_ratio": 2.14,
            "account_receivable_turnover_ratio": 3.74,
            "reinvestment_rate": 34.78,
            "research_to_sale_ratio": 1.78,
            "price_fair": 273,
            "eps_avg_yearly": 7.8,
            "eps_latest_yearly": 4.2,
            "eps_growth_yearly": 122.96
        },
        "20234": {
            "year_quarter": 20234,
            "year": 2023,
            "quarter": 4,
            "eps": -0.46,
            "eps_growth_year": null,
            "eps_4q": 1.15,
            "eps_4q_growth_year": -79.7,
            "roe": -0.83,
            "roe_4q": 2.13,
            "gross_profit": 1766922,
            "gross_margin": 3.7,
            "gross_margin_4q_avg": 4.87,
            "net_income": -2901258,
            "net_income_4q": null,
            "revenue": 47742845,
            "revenue_4q": null,
            "common_shares": 63657408,
            "book_valuer_per_share": 54.57,
            "book_valuer_per_share_4q_avg": 54.34,
            "equity": 347360145,
            "current_ratio": 154.84,
            "debt_ratio": 34.55,
            "inventory_turnover_ratio": 2.17,
            "account_receivable_turnover_ratio": 3.4,
            "reinvestment_rate": 34.78,
            "research_to_sale_ratio": -1.88,
            "price_fair": 293.44,
            "eps_avg_yearly": 8.38,
            "eps_latest_yearly": 4.2,
            "eps_growth_yearly": 167.28
        }
    },
    "months": {
        "2001-06": {
            "month": "2001-06",
            "price": "39.90",
            "revenue": 5312553
        },
        "2001-07": {
            "month": "2001-07",
            "price": "31.85",
            "revenue": 5469199
        },
        "2001-08": {
            "month": "2001-08",
            "price": "32.38",
            "revenue": 5622171
        },
        "2001-09": {
            "month": "2001-09",
            "price": "31.66",
            "revenue": 5281950
        },
        "2001-10": {
            "month": "2001-10",
            "price": "29.02",
            "revenue": 5032994
        },
        "2001-11": {
            "month": "2001-11",
            "price": "29.51",
            "revenue": 4238015
        },
        "2001-12": {
            "month": "2001-12",
            "price": "32.03",
            "revenue": 4260814
        },
        "2002-01": {
            "month": "2002-01",
            "price": "35.77",
            "revenue": 5380024
        },
        "2002-02": {
            "month": "2002-02",
            "price": "42.68",
            "revenue": 4037922
        },
        "2002-03": {
            "month": "2002-03",
            "price": "45.13",
            "revenue": 5807101
        },
        "2002-04": {
            "month": "2002-04",
            "price": "43.65",
            "revenue": 5959123
        },
        "2002-05": {
            "month": "2002-05",
            "price": "40.90",
            "revenue": 5306596
        },
        "2002-06": {
            "month": "2002-06",
            "price": "43.00",
            "revenue": 4950065
        },
        "2002-07": {
            "month": "2002-07",
            "price": "43.60",
            "revenue": 5559538
        },
        "2002-08": {
            "month": "2002-08",
            "price": "41.10",
            "revenue": 6048958
        },
        "2002-09": {
            "month": "2002-09",
            "price": "37.25",
            "revenue": 5205641
        },
        "2002-10": {
            "month": "2002-10",
            "price": "35.74",
            "revenue": 5278362
        },
        "2002-11": {
            "month": "2002-11",
            "price": "41.62",
            "revenue": 5964313
        },
        "2002-12": {
            "month": "2002-12",
            "price": "45.49",
            "revenue": 6213129
        },
        "2003-01": {
            "month": "2003-01",
            "price": "48.59",
            "revenue": 6490255
        },
        "2003-02": {
            "month": "2003-02",
            "price": "43.61",
            "revenue": 5657914
        },
        "2003-03": {
            "month": "2003-03",
            "price": "44.22",
            "revenue": 5664074
        },
        "2003-04": {
            "month": "2003-04",
            "price": "45.48",
            "revenue": 5536953
        },
        "2003-05": {
            "month": "2003-05",
            "price": "44.87",
            "revenue": 6634565
        },
        "2003-06": {
            "month": "2003-06",
            "price": "47.48",
            "revenue": 7141293
        },
        "2003-07": {
            "month": "2003-07",
            "price": "46.07",
            "revenue": 6937099
        },
        "2003-08": {
            "month": "2003-08",
            "price": "49.48",
            "revenue": 8138418
        },
        "2003-09": {
            "month": "2003-09",
            "price": "49.40",
            "revenue": 7600517
        },
        "2003-10": {
            "month": "2003-10",
            "price": "50.48",
            "revenue": 8124560
        },
        "2003-11": {
            "month": "2003-11",
            "price": "52.08",
            "revenue": 7952987
        },
        "2003-12": {
            "month": "2003-12",
            "price": "54.59",
            "revenue": 8589946
        },
        "2004-01": {
            "month": "2004-01",
            "price": "57.13",
            "revenue": 8518437
        },
        "2004-02": {
            "month": "2004-02",
            "price": "55.02",
            "revenue": 8311056
        },
        "2004-03": {
            "month": "2004-03",
            "price": "53.08",
            "revenue": 9631505
        },
        "2004-04": {
            "month": "2004-04",
            "price": "53.59",
            "revenue": 10058533
        },
        "2004-05": {
            "month": "2004-05",
            "price": "46.00",
            "revenue": 10328191
        },
        "2004-06": {
            "month": "2004-06",
            "price": "46.69",
            "revenue": 10243828
        },
        "2004-07": {
            "month": "2004-07",
            "price": "47.81",
            "revenue": 10132920
        },
        "2004-08": {
            "month": "2004-08",
            "price": "47.92",
            "revenue": 11204120
        },
        "2004-09": {
            "month": "2004-09",
            "price": "52.52",
            "revenue": 10892102
        },
        "2004-10": {
            "month": "2004-10",
            "price": "53.78",
            "revenue": 11637243
        },
        "2004-11": {
            "month": "2004-11",
            "price": "51.48",
            "revenue": 11166468
        },
        "2004-12": {
            "month": "2004-12",
            "price": "52.83",
            "revenue": 9814120
        },
        "2005-01": {
            "month": "2005-01",
            "price": "54.52",
            "revenue": 11436734
        },
        "2005-02": {
            "month": "2005-02",
            "price": "56.38",
            "revenue": 10021713
        },
        "2005-03": {
            "month": "2005-03",
            "price": "58.40",
            "revenue": 11676460
        },
        "2005-04": {
            "month": "2005-04",
            "price": "53.85",
            "revenue": 11083995
        },
        "2005-05": {
            "month": "2005-05",
            "price": "53.00",
            "revenue": 9937769
        },
        "2005-06": {
            "month": "2005-06",
            "price": "53.80",
            "revenue": 11416922
        },
        "2005-07": {
            "month": "2005-07",
            "price": "50.28",
            "revenue": 11051739
        },
        "2005-08": {
            "month": "2005-08",
            "price": "49.69",
            "revenue": 11886332
        },
        "2005-09": {
            "month": "2005-09",
            "price": "49.06",
            "revenue": 11575660
        },
        "2005-10": {
            "month": "2005-10",
            "price": "49.06",
            "revenue": 12148533
        },
        "2005-11": {
            "month": "2005-11",
            "price": "50.72",
            "revenue": 11518334
        },
        "2005-12": {
            "month": "2005-12",
            "price": "50.35",
            "revenue": 11964193
        },
        "2006-01": {
            "month": "2006-01",
            "price": "51.34",
            "revenue": 10743501
        },
        "2006-02": {
            "month": "2006-02",
            "price": "51.69",
            "revenue": 10680575
        },
        "2006-03": {
            "month": "2006-03",
            "price": "50.63",
            "revenue": 11208718
        },
        "2006-04": {
            "month": "2006-04",
            "price": "51.22",
            "revenue": 12428156
        },
        "2006-05": {
            "month": "2006-05",
            "price": "49.88",
            "revenue": 13113667
        },
        "2006-06": {
            "month": "2006-06",
            "price": "47.99",
            "revenue": 13283406
        },
        "2006-07": {
            "month": "2006-07",
            "price": "45.20",
            "revenue": 13185504
        },
        "2006-08": {
            "month": "2006-08",
            "price": "44.85",
            "revenue": 14175377
        },
        "2006-09": {
            "month": "2006-09",
            "price": "46.06",
            "revenue": 11759593
        },
        "2006-10": {
            "month": "2006-10",
            "price": "47.71",
            "revenue": 11095769
        },
        "2006-11": {
            "month": "2006-11",
            "price": "50.51",
            "revenue": 13142216
        },
        "2006-12": {
            "month": "2006-12",
            "price": "53.44",
            "revenue": 12641723
        },
        "2007-01": {
            "month": "2007-01",
            "price": "53.94",
            "revenue": 13067742
        },
        "2007-02": {
            "month": "2007-02",
            "price": "57.23",
            "revenue": 10156043
        },
        "2007-03": {
            "month": "2007-03",
            "price": "59.57",
            "revenue": 14233914
        },
        "2007-04": {
            "month": "2007-04",
            "price": "64.54",
            "revenue": 14203544
        },
        "2007-05": {
            "month": "2007-05",
            "price": "67.40",
            "revenue": 16288016
        },
        "2007-06": {
            "month": "2007-06",
            "price": "76.32",
            "revenue": 16076364
        },
        "2007-07": {
            "month": "2007-07",
            "price": "81.83",
            "revenue": 16267965
        },
        "2007-08": {
            "month": "2007-08",
            "price": "79.37",
            "revenue": 16522761
        },
        "2007-09": {
            "month": "2007-09",
            "price": "84.67",
            "revenue": 15418769
        },
        "2007-10": {
            "month": "2007-10",
            "price": "97.82",
            "revenue": 16084059
        },
        "2007-11": {
            "month": "2007-11",
            "price": "92.00",
            "revenue": 16335172
        },
        "2007-12": {
            "month": "2007-12",
            "price": "88.60",
            "revenue": 16952465
        },
        "2008-01": {
            "month": "2008-01",
            "price": "89.65",
            "revenue": 17494169
        },
        "2008-02": {
            "month": "2008-02",
            "price": "82.99",
            "revenue": 15923263
        },
        "2008-03": {
            "month": "2008-03",
            "price": "93.84",
            "revenue": 16279141
        },
        "2008-04": {
            "month": "2008-04",
            "price": "89.61",
            "revenue": 16987306
        },
        "2008-05": {
            "month": "2008-05",
            "price": "87.69",
            "revenue": 19388600
        },
        "2008-06": {
            "month": "2008-06",
            "price": "81.23",
            "revenue": 19040408
        },
        "2008-07": {
            "month": "2008-07",
            "price": "65.56",
            "revenue": 19636546
        },
        "2008-08": {
            "month": "2008-08",
            "price": "63.60",
            "revenue": 15078882
        },
        "2008-09": {
            "month": "2008-09",
            "price": "56.64",
            "revenue": 13449198
        },
        "2008-10": {
            "month": "2008-10",
            "price": "51.93",
            "revenue": 10722631
        },
        "2008-11": {
            "month": "2008-11",
            "price": "52.66",
            "revenue": 8365883
        },
        "2008-12": {
            "month": "2008-12",
            "price": "46.10",
            "revenue": 9676165
        },
        "2009-01": {
            "month": "2009-01",
            "price": "46.65",
            "revenue": 8797943
        },
        "2009-02": {
            "month": "2009-02",
            "price": "47.71",
            "revenue": 11120034
        },
        "2009-03": {
            "month": "2009-03",
            "price": "51.95",
            "revenue": 11508499
        },
        "2009-04": {
            "month": "2009-04",
            "price": "55.59",
            "revenue": 13015405
        },
        "2009-05": {
            "month": "2009-05",
            "price": "62.66",
            "revenue": 12157041
        },
        "2009-06": {
            "month": "2009-06",
            "price": "59.92",
            "revenue": 14607858
        },
        "2009-07": {
            "month": "2009-07",
            "price": "56.16",
            "revenue": 14729856
        },
        "2009-08": {
            "month": "2009-08",
            "price": "59.46",
            "revenue": 14174165
        },
        "2009-09": {
            "month": "2009-09",
            "price": "63.76",
            "revenue": 12675982
        },
        "2009-10": {
            "month": "2009-10",
            "price": "65.87",
            "revenue": 14136766
        },
        "2009-11": {
            "month": "2009-11",
            "price": "65.03",
            "revenue": 14461411
        },
        "2009-12": {
            "month": "2009-12",
            "price": "65.87",
            "revenue": 15584656
        },
        "2010-01": {
            "month": "2010-01",
            "price": "68.46",
            "revenue": 15990313
        },
        "2010-02": {
            "month": "2010-02",
            "price": "66.99",
            "revenue": 13298987
        },
        "2010-03": {
            "month": "2010-03",
            "price": "70.00",
            "revenue": 16925878
        },
        "2010-04": {
            "month": "2010-04",
            "price": "70.09",
            "revenue": 18372712
        },
        "2010-05": {
            "month": "2010-05",
            "price": "66.27",
            "revenue": 16918837
        },
        "2010-06": {
            "month": "2010-06",
            "price": "66.00",
            "revenue": 15070890
        },
        "2010-07": {
            "month": "2010-07",
            "price": "68.86",
            "revenue": 16086655
        },
        "2010-08": {
            "month": "2010-08",
            "price": "69.74",
            "revenue": 17978721
        },
        "2010-09": {
            "month": "2010-09",
            "price": "74.37",
            "revenue": 15551056
        },
        "2010-10": {
            "month": "2010-10",
            "price": "81.60",
            "revenue": 15194584
        },
        "2010-11": {
            "month": "2010-11",
            "price": "90.90",
            "revenue": 16540521
        },
        "2010-12": {
            "month": "2010-12",
            "price": "95.61",
            "revenue": 16516832
        },
        "2011-01": {
            "month": "2011-01",
            "price": "95.20",
            "revenue": 17417871
        },
        "2011-02": {
            "month": "2011-02",
            "price": "100.73",
            "revenue": 14625606
        },
        "2011-03": {
            "month": "2011-03",
            "price": "98.65",
            "revenue": 20088252
        },
        "2011-04": {
            "month": "2011-04",
            "price": "108.26",
            "revenue": 18220577
        },
        "2011-05": {
            "month": "2011-05",
            "price": "113.69",
            "revenue": 16802319
        },
        "2011-06": {
            "month": "2011-06",
            "price": "106.27",
            "revenue": 13830494
        },
        "2011-07": {
            "month": "2011-07",
            "price": "108.67",
            "revenue": 16981645
        },
        "2011-08": {
            "month": "2011-08",
            "price": "88.29",
            "revenue": 15821342
        },
        "2011-09": {
            "month": "2011-09",
            "price": "82.99",
            "revenue": 13048763
        },
        "2011-10": {
            "month": "2011-10",
            "price": "85.00",
            "revenue": 12619139
        },
        "2011-11": {
            "month": "2011-11",
            "price": "84.47",
            "revenue": 14235136
        },
        "2011-12": {
            "month": "2011-12",
            "price": "83.66",
            "revenue": 13912169
        },
        "2012-01": {
            "month": "2012-01",
            "price": "82.65",
            "revenue": 13394420
        },
        "2012-02": {
            "month": "2012-02",
            "price": "88.28",
            "revenue": 16243897
        },
        "2012-03": {
            "month": "2012-03",
            "price": "89.19",
            "revenue": 17695633
        },
        "2012-04": {
            "month": "2012-04",
            "price": "84.53",
            "revenue": 15042522
        },
        "2012-05": {
            "month": "2012-05",
            "price": "79.42",
            "revenue": 14041266
        },
        "2012-06": {
            "month": "2012-06",
            "price": "76.98",
            "revenue": 12350718
        },
        "2012-07": {
            "month": "2012-07",
            "price": "79.11",
            "revenue": 14540823
        },
        "2012-08": {
            "month": "2012-08",
            "price": "83.10",
            "revenue": 14609206
        },
        "2012-09": {
            "month": "2012-09",
            "price": "83.02",
            "revenue": 13070345
        },
        "2012-10": {
            "month": "2012-10",
            "price": "80.04",
            "revenue": 14240705
        },
        "2012-11": {
            "month": "2012-11",
            "price": "73.71",
            "revenue": 14781874
        },
        "2012-12": {
            "month": "2012-12",
            "price": "77.01",
            "revenue": 13023396
        },
        "2013-01": {
            "month": "2013-01",
            "price": "79.79",
            "revenue": 17883085
        },
        "2013-02": {
            "month": "2013-02",
            "price": "78.55",
            "revenue": 14810319
        },
        "2013-03": {
            "month": "2013-03",
            "price": "73.25",
            "revenue": 17351137
        },
        "2013-04": {
            "month": "2013-04",
            "price": "70.14",
            "revenue": 17943909
        },
        "2013-05": {
            "month": "2013-05",
            "price": "72.21",
            "revenue": 19977671
        },
        "2013-06": {
            "month": "2013-06",
            "price": "69.34",
            "revenue": 18368200
        },
        "2013-07": {
            "month": "2013-07",
            "price": "74.08",
            "revenue": 18160761
        },
        "2013-08": {
            "month": "2013-08",
            "price": "73.95",
            "revenue": 18609714
        },
        "2013-09": {
            "month": "2013-09",
            "price": "76.66",
            "revenue": 16374212
        },
        "2013-10": {
            "month": "2013-10",
            "price": "78.63",
            "revenue": 17556100
        },
        "2013-11": {
            "month": "2013-11",
            "price": "76.03",
            "revenue": 18507323
        },
        "2013-12": {
            "month": "2013-12",
            "price": "78.66",
            "revenue": 19882337
        },
        "2014-01": {
            "month": "2014-01",
            "price": "79.07",
            "revenue": 17968977
        },
        "2014-02": {
            "month": "2014-02",
            "price": "76.52",
            "revenue": 15579451
        },
        "2014-03": {
            "month": "2014-03",
            "price": "74.80",
            "revenue": 18441443
        },
        "2014-04": {
            "month": "2014-04",
            "price": "77.10",
            "revenue": 19726924
        },
        "2014-05": {
            "month": "2014-05",
            "price": "77.37",
            "revenue": 19631098
        },
        "2014-06": {
            "month": "2014-06",
            "price": "78.04",
            "revenue": 19670957
        },
        "2014-07": {
            "month": "2014-07",
            "price": "77.55",
            "revenue": 19948042
        },
        "2014-08": {
            "month": "2014-08",
            "price": "76.51",
            "revenue": 18239356
        },
        "2014-09": {
            "month": "2014-09",
            "price": "75.18",
            "revenue": 17153480
        },
        "2014-10": {
            "month": "2014-10",
            "price": "69.11",
            "revenue": 17039597
        },
        "2014-11": {
            "month": "2014-11",
            "price": "69.74",
            "revenue": 16586247
        },
        "2014-12": {
            "month": "2014-12",
            "price": "69.38",
            "revenue": 16603467
        },
        "2015-01": {
            "month": "2015-01",
            "price": "74.18",
            "revenue": 16977147
        },
        "2015-02": {
            "month": "2015-02",
            "price": "77.62",
            "revenue": 12561055
        },
        "2015-03": {
            "month": "2015-03",
            "price": "74.98",
            "revenue": 18158909
        },
        "2015-04": {
            "month": "2015-04",
            "price": "77.80",
            "revenue": 18026497
        },
        "2015-05": {
            "month": "2015-05",
            "price": "77.72",
            "revenue": 16803700
        },
        "2015-06": {
            "month": "2015-06",
            "price": "73.12",
            "revenue": 16177168
        },
        "2015-07": {
            "month": "2015-07",
            "price": "71.05",
            "revenue": 15886838
        },
        "2015-08": {
            "month": "2015-08",
            "price": "68.09",
            "revenue": 15089132
        },
        "2015-09": {
            "month": "2015-09",
            "price": "69.62",
            "revenue": 16019259
        },
        "2015-10": {
            "month": "2015-10",
            "price": "75.55",
            "revenue": 16590594
        },
        "2015-11": {
            "month": "2015-11",
            "price": "75.30",
            "revenue": 14403782
        },
        "2015-12": {
            "month": "2015-12",
            "price": "73.33",
            "revenue": 14851313
        },
        "2016-01": {
            "month": "2016-01",
            "price": "74.46",
            "revenue": 14158452
        },
        "2016-02": {
            "month": "2016-02",
            "price": "77.09",
            "revenue": 11162684
        },
        "2016-03": {
            "month": "2016-03",
            "price": "79.55",
            "revenue": 17461233
        },
        "2016-04": {
            "month": "2016-04",
            "price": "80.42",
            "revenue": 15203195
        },
        "2016-05": {
            "month": "2016-05",
            "price": "77.62",
            "revenue": 14891679
        },
        "2016-06": {
            "month": "2016-06",
            "price": "78.06",
            "revenue": 14704159
        },
        "2016-07": {
            "month": "2016-07",
            "price": "79.03",
            "revenue": 14818717
        },
        "2016-08": {
            "month": "2016-08",
            "price": "78.90",
            "revenue": 14230738
        },
        "2016-09": {
            "month": "2016-09",
            "price": "78.01",
            "revenue": 13095242
        },
        "2016-10": {
            "month": "2016-10",
            "price": "81.77",
            "revenue": 15132776
        },
        "2016-11": {
            "month": "2016-11",
            "price": "86.53",
            "revenue": 17420621
        },
        "2016-12": {
            "month": "2016-12",
            "price": "89.35",
            "revenue": 17893695
        },
        "2017-01": {
            "month": "2017-01",
            "price": "89.72",
            "revenue": 14807514
        },
        "2017-02": {
            "month": "2017-02",
            "price": "92.17",
            "revenue": 14967527
        },
        "2017-03": {
            "month": "2017-03",
            "price": "90.87",
            "revenue": 18020955
        },
        "2017-04": {
            "month": "2017-04",
            "price": "92.11",
            "revenue": 16546119
        },
        "2017-05": {
            "month": "2017-05",
            "price": "89.35",
            "revenue": 17871121
        },
        "2017-06": {
            "month": "2017-06",
            "price": "90.70",
            "revenue": 17948278
        },
        "2017-07": {
            "month": "2017-07",
            "price": "91.81",
            "revenue": 16975872
        },
        "2017-08": {
            "month": "2017-08",
            "price": "92.78",
            "revenue": 18909653
        },
        "2017-09": {
            "month": "2017-09",
            "price": "94.23",
            "revenue": 17594800
        },
        "2017-10": {
            "month": "2017-10",
            "price": "92.48",
            "revenue": 16581143
        },
        "2017-11": {
            "month": "2017-11",
            "price": "92.41",
            "revenue": 18616550
        },
        "2017-12": {
            "month": "2017-12",
            "price": "94.59",
            "revenue": 17870221
        },
        "2018-01": {
            "month": "2018-01",
            "price": "101.08",
            "revenue": 19156751
        },
        "2018-02": {
            "month": "2018-02",
            "price": "101.35",
            "revenue": 14112249
        },
        "2018-03": {
            "month": "2018-03",
            "price": "102.91",
            "revenue": 20898368
        },
        "2018-04": {
            "month": "2018-04",
            "price": "105.03",
            "revenue": 19555897
        },
        "2018-05": {
            "month": "2018-05",
            "price": "108.61",
            "revenue": 22361241
        },
        "2018-06": {
            "month": "2018-06",
            "price": "108.82",
            "revenue": 20558945
        },
        "2018-07": {
            "month": "2018-07",
            "price": "109.93",
            "revenue": 19496181
        },
        "2018-08": {
            "month": "2018-08",
            "price": "111.20",
            "revenue": 19797535
        },
        "2018-09": {
            "month": "2018-09",
            "price": "113.05",
            "revenue": 18080414
        },
        "2018-10": {
            "month": "2018-10",
            "price": "105.49",
            "revenue": 19685549
        },
        "2018-11": {
            "month": "2018-11",
            "price": "100.92",
            "revenue": 18533274
        },
        "2018-12": {
            "month": "2018-12",
            "price": "99.21",
            "revenue": 18133624
        },
        "2019-01": {
            "month": "2019-01",
            "price": "100.76",
            "revenue": 19500909
        },
        "2019-02": {
            "month": "2019-02",
            "price": "102.35",
            "revenue": 14815825
        },
        "2019-03": {
            "month": "2019-03",
            "price": "105.62",
            "revenue": 18695341
        },
        "2019-04": {
            "month": "2019-04",
            "price": "109.32",
            "revenue": 19209008
        },
        "2019-05": {
            "month": "2019-05",
            "price": "109.64",
            "revenue": 19007532
        },
        "2019-06": {
            "month": "2019-06",
            "price": "112.26",
            "revenue": 18352747
        },
        "2019-07": {
            "month": "2019-07",
            "price": "103.30",
            "revenue": 17511155
        },
        "2019-08": {
            "month": "2019-08",
            "price": "93.53",
            "revenue": 16949937
        },
        "2019-09": {
            "month": "2019-09",
            "price": "95.99",
            "revenue": 15254406
        },
        "2019-10": {
            "month": "2019-10",
            "price": "95.56",
            "revenue": 16583297
        },
        "2019-11": {
            "month": "2019-11",
            "price": "97.48",
            "revenue": 16319772
        },
        "2019-12": {
            "month": "2019-12",
            "price": "98.65",
            "revenue": 15648643
        },
        "2020-01": {
            "month": "2020-01",
            "price": "98.82",
            "revenue": 13858050
        },
        "2020-02": {
            "month": "2020-02",
            "price": "93.85",
            "revenue": 12760661
        },
        "2020-03": {
            "month": "2020-03",
            "price": "80.00",
            "revenue": 15400468
        },
        "2020-04": {
            "month": "2020-04",
            "price": "81.28",
            "revenue": 14752079
        },
        "2020-05": {
            "month": "2020-05",
            "price": "85.28",
            "revenue": 13455462
        },
        "2020-06": {
            "month": "2020-06",
            "price": "86.84",
            "revenue": 14776562
        },
        "2020-07": {
            "month": "2020-07",
            "price": "81.26",
            "revenue": 15716282
        },
        "2020-08": {
            "month": "2020-08",
            "price": "79.67",
            "revenue": 14622498
        },
        "2020-09": {
            "month": "2020-09",
            "price": "79.32",
            "revenue": 15836081
        },
        "2020-10": {
            "month": "2020-10",
            "price": "79.92",
            "revenue": 16712494
        },
        "2020-11": {
            "month": "2020-11",
            "price": "85.73",
            "revenue": 18212643
        },
        "2020-12": {
            "month": "2020-12",
            "price": "90.92",
            "revenue": 19710124
        },
        "2021-01": {
            "month": "2021-01",
            "price": "93.90",
            "revenue": 19215607
        },
        "2021-02": {
            "month": "2021-02",
            "price": "94.67",
            "revenue": 16367396
        },
        "2021-03": {
            "month": "2021-03",
            "price": "101.17",
            "revenue": 25018934
        },
        "2021-04": {
            "month": "2021-04",
            "price": "105.47",
            "revenue": 24367037
        },
        "2021-05": {
            "month": "2021-05",
            "price": "101.34",
            "revenue": 24347789
        },
        "2021-06": {
            "month": "2021-06",
            "price": "103.81",
            "revenue": 22938082
        },
        "2021-07": {
            "month": "2021-07",
            "price": "102.77",
            "revenue": 22344061
        },
        "2021-08": {
            "month": "2021-08",
            "price": "100.05",
            "revenue": 23158607
        },
        "2021-09": {
            "month": "2021-09",
            "price": "103.42",
            "revenue": 21433730
        },
        "2021-10": {
            "month": "2021-10",
            "price": "113.28",
            "revenue": 24683931
        },
        "2021-11": {
            "month": "2021-11",
            "price": "105.95",
            "revenue": 24523688
        },
        "2021-12": {
            "month": "2021-12",
            "price": "103.68",
            "revenue": 25199437
        },
        "2022-01": {
            "month": "2022-01",
            "price": "106.11",
            "revenue": 23937795
        },
        "2022-02": {
            "month": "2022-02",
            "price": "105.37",
            "revenue": 20591656
        },
        "2022-03": {
            "month": "2022-03",
            "price": "106.61",
            "revenue": 26474312
        },
        "2022-04": {
            "month": "2022-04",
            "price": "105.79",
            "revenue": 25145986
        },
        "2022-05": {
            "month": "2022-05",
            "price": "104.38",
            "revenue": 24846638
        },
        "2022-06": {
            "month": "2022-06",
            "price": "107.74",
            "revenue": 23931750
        },
        "2022-07": {
            "month": "2022-07",
            "price": "90.03",
            "revenue": 19936058
        },
        "2022-08": {
            "month": "2022-08",
            "price": "92.69",
            "revenue": 17450790
        },
        "2022-09": {
            "month": "2022-09",
            "price": "87.40",
            "revenue": 18266287
        },
        "2022-10": {
            "month": "2022-10",
            "price": "82.85",
            "revenue": 17040281
        },
        "2022-11": {
            "month": "2022-11",
            "price": "87.05",
            "revenue": 17363777
        },
        "2022-12": {
            "month": "2022-12",
            "price": "87.32",
            "revenue": 16662024
        },
        "2023-01": {
            "month": "2023-01",
            "price": "88.22",
            "revenue": 14408136
        },
        "2023-02": {
            "month": "2023-02",
            "price": "89.84",
            "revenue": 17688186
        },
        "2023-03": {
            "month": "2023-03",
            "price": "90.81",
            "revenue": 20116995
        },
        "2023-04": {
            "month": "2023-04",
            "price": "92.72",
            "revenue": 16196620
        },
        "2023-05": {
            "month": "2023-05",
            "price": "93.62",
            "revenue": 16356337
        },
        "2023-06": {
            "month": "2023-06",
            "price": "91.97",
            "revenue": 15893871
        },
        "2023-07": {
            "month": "2023-07",
            "price": "83.10",
            "revenue": 16645025
        },
        "2023-08": {
            "month": "2023-08",
            "price": "81.68",
            "revenue": 17501985
        },
        "2023-09": {
            "month": "2023-09",
            "price": "81.65",
            "revenue": 16588777
        },
        "2023-10": {
            "month": "2023-10",
            "price": "78.79",
            "revenue": 16306347
        },
        "2023-11": {
            "month": "2023-11",
            "price": "79.63",
            "revenue": 16406350
        },
        "2023-12": {
            "month": "2023-12",
            "price": "79.77",
            "revenue": 15030148
        },
        "2024-01": {
            "month": "2024-01",
            "price": "74.43",
            "revenue": 17516214
        },
        "2024-02": {
            "month": "2024-02",
            "price": "72.82",
            "revenue": 12932676
        }
    }
}
