{
    "summary": {
        "stock_name": "南亞",
        "stock_id": "1303",
        "category": "塑膠",
        "main_business": "各種塑膠加工品、塑膠原料、電子材料、聚酯纖維之製銷<br>及染整加工 、配電盤",
        "website_url": "http://www.npc.com.tw",
        "ceo": "鄒明仁",
        "pe_ratio": 35,
        "report_year_from": 2001,
        "report_year_to": 2023,
        "age": 22,
        "eps_negative_percentage": 0,
        "eps_growth_avg": {
            "last_all": 15.98,
            "last_2y": 17.08,
            "last_4y": -1.62,
            "last_8y": 8.6,
            "last_12y": 11.7,
            "last_16y": 10.24,
            "last_20y": 15.98,
            "at_2006_last_3y": 29.13,
            "at_2007_last_3y": 31.25,
            "at_2008_last_3y": -14.79,
            "at_2009_last_3y": 5.5,
            "at_2010_last_3y": 27.04,
            "at_2011_last_3y": 10.12,
            "at_2012_last_3y": 10.75,
            "at_2013_last_3y": 18.67,
            "at_2014_last_3y": -0.1,
            "at_2015_last_3y": 13.88,
            "at_2016_last_3y": 43.45,
            "at_2017_last_3y": 21.38,
            "at_2018_last_3y": 14.38,
            "at_2019_last_3y": -2.75,
            "at_2020_last_3y": -8.99,
            "at_2021_last_3y": 13.08,
            "at_2022_last_3y": -1.26,
            "at_2023_last_3y": -1.26,
            "at_2006_last_all": 35.08,
            "at_2007_last_all": 33.23,
            "at_2008_last_all": 16.47,
            "at_2009_last_all": 22.95,
            "at_2010_last_all": 31.51,
            "at_2011_last_all": 23.99,
            "at_2012_last_all": 14.39,
            "at_2013_last_all": 21.52,
            "at_2014_last_all": 21.78,
            "at_2015_last_all": 21.1,
            "at_2016_last_all": 22.14,
            "at_2017_last_all": 21.49,
            "at_2018_last_all": 20.04,
            "at_2019_last_all": 15.8,
            "at_2020_last_all": 15.58,
            "at_2021_last_all": 19.8,
            "at_2022_last_all": 15.98,
            "at_2023_last_all": 15.98
        },
        "latest_eps": 2.26,
        "latest_price": 79,
        "latest_roe": 5.78,
        "latest_gross_margin": 8.02,
        "latest_equity": 371958256,
        "latest_revenue": 65773776,
        "latest_gross_profit": 5275703,
        "latest_net_income": 1661835,
        "latest_debt_ratio": 44.55,
        "latest_current_ratio": 139.84,
        "latest_account_receivable_turnover_ratio": 1.39,
        "latest_inventory_turnover_ratio": 1.13,
        "latest_reinvestment_rate": 40.57,
        "latest_research_to_sale_ratio": null
    },
    "eps_dividends": {
        "1990": {
            "cash": 1,
            "stock": 1.3,
            "eps": 0
        },
        "1991": {
            "cash": 1.1,
            "stock": 1.2,
            "eps": 0
        },
        "1992": {
            "cash": 1.1,
            "stock": 1.2,
            "eps": 0
        },
        "1993": {
            "cash": 1.1,
            "stock": 1.1,
            "eps": 0
        },
        "1994": {
            "cash": 1.05,
            "stock": 1.05,
            "eps": 0
        },
        "1995": {
            "cash": 1.15,
            "stock": 1.15,
            "eps": 0
        },
        "1996": {
            "cash": 1.15,
            "stock": 1.15,
            "eps": 0
        },
        "1997": {
            "cash": 1.1,
            "stock": 1.1,
            "eps": 0
        },
        "1998": {
            "cash": 0,
            "stock": 1.17,
            "eps": 0
        },
        "2000": {
            "cash": 1,
            "stock": 1,
            "eps": 0
        },
        "2001": {
            "cash": 1.1,
            "stock": 1.1,
            "eps": 1.46
        },
        "2002": {
            "cash": 0.7,
            "stock": 0.7,
            "eps": 2.32
        },
        "2003": {
            "cash": 1.2,
            "stock": 0.6,
            "eps": 2.68
        },
        "2004": {
            "cash": 1.8,
            "stock": 0.6,
            "eps": 6.3
        },
        "2005": {
            "cash": 3.6,
            "stock": 0.6,
            "eps": 5.49
        },
        "2006": {
            "cash": 3.7,
            "stock": 0.3,
            "eps": 6.25
        },
        "2007": {
            "cash": 5,
            "stock": 0,
            "eps": 7.75
        },
        "2008": {
            "cash": 6.7,
            "stock": 0,
            "eps": 1.23
        },
        "2009": {
            "cash": 0.8,
            "stock": 0.3,
            "eps": 2.07
        },
        "2010": {
            "cash": 1.9,
            "stock": 0,
            "eps": 5.22
        },
        "2011": {
            "cash": 6.800000000000001,
            "stock": 0,
            "eps": 2.94
        },
        "2012": {
            "cash": 0,
            "stock": 0,
            "eps": 0.54
        },
        "2013": {
            "cash": 0.3,
            "stock": 0.1,
            "eps": 3.21
        },
        "2014": {
            "cash": 1.9,
            "stock": 0,
            "eps": 4.01
        },
        "2015": {
            "cash": 2.3,
            "stock": 0,
            "eps": 4.5
        },
        "2016": {
            "cash": 3.3,
            "stock": 0,
            "eps": 6.15
        },
        "2017": {
            "cash": 4.5,
            "stock": 0,
            "eps": 6.87
        },
        "2018": {
            "cash": 5.1,
            "stock": 0,
            "eps": 6.66
        },
        "2019": {
            "cash": 5,
            "stock": 0,
            "eps": 2.91
        },
        "2020": {
            "cash": 2.2,
            "stock": 0,
            "eps": 3.25
        },
        "2021": {
            "cash": 2.4,
            "stock": 0,
            "eps": 10.26
        },
        "2022": {
            "cash": 7.5,
            "stock": 0,
            "eps": 4.06
        },
        "2023": {
            "cash": 3,
            "stock": 0,
            "eps": 0.11
        }
    },
    "dividends": {
        "1990-04-27": {
            "cash": 1,
            "stock": 1.3
        },
        "1991-04-30": {
            "cash": 1.1,
            "stock": 1.2
        },
        "1992-04-30": {
            "cash": 1.1,
            "stock": 1.2
        },
        "1993-04-30": {
            "cash": 1.1,
            "stock": 1.1
        },
        "1994-04-12": {
            "cash": 1.05,
            "stock": 1.05
        },
        "1995-04-26": {
            "cash": 1.15,
            "stock": 1.15
        },
        "1996-05-08": {
            "cash": 1.15,
            "stock": 1.15
        },
        "1997-05-20": {
            "cash": 1.1,
            "stock": 1.1
        },
        "1998-05-22": {
            "cash": 0,
            "stock": 1.17
        },
        "2000-06-09": {
            "cash": 1,
            "stock": 1
        },
        "2001-05-29": {
            "cash": 1.1,
            "stock": 1.1
        },
        "2002-05-31": {
            "cash": 0.7,
            "stock": 0.7
        },
        "2003-06-06": {
            "cash": 1.2,
            "stock": 0.6
        },
        "2004-03-03": {
            "cash": 1.8,
            "stock": 0.6
        },
        "2005-03-10": {
            "cash": 3.6,
            "stock": 0.6
        },
        "2006-03-31": {
            "cash": 3.7,
            "stock": 0.3
        },
        "2007-03-30": {
            "cash": 5,
            "stock": 0
        },
        "2008-03-25": {
            "cash": 6.7,
            "stock": 0
        },
        "2009-03-24": {
            "cash": 0.8,
            "stock": 0.3
        },
        "2010-03-26": {
            "cash": 1.9,
            "stock": 0
        },
        "2011-01-01": {
            "cash": 2.1,
            "stock": 0
        },
        "2011-03-25": {
            "cash": 4.7,
            "stock": 0
        },
        "2013-05-14": {
            "cash": 0.3,
            "stock": 0.1
        },
        "2014-06-19": {
            "cash": 1.9,
            "stock": 0
        },
        "2015-08-05": {
            "cash": 2.3,
            "stock": 0
        },
        "2016-08-17": {
            "cash": 3.3,
            "stock": 0
        },
        "2017-08-11": {
            "cash": 4.5,
            "stock": 0
        },
        "2018-08-03": {
            "cash": 5.1,
            "stock": 0
        },
        "2019-08-06": {
            "cash": 5,
            "stock": 0
        },
        "2020-08-05": {
            "cash": 2.2,
            "stock": 0
        },
        "2021-08-25": {
            "cash": 2.4,
            "stock": 0
        },
        "2022-08-09": {
            "cash": 7.5,
            "stock": 0
        },
        "2023-07-28": {
            "cash": 3,
            "stock": 0
        }
    },
    "prices": {
        "200101": "40.88",
        "200102": "42.01",
        "200103": "39.39",
        "200104": "36.52",
        "200105": "34.88",
        "200106": "35.84",
        "200107": "30.03",
        "200108": "24.75",
        "200109": "21.54",
        "200110": "19.06",
        "200111": "20.80",
        "200112": "25.51",
        "200201": "28.89",
        "200202": "31.65",
        "200203": "36.33",
        "200204": "36.73",
        "200205": "31.75",
        "200206": "32.29",
        "200207": "33.70",
        "200208": "31.43",
        "200209": "29.65",
        "200210": "27.50",
        "200211": "30.64",
        "200212": "30.89",
        "200301": "36.39",
        "200302": "34.63",
        "200303": "33.92",
        "200304": "33.49",
        "200305": "33.73",
        "200306": "37.76",
        "200307": "39.65",
        "200308": "40.76",
        "200309": "41.22",
        "200310": "43.06",
        "200311": "47.14",
        "200312": "47.65",
        "200401": "48.77",
        "200402": "45.84",
        "200403": "45.20",
        "200404": "48.47",
        "200405": "43.68",
        "200406": "44.06",
        "200407": "45.13",
        "200408": "45.72",
        "200409": "47.99",
        "200410": "49.09",
        "200411": "47.50",
        "200412": "47.79",
        "200501": "47.12",
        "200502": "47.02",
        "200503": "48.14",
        "200504": "45.14",
        "200505": "44.47",
        "200506": "44.98",
        "200507": "41.57",
        "200508": "40.44",
        "200509": "39.92",
        "200510": "38.87",
        "200511": "39.58",
        "200512": "41.80",
        "200601": "46.60",
        "200602": "46.95",
        "200603": "47.28",
        "200604": "48.27",
        "200605": "46.35",
        "200606": "45.32",
        "200607": "47.07",
        "200608": "43.87",
        "200609": "45.78",
        "200610": "47.32",
        "200611": "50.15",
        "200612": "53.38",
        "200701": "54.11",
        "200702": "55.85",
        "200703": "58.18",
        "200704": "62.70",
        "200705": "63.66",
        "200706": "68.78",
        "200707": "73.45",
        "200708": "73.22",
        "200709": "82.18",
        "200710": "94.60",
        "200711": "86.61",
        "200712": "85.39",
        "200801": "80.50",
        "200802": "71.11",
        "200803": "78.12",
        "200804": "75.06",
        "200805": "72.49",
        "200806": "69.27",
        "200807": "53.53",
        "200808": "50.50",
        "200809": "46.73",
        "200810": "44.70",
        "200811": "41.84",
        "200812": "37.75",
        "200901": "35.01",
        "200902": "33.69",
        "200903": "37.38",
        "200904": "42.39",
        "200905": "47.04",
        "200906": "44.26",
        "200907": "42.52",
        "200908": "45.13",
        "200909": "48.63",
        "200910": "54.45",
        "200911": "55.56",
        "200912": "56.65",
        "201001": "62.98",
        "201002": "60.27",
        "201003": "64.32",
        "201004": "66.00",
        "201005": "59.00",
        "201006": "52.69",
        "201007": "55.74",
        "201008": "60.04",
        "201009": "66.00",
        "201010": "67.04",
        "201011": "70.81",
        "201012": "71.09",
        "201101": "74.92",
        "201102": "84.60",
        "201103": "83.88",
        "201104": "87.23",
        "201105": "82.88",
        "201106": "77.85",
        "201107": "79.67",
        "201108": "67.33",
        "201109": "66.86",
        "201110": "67.90",
        "201111": "62.66",
        "201112": "57.90",
        "201201": "62.31",
        "201202": "66.70",
        "201203": "68.71",
        "201204": "61.12",
        "201205": "57.33",
        "201206": "53.89",
        "201207": "54.70",
        "201208": "58.58",
        "201209": "56.90",
        "201210": "55.04",
        "201211": "49.95",
        "201212": "54.12",
        "201301": "58.84",
        "201302": "58.95",
        "201303": "54.23",
        "201304": "54.69",
        "201305": "62.53",
        "201306": "59.44",
        "201307": "62.61",
        "201308": "59.28",
        "201309": "62.05",
        "201310": "65.63",
        "201311": "64.03",
        "201312": "68.09",
        "201401": "66.70",
        "201402": "63.95",
        "201403": "64.16",
        "201404": "65.69",
        "201405": "65.83",
        "201406": "69.30",
        "201407": "72.22",
        "201408": "70.29",
        "201409": "68.50",
        "201410": "62.65",
        "201411": "62.91",
        "201412": "63.20",
        "201501": "64.32",
        "201502": "67.90",
        "201503": "68.15",
        "201504": "73.27",
        "201505": "74.12",
        "201506": "71.89",
        "201507": "67.72",
        "201508": "60.18",
        "201509": "58.08",
        "201510": "63.59",
        "201511": "61.93",
        "201512": "58.81",
        "201601": "56.68",
        "201602": "60.92",
        "201603": "66.37",
        "201604": "65.14",
        "201605": "60.70",
        "201606": "60.91",
        "201607": "61.96",
        "201608": "61.57",
        "201609": "61.15",
        "201610": "63.78",
        "201611": "65.44",
        "201612": "70.80",
        "201701": "72.93",
        "201702": "75.87",
        "201703": "71.45",
        "201704": "71.94",
        "201705": "71.17",
        "201706": "72.67",
        "201707": "75.58",
        "201708": "75.47",
        "201709": "75.55",
        "201710": "74.48",
        "201711": "75.11",
        "201712": "75.58",
        "201801": "80.64",
        "201802": "78.45",
        "201803": "80.97",
        "201804": "82.56",
        "201805": "85.01",
        "201806": "85.27",
        "201807": "85.15",
        "201808": "84.10",
        "201809": "84.24",
        "201810": "78.35",
        "201811": "76.80",
        "201812": "73.48",
        "201901": "75.04",
        "201902": "75.52",
        "201903": "76.40",
        "201904": "77.65",
        "201905": "77.63",
        "201906": "78.47",
        "201907": "72.57",
        "201908": "67.87",
        "201909": "69.77",
        "201910": "70.74",
        "201911": "71.93",
        "201912": "72.24",
        "202001": "72.20",
        "202002": "69.58",
        "202003": "59.45",
        "202004": "58.78",
        "202005": "63.25",
        "202006": "64.99",
        "202007": "63.79",
        "202008": "62.07",
        "202009": "60.45",
        "202010": "59.87",
        "202011": "63.90",
        "202012": "68.42",
        "202101": "70.95",
        "202102": "70.73",
        "202103": "76.00",
        "202104": "86.95",
        "202105": "83.82",
        "202106": "84.27",
        "202107": "86.47",
        "202108": "86.62",
        "202109": "89.13",
        "202110": "88.57",
        "202111": "85.18",
        "202112": "84.47",
        "202201": "86.94",
        "202202": "88.52",
        "202203": "91.07",
        "202204": "89.25",
        "202205": "83.41",
        "202206": "83.91",
        "202207": "66.91",
        "202208": "69.16",
        "202209": "67.20",
        "202210": "67.04",
        "202211": "72.95",
        "202212": "72.98",
        "202301": "74.02",
        "202302": "75.27",
        "202303": "75.84",
        "202304": "77.69",
        "202305": "78.66",
        "202306": "79.15"
    },
    "quarters": {
        "20011": {
            "year_quarter": 20011,
            "year": 2001,
            "quarter": 1,
            "eps": 0.48,
            "eps_growth_year": -43.53,
            "eps_4q": 3.74,
            "eps_4q_growth_year": 15.27,
            "roe": 1.86,
            "roe_4q": 1.86,
            "gross_profit": 4260061,
            "gross_margin": 17.74,
            "gross_margin_4q_avg": 17.74,
            "net_income": 2508191,
            "revenue": 24014304,
            "common_shares": 52323647,
            "book_valuer_per_share": 24.41,
            "book_valuer_per_share_4q_avg": 24.41,
            "equity": 127735317,
            "current_ratio": 111.42,
            "debt_ratio": 43.7,
            "inventory_turnover_ratio": 0.81,
            "account_receivable_turnover_ratio": null,
            "reinvestment_rate": null,
            "research_to_sale_ratio": null,
            "price_fair": 0,
            "eps_avg_yearly": 0,
            "eps_latest_yearly": 0,
            "eps_growth_yearly": 0
        },
        "20012": {
            "year_quarter": 20012,
            "year": 2001,
            "quarter": 2,
            "eps": 0.52,
            "eps_growth_year": -58.4,
            "eps_4q": 3.12,
            "eps_4q_growth_year": -11.65,
            "roe": 2.14,
            "roe_4q": 4,
            "gross_profit": 4365049,
            "gross_margin": 17.69,
            "gross_margin_4q_avg": 17.72,
            "net_income": 2715849,
            "revenue": 24673994,
            "common_shares": 52323647,
            "book_valuer_per_share": 24.05,
            "book_valuer_per_share_4q_avg": 24.23,
            "equity": 125841215,
            "current_ratio": 105.48,
            "debt_ratio": 45.04,
            "inventory_turnover_ratio": 1.1,
            "account_receivable_turnover_ratio": null,
            "reinvestment_rate": null,
            "research_to_sale_ratio": null,
            "price_fair": 0,
            "eps_avg_yearly": 0,
            "eps_latest_yearly": 0,
            "eps_growth_yearly": 0
        },
        "20013": {
            "year_quarter": 20013,
            "year": 2001,
            "quarter": 3,
            "eps": 0.33,
            "eps_growth_year": -75.19,
            "eps_4q": 1.95,
            "eps_4q_growth_year": -51.66,
            "roe": 1.5,
            "roe_4q": 5.5,
            "gross_profit": 3714908,
            "gross_margin": 15.05,
            "gross_margin_4q_avg": 16.83,
            "net_income": 1903300,
            "revenue": 24685315,
            "common_shares": 58079248,
            "book_valuer_per_share": 22,
            "book_valuer_per_share_4q_avg": 23.49,
            "equity": 127801061,
            "current_ratio": 114.35,
            "debt_ratio": 46.19,
            "inventory_turnover_ratio": 1.23,
            "account_receivable_turnover_ratio": null,
            "reinvestment_rate": null,
            "research_to_sale_ratio": null,
            "price_fair": 0,
            "eps_avg_yearly": 0,
            "eps_latest_yearly": 0,
            "eps_growth_yearly": 0
        },
        "20014": {
            "year_quarter": 20014,
            "year": 2001,
            "quarter": 4,
            "eps": 0.13,
            "eps_growth_year": -83.54,
            "eps_4q": 1.39,
            "eps_4q_growth_year": -65.53,
            "roe": 0.54,
            "roe_4q": 6.04,
            "gross_profit": 3470871,
            "gross_margin": 15.76,
            "gross_margin_4q_avg": 16.56,
            "net_income": 734029,
            "revenue": 22027034,
            "common_shares": 58079248,
            "book_valuer_per_share": 22.2,
            "book_valuer_per_share_4q_avg": 23.17,
            "equity": 145316946,
            "current_ratio": 113.79,
            "debt_ratio": 55.29,
            "inventory_turnover_ratio": 0.86,
            "account_receivable_turnover_ratio": null,
            "reinvestment_rate": null,
            "research_to_sale_ratio": null,
            "price_fair": 0,
            "eps_avg_yearly": 0,
            "eps_latest_yearly": 0,
            "eps_growth_yearly": 0
        },
        "20021": {
            "year_quarter": 20021,
            "year": 2002,
            "quarter": 1,
            "eps": 0.81,
            "eps_growth_year": 68.75,
            "eps_4q": 1.73,
            "eps_4q_growth_year": -53.73,
            "roe": 3.38,
            "roe_4q": 7.5600000000000005,
            "gross_profit": 3781576,
            "gross_margin": 16.08,
            "gross_margin_4q_avg": 16.15,
            "net_income": 4716983,
            "revenue": 23520389,
            "common_shares": 58079248,
            "book_valuer_per_share": 23,
            "book_valuer_per_share_4q_avg": 22.81,
            "equity": 133606438,
            "current_ratio": 139.84,
            "debt_ratio": 45.23,
            "inventory_turnover_ratio": 0.95,
            "account_receivable_turnover_ratio": null,
            "reinvestment_rate": null,
            "research_to_sale_ratio": null,
            "price_fair": 113.4,
            "eps_avg_yearly": 3.24,
            "eps_latest_yearly": 3.24,
            "eps_growth_yearly": 2092.31
        },
        "20022": {
            "year_quarter": 20022,
            "year": 2002,
            "quarter": 2,
            "eps": 0.74,
            "eps_growth_year": 42.31,
            "eps_4q": 2,
            "eps_4q_growth_year": -35.85,
            "roe": 3.23,
            "roe_4q": 8.649999999999999,
            "gross_profit": 5511051,
            "gross_margin": 20.62,
            "gross_margin_4q_avg": 16.88,
            "net_income": 4304433,
            "revenue": 26732037,
            "common_shares": 58079248,
            "book_valuer_per_share": 22.83,
            "book_valuer_per_share_4q_avg": 22.51,
            "equity": 132588100,
            "current_ratio": 152.89,
            "debt_ratio": 46.54,
            "inventory_turnover_ratio": 1.37,
            "account_receivable_turnover_ratio": null,
            "reinvestment_rate": null,
            "research_to_sale_ratio": null,
            "price_fair": 108.5,
            "eps_avg_yearly": 3.1,
            "eps_latest_yearly": 2.96,
            "eps_growth_yearly": 1028.87
        },
        "20023": {
            "year_quarter": 20023,
            "year": 2002,
            "quarter": 3,
            "eps": 0.3,
            "eps_growth_year": -9.09,
            "eps_4q": 1.89,
            "eps_4q_growth_year": -2.9,
            "roe": 1.37,
            "roe_4q": 8.52,
            "gross_profit": 4275109,
            "gross_margin": 16.3,
            "gross_margin_4q_avg": 17.19,
            "net_income": 1837326,
            "revenue": 26223783,
            "common_shares": 62144795,
            "book_valuer_per_share": 21.83,
            "book_valuer_per_share_4q_avg": 22.47,
            "equity": 135655696,
            "current_ratio": 174.69,
            "debt_ratio": 45.09,
            "inventory_turnover_ratio": 1.33,
            "account_receivable_turnover_ratio": null,
            "reinvestment_rate": null,
            "research_to_sale_ratio": null,
            "price_fair": 86.33,
            "eps_avg_yearly": 2.47,
            "eps_latest_yearly": 1.2,
            "eps_growth_yearly": 606.63
        },
        "20024": {
            "year_quarter": 20024,
            "year": 2002,
            "quarter": 4,
            "eps": 0.47,
            "eps_growth_year": 261.54,
            "eps_4q": 2.21,
            "eps_4q_growth_year": 58.53,
            "roe": 2.14,
            "roe_4q": 10.120000000000001,
            "gross_profit": 4751023,
            "gross_margin": 17.5,
            "gross_margin_4q_avg": 17.63,
            "net_income": 2937773,
            "revenue": 27156160,
            "common_shares": 62144795,
            "book_valuer_per_share": 22.3,
            "book_valuer_per_share_4q_avg": 22.49,
            "equity": 139496641,
            "current_ratio": 179.97,
            "debt_ratio": 49.64,
            "inventory_turnover_ratio": 1.16,
            "account_receivable_turnover_ratio": null,
            "reinvestment_rate": -5.37,
            "research_to_sale_ratio": null,
            "price_fair": 81.2,
            "eps_avg_yearly": 2.32,
            "eps_latest_yearly": 1.88,
            "eps_growth_yearly": 511.64
        },
        "20031": {
            "year_quarter": 20031,
            "year": 2003,
            "quarter": 1,
            "eps": 0.57,
            "eps_growth_year": -29.63,
            "eps_4q": 2.03,
            "eps_4q_growth_year": 17.25,
            "roe": 2.52,
            "roe_4q": 9.26,
            "gross_profit": 5116033,
            "gross_margin": 17.9,
            "gross_margin_4q_avg": 18.08,
            "net_income": 3550894,
            "revenue": 28583130,
            "common_shares": 62144795,
            "book_valuer_per_share": 22.89,
            "book_valuer_per_share_4q_avg": 22.46,
            "equity": 142269265,
            "current_ratio": 148.82,
            "debt_ratio": 45.28,
            "inventory_turnover_ratio": 1.17,
            "account_receivable_turnover_ratio": null,
            "reinvestment_rate": 16.52,
            "research_to_sale_ratio": null,
            "price_fair": 80.92,
            "eps_avg_yearly": 2.31,
            "eps_latest_yearly": 2.28,
            "eps_growth_yearly": 426.34
        },
        "20032": {
            "year_quarter": 20032,
            "year": 2003,
            "quarter": 2,
            "eps": 0.75,
            "eps_growth_year": 1.35,
            "eps_4q": 2.09,
            "eps_4q_growth_year": 4.2,
            "roe": 3.31,
            "roe_4q": 9.34,
            "gross_profit": 4811121,
            "gross_margin": 15.86,
            "gross_margin_4q_avg": 16.89,
            "net_income": 4665457,
            "revenue": 30330508,
            "common_shares": 62144795,
            "book_valuer_per_share": 22.41,
            "book_valuer_per_share_4q_avg": 22.36,
            "equity": 139282688,
            "current_ratio": 151.61,
            "debt_ratio": 48.25,
            "inventory_turnover_ratio": 1.38,
            "account_receivable_turnover_ratio": null,
            "reinvestment_rate": 15.74,
            "research_to_sale_ratio": null,
            "price_fair": 84.93,
            "eps_avg_yearly": 2.43,
            "eps_latest_yearly": 3,
            "eps_growth_yearly": 376.33
        },
        "20033": {
            "year_quarter": 20033,
            "year": 2003,
            "quarter": 3,
            "eps": 0.49,
            "eps_growth_year": 63.33,
            "eps_4q": 2.2,
            "eps_4q_growth_year": 16.05,
            "roe": 2.26,
            "roe_4q": 10.23,
            "gross_profit": 5763684,
            "gross_margin": 17.74,
            "gross_margin_4q_avg": 17.25,
            "net_income": 3202354,
            "revenue": 32495337,
            "common_shares": 65873483,
            "book_valuer_per_share": 21.8,
            "book_valuer_per_share_4q_avg": 22.35,
            "equity": 143604368,
            "current_ratio": 169.25,
            "debt_ratio": 47.45,
            "inventory_turnover_ratio": 1.38,
            "account_receivable_turnover_ratio": null,
            "reinvestment_rate": 15.41,
            "research_to_sale_ratio": null,
            "price_fair": 82.6,
            "eps_avg_yearly": 2.36,
            "eps_latest_yearly": 1.96,
            "eps_growth_yearly": 302.76
        },
        "20034": {
            "year_quarter": 20034,
            "year": 2003,
            "quarter": 4,
            "eps": 0.87,
            "eps_growth_year": 85.11,
            "eps_4q": 2.59,
            "eps_4q_growth_year": 17.54,
            "roe": 3.92,
            "roe_4q": 12.01,
            "gross_profit": 6860420,
            "gross_margin": 18.93,
            "gross_margin_4q_avg": 17.61,
            "net_income": 5761299,
            "revenue": 36233322,
            "common_shares": 65873483,
            "book_valuer_per_share": 22.65,
            "book_valuer_per_share_4q_avg": 22.44,
            "equity": 150135091,
            "current_ratio": 229.51,
            "debt_ratio": 48.89,
            "inventory_turnover_ratio": 1.33,
            "account_receivable_turnover_ratio": null,
            "reinvestment_rate": -44.36,
            "research_to_sale_ratio": null,
            "price_fair": 87.5,
            "eps_avg_yearly": 2.5,
            "eps_latest_yearly": 3.48,
            "eps_growth_yearly": 303.69
        },
        "20041": {
            "year_quarter": 20041,
            "year": 2004,
            "quarter": 1,
            "eps": 1.32,
            "eps_growth_year": 131.58,
            "eps_4q": 3.39,
            "eps_4q_growth_year": 67.36,
            "roe": 5.66,
            "roe_4q": 15.15,
            "gross_profit": 7484725,
            "gross_margin": 20.46,
            "gross_margin_4q_avg": 18.25,
            "net_income": 8677404,
            "revenue": 36575828,
            "common_shares": 65873483,
            "book_valuer_per_share": 23.78,
            "book_valuer_per_share_4q_avg": 22.66,
            "equity": 156666324,
            "current_ratio": 234.36,
            "debt_ratio": 43.72,
            "inventory_turnover_ratio": 1.33,
            "account_receivable_turnover_ratio": null,
            "reinvestment_rate": 11.63,
            "research_to_sale_ratio": null,
            "price_fair": 98.31,
            "eps_avg_yearly": 2.81,
            "eps_latest_yearly": 5.28,
            "eps_growth_yearly": 292.94
        },
        "20042": {
            "year_quarter": 20042,
            "year": 2004,
            "quarter": 2,
            "eps": 1.38,
            "eps_growth_year": 84,
            "eps_4q": 3.91,
            "eps_4q_growth_year": 87.03,
            "roe": 6.18,
            "roe_4q": 18.02,
            "gross_profit": 8621143,
            "gross_margin": 21.16,
            "gross_margin_4q_avg": 19.57,
            "net_income": 9637811,
            "revenue": 40742283,
            "common_shares": 69825892,
            "book_valuer_per_share": 22.23,
            "book_valuer_per_share_4q_avg": 22.62,
            "equity": 155191241,
            "current_ratio": 196.9,
            "debt_ratio": 48.54,
            "inventory_turnover_ratio": 1.64,
            "account_receivable_turnover_ratio": null,
            "reinvestment_rate": 6.93,
            "research_to_sale_ratio": null,
            "price_fair": 107.8,
            "eps_avg_yearly": 3.08,
            "eps_latest_yearly": 5.52,
            "eps_growth_yearly": 265.46
        },
        "20043": {
            "year_quarter": 20043,
            "year": 2004,
            "quarter": 3,
            "eps": 1.61,
            "eps_growth_year": 228.57,
            "eps_4q": 5.05,
            "eps_4q_growth_year": 129.84,
            "roe": 7,
            "roe_4q": 22.759999999999998,
            "gross_profit": 9432165,
            "gross_margin": 20.54,
            "gross_margin_4q_avg": 20.27,
            "net_income": 11272187,
            "revenue": 45915580,
            "common_shares": 69825892,
            "book_valuer_per_share": 23.88,
            "book_valuer_per_share_4q_avg": 23.14,
            "equity": 166740646,
            "current_ratio": 208.03,
            "debt_ratio": 44.5,
            "inventory_turnover_ratio": 1.78,
            "account_receivable_turnover_ratio": null,
            "reinvestment_rate": 4.61,
            "research_to_sale_ratio": null,
            "price_fair": 118.49,
            "eps_avg_yearly": 3.39,
            "eps_latest_yearly": 6.44,
            "eps_growth_yearly": 247.39
        },
        "20044": {
            "year_quarter": 20044,
            "year": 2004,
            "quarter": 4,
            "eps": 1.99,
            "eps_growth_year": 128.74,
            "eps_4q": 6.22,
            "eps_4q_growth_year": 139.94,
            "roe": 8.03,
            "roe_4q": 26.87,
            "gross_profit": 8585745,
            "gross_margin": 20.18,
            "gross_margin_4q_avg": 20.59,
            "net_income": 13903826,
            "revenue": 42552141,
            "common_shares": 69825892,
            "book_valuer_per_share": 25.55,
            "book_valuer_per_share_4q_avg": 23.86,
            "equity": 179409930,
            "current_ratio": 182.07,
            "debt_ratio": 46.72,
            "inventory_turnover_ratio": 1.25,
            "account_receivable_turnover_ratio": null,
            "reinvestment_rate": -66.12,
            "research_to_sale_ratio": null,
            "price_fair": 131.83,
            "eps_avg_yearly": 3.77,
            "eps_latest_yearly": 7.96,
            "eps_growth_yearly": 234.64
        },
        "20051": {
            "year_quarter": 20051,
            "year": 2005,
            "quarter": 1,
            "eps": 1.81,
            "eps_growth_year": 37.12,
            "eps_4q": 6.8,
            "eps_4q_growth_year": 100.27,
            "roe": 6.83,
            "roe_4q": 28.04,
            "gross_profit": 6951862,
            "gross_margin": 15.83,
            "gross_margin_4q_avg": 19.43,
            "net_income": 12638486,
            "revenue": 43921696,
            "common_shares": 69825892,
            "book_valuer_per_share": 27.33,
            "book_valuer_per_share_4q_avg": 24.75,
            "equity": 190865434,
            "current_ratio": 224.02,
            "debt_ratio": 38.84,
            "inventory_turnover_ratio": 1.24,
            "account_receivable_turnover_ratio": null,
            "reinvestment_rate": -0.55,
            "research_to_sale_ratio": null,
            "price_fair": 141.18,
            "eps_avg_yearly": 4.03,
            "eps_latest_yearly": 7.24,
            "eps_growth_yearly": 213.81
        },
        "20052": {
            "year_quarter": 20052,
            "year": 2005,
            "quarter": 2,
            "eps": 1.07,
            "eps_growth_year": -22.46,
            "eps_4q": 6.16,
            "eps_4q_growth_year": 57.73,
            "roe": 4.36,
            "roe_4q": 26.22,
            "gross_profit": 5689129,
            "gross_margin": 13.93,
            "gross_margin_4q_avg": 17.62,
            "net_income": 7947847,
            "revenue": 40848196,
            "common_shares": 69825892,
            "book_valuer_per_share": 24.89,
            "book_valuer_per_share_4q_avg": 25.41,
            "equity": 173776472,
            "current_ratio": 158.56,
            "debt_ratio": 45.52,
            "inventory_turnover_ratio": 1.39,
            "account_receivable_turnover_ratio": null,
            "reinvestment_rate": -1.27,
            "research_to_sale_ratio": null,
            "price_fair": 141.8,
            "eps_avg_yearly": 4.05,
            "eps_latest_yearly": 4.28,
            "eps_growth_yearly": 186.85
        },
        "20053": {
            "year_quarter": 20053,
            "year": 2005,
            "quarter": 3,
            "eps": 1.58,
            "eps_growth_year": -1.86,
            "eps_4q": 6.23,
            "eps_4q_growth_year": 23.45,
            "roe": 6.48,
            "roe_4q": 25.700000000000003,
            "gross_profit": 6048966,
            "gross_margin": 14.56,
            "gross_margin_4q_avg": 16.13,
            "net_income": 11711705,
            "revenue": 41548789,
            "common_shares": 74015445,
            "book_valuer_per_share": 25.39,
            "book_valuer_per_share_4q_avg": 25.79,
            "equity": 187894478,
            "current_ratio": 245.35,
            "debt_ratio": 39.86,
            "inventory_turnover_ratio": 1.46,
            "account_receivable_turnover_ratio": null,
            "reinvestment_rate": -3.26,
            "research_to_sale_ratio": null,
            "price_fair": 147.09,
            "eps_avg_yearly": 4.2,
            "eps_latest_yearly": 6.32,
            "eps_growth_yearly": 187.11
        },
        "20054": {
            "year_quarter": 20054,
            "year": 2005,
            "quarter": 4,
            "eps": 1.03,
            "eps_growth_year": -48.24,
            "eps_4q": 5.37,
            "eps_4q_growth_year": -13.68,
            "roe": 3.94,
            "roe_4q": 21.61,
            "gross_profit": 5215499,
            "gross_margin": 12.66,
            "gross_margin_4q_avg": 14.25,
            "net_income": 7659045,
            "revenue": 41191485,
            "common_shares": 74015445,
            "book_valuer_per_share": 26.4,
            "book_valuer_per_share_4q_avg": 26,
            "equity": 200477882,
            "current_ratio": 182.55,
            "debt_ratio": 46.75,
            "inventory_turnover_ratio": 1.21,
            "account_receivable_turnover_ratio": null,
            "reinvestment_rate": -24.34,
            "research_to_sale_ratio": null,
            "price_fair": 146.91,
            "eps_avg_yearly": 4.2,
            "eps_latest_yearly": 4.12,
            "eps_growth_yearly": 166.71
        },
        "20061": {
            "year_quarter": 20061,
            "year": 2006,
            "quarter": 1,
            "eps": 0.93,
            "eps_growth_year": -48.62,
            "eps_4q": 4.64,
            "eps_4q_growth_year": -31.74,
            "roe": 3.28,
            "roe_4q": 18.06,
            "gross_profit": 5786162,
            "gross_margin": 14.03,
            "gross_margin_4q_avg": 13.8,
            "net_income": 6850255,
            "revenue": 41232684,
            "common_shares": 74015445,
            "book_valuer_per_share": 29.36,
            "book_valuer_per_share_4q_avg": 26.51,
            "equity": 217286006,
            "current_ratio": 216.86,
            "debt_ratio": 35.92,
            "inventory_turnover_ratio": 1.15,
            "account_receivable_turnover_ratio": null,
            "reinvestment_rate": -3.4,
            "research_to_sale_ratio": null,
            "price_fair": 147.96,
            "eps_avg_yearly": 4.23,
            "eps_latest_yearly": 3.72,
            "eps_growth_yearly": 33.51
        },
        "20062": {
            "year_quarter": 20062,
            "year": 2006,
            "quarter": 2,
            "eps": 1.64,
            "eps_growth_year": 53.27,
            "eps_4q": 5.07,
            "eps_4q_growth_year": -17.69,
            "roe": 5.81,
            "roe_4q": 19.509999999999998,
            "gross_profit": 7161266,
            "gross_margin": 15.55,
            "gross_margin_4q_avg": 14.2,
            "net_income": 12532443,
            "revenue": 46044147,
            "common_shares": 74015445,
            "book_valuer_per_share": 28.9,
            "book_valuer_per_share_4q_avg": 27.51,
            "equity": 213916787,
            "current_ratio": 146.4,
            "debt_ratio": 41.42,
            "inventory_turnover_ratio": 1.45,
            "account_receivable_turnover_ratio": null,
            "reinvestment_rate": -3.39,
            "research_to_sale_ratio": null,
            "price_fair": 155.84,
            "eps_avg_yearly": 4.45,
            "eps_latest_yearly": 6.56,
            "eps_growth_yearly": 54.76
        },
        "20063": {
            "year_quarter": 20063,
            "year": 2006,
            "quarter": 3,
            "eps": 2.03,
            "eps_growth_year": 28.48,
            "eps_4q": 5.57,
            "eps_4q_growth_year": -10.65,
            "roe": 6.97,
            "roe_4q": 20,
            "gross_profit": 8165956,
            "gross_margin": 17.1,
            "gross_margin_4q_avg": 14.84,
            "net_income": 15509810,
            "revenue": 47745185,
            "common_shares": 76235909,
            "book_valuer_per_share": 30.28,
            "book_valuer_per_share_4q_avg": 28.74,
            "equity": 230818654,
            "current_ratio": 179.25,
            "debt_ratio": 36.34,
            "inventory_turnover_ratio": 1.37,
            "account_receivable_turnover_ratio": null,
            "reinvestment_rate": -1.76,
            "research_to_sale_ratio": null,
            "price_fair": 170.98,
            "eps_avg_yearly": 4.89,
            "eps_latest_yearly": 8.12,
            "eps_growth_yearly": 75.57
        },
        "20064": {
            "year_quarter": 20064,
            "year": 2006,
            "quarter": 4,
            "eps": 1.65,
            "eps_growth_year": 60.19,
            "eps_4q": 6.22,
            "eps_4q_growth_year": 15.68,
            "roe": 5.1,
            "roe_4q": 21.16,
            "gross_profit": 8054919,
            "gross_margin": 17.27,
            "gross_margin_4q_avg": 15.99,
            "net_income": 12608757,
            "revenue": 46630391,
            "common_shares": 76235909,
            "book_valuer_per_share": 32.53,
            "book_valuer_per_share_4q_avg": 30.27,
            "equity": 263598356,
            "current_ratio": 212,
            "debt_ratio": 39.21,
            "inventory_turnover_ratio": 1.05,
            "account_receivable_turnover_ratio": null,
            "reinvestment_rate": 26.77,
            "research_to_sale_ratio": null,
            "price_fair": 181.3,
            "eps_avg_yearly": 5.18,
            "eps_latest_yearly": 6.6,
            "eps_growth_yearly": 56.72
        },
        "20071": {
            "year_quarter": 20071,
            "year": 2007,
            "quarter": 1,
            "eps": 1.46,
            "eps_growth_year": 56.99,
            "eps_4q": 6.79,
            "eps_4q_growth_year": 46.36,
            "roe": 4.21,
            "roe_4q": 22.089999999999996,
            "gross_profit": 8639801,
            "gross_margin": 18.98,
            "gross_margin_4q_avg": 17.23,
            "net_income": 11136609,
            "revenue": 45524281,
            "common_shares": 76235909,
            "book_valuer_per_share": 34.75,
            "book_valuer_per_share_4q_avg": 31.62,
            "equity": 264907730,
            "current_ratio": 172.52,
            "debt_ratio": 31.44,
            "inventory_turnover_ratio": 1.06,
            "account_receivable_turnover_ratio": null,
            "reinvestment_rate": 0.61,
            "research_to_sale_ratio": null,
            "price_fair": 189.09,
            "eps_avg_yearly": 5.4,
            "eps_latest_yearly": 5.84,
            "eps_growth_yearly": 48.53
        },
        "20072": {
            "year_quarter": 20072,
            "year": 2007,
            "quarter": 2,
            "eps": 1.56,
            "eps_growth_year": -4.88,
            "eps_4q": 6.72,
            "eps_4q_growth_year": 32.59,
            "roe": 4.64,
            "roe_4q": 20.919999999999998,
            "gross_profit": 10666553,
            "gross_margin": 19.8,
            "gross_margin_4q_avg": 18.29,
            "net_income": 11858174,
            "revenue": 53873739,
            "common_shares": 76235909,
            "book_valuer_per_share": 32.29,
            "book_valuer_per_share_4q_avg": 32.46,
            "equity": 246202539,
            "current_ratio": 135.83,
            "debt_ratio": 39.38,
            "inventory_turnover_ratio": 1.65,
            "account_receivable_turnover_ratio": null,
            "reinvestment_rate": 0.28,
            "research_to_sale_ratio": null,
            "price_fair": 196.18,
            "eps_avg_yearly": 5.61,
            "eps_latest_yearly": 6.24,
            "eps_growth_yearly": 42.34
        },
        "20073": {
            "year_quarter": 20073,
            "year": 2007,
            "quarter": 3,
            "eps": 2.71,
            "eps_growth_year": 33.5,
            "eps_4q": 7.37,
            "eps_4q_growth_year": 32.41,
            "roe": 8.01,
            "roe_4q": 21.96,
            "gross_profit": 12917376,
            "gross_margin": 20.87,
            "gross_margin_4q_avg": 19.23,
            "net_income": 20685225,
            "revenue": 61881628,
            "common_shares": 76235909,
            "book_valuer_per_share": 35.46,
            "book_valuer_per_share_4q_avg": 33.76,
            "equity": 270336212,
            "current_ratio": 204.5,
            "debt_ratio": 32.66,
            "inventory_turnover_ratio": 1.91,
            "account_receivable_turnover_ratio": null,
            "reinvestment_rate": -0.08,
            "research_to_sale_ratio": null,
            "price_fair": 215.6,
            "eps_avg_yearly": 6.16,
            "eps_latest_yearly": 10.84,
            "eps_growth_yearly": 69.44
        },
        "20074": {
            "year_quarter": 20074,
            "year": 2007,
            "quarter": 4,
            "eps": 2.02,
            "eps_growth_year": 22.42,
            "eps_4q": 7.76,
            "eps_4q_growth_year": 24.87,
            "roe": 5.36,
            "roe_4q": 22.220000000000002,
            "gross_profit": 17648141,
            "gross_margin": 26.18,
            "gross_margin_4q_avg": 21.46,
            "net_income": 15366634,
            "revenue": 67420347,
            "common_shares": 76235909,
            "book_valuer_per_share": 37.84,
            "book_valuer_per_share_4q_avg": 35.09,
            "equity": 303124453,
            "current_ratio": 233.66,
            "debt_ratio": 36.57,
            "inventory_turnover_ratio": 1.43,
            "account_receivable_turnover_ratio": null,
            "reinvestment_rate": 26.89,
            "research_to_sale_ratio": null,
            "price_fair": 225.66,
            "eps_avg_yearly": 6.45,
            "eps_latest_yearly": 8.08,
            "eps_growth_yearly": 43.69
        },
        "20081": {
            "year_quarter": 20081,
            "year": 2008,
            "quarter": 1,
            "eps": 1.07,
            "eps_growth_year": -26.71,
            "eps_4q": 6.95,
            "eps_4q_growth_year": 2.34,
            "roe": 2.83,
            "roe_4q": 20.840000000000003,
            "gross_profit": 16188475,
            "gross_margin": 17.55,
            "gross_margin_4q_avg": 21.1,
            "net_income": 8632962,
            "revenue": 92231832,
            "common_shares": 76235909,
            "book_valuer_per_share": 38.28,
            "book_valuer_per_share_4q_avg": 35.97,
            "equity": 306866785,
            "current_ratio": 240,
            "debt_ratio": 34.58,
            "inventory_turnover_ratio": 1.76,
            "account_receivable_turnover_ratio": null,
            "reinvestment_rate": 39.19,
            "research_to_sale_ratio": null,
            "price_fair": 185.16,
            "eps_avg_yearly": 6.39,
            "eps_latest_yearly": 4.28,
            "eps_growth_yearly": 19
        },
        "20082": {
            "year_quarter": 20082,
            "year": 2008,
            "quarter": 2,
            "eps": 1.4,
            "eps_growth_year": -10.26,
            "eps_4q": 6.82,
            "eps_4q_growth_year": 1.42,
            "roe": 4.01,
            "roe_4q": 20.21,
            "gross_profit": 14072159,
            "gross_margin": 14.83,
            "gross_margin_4q_avg": 19.86,
            "net_income": 11268284,
            "revenue": 94909721,
            "common_shares": 76235909,
            "book_valuer_per_share": 31.81,
            "book_valuer_per_share_4q_avg": 35.85,
            "equity": 254925182,
            "current_ratio": 156.74,
            "debt_ratio": 44.99,
            "inventory_turnover_ratio": 1.98,
            "account_receivable_turnover_ratio": null,
            "reinvestment_rate": 40.33,
            "research_to_sale_ratio": null,
            "price_fair": 223.65,
            "eps_avg_yearly": 6.39,
            "eps_latest_yearly": 5.6,
            "eps_growth_yearly": 25.57
        },
        "20083": {
            "year_quarter": 20083,
            "year": 2008,
            "quarter": 3,
            "eps": 0.78,
            "eps_growth_year": -71.22,
            "eps_4q": 4.59,
            "eps_4q_growth_year": -37.7,
            "roe": 2.66,
            "roe_4q": 14.86,
            "gross_profit": 8335998,
            "gross_margin": 10.12,
            "gross_margin_4q_avg": 17.17,
            "net_income": 6822645,
            "revenue": 82401586,
            "common_shares": 76235909,
            "book_valuer_per_share": 32.11,
            "book_valuer_per_share_4q_avg": 35.01,
            "equity": 257750969,
            "current_ratio": 232.64,
            "debt_ratio": 41.02,
            "inventory_turnover_ratio": 1.7,
            "account_receivable_turnover_ratio": null,
            "reinvestment_rate": 43.54,
            "research_to_sale_ratio": null,
            "price_fair": 125.72,
            "eps_avg_yearly": 6.18,
            "eps_latest_yearly": 3.12,
            "eps_growth_yearly": 10.33
        },
        "20084": {
            "year_quarter": 20084,
            "year": 2008,
            "quarter": 4,
            "eps": -2.02,
            "eps_growth_year": -200,
            "eps_4q": 1,
            "eps_4q_growth_year": -87.16,
            "roe": -6.1,
            "roe_4q": 3.4000000000000004,
            "gross_profit": -363044,
            "gross_margin": -0.68,
            "gross_margin_4q_avg": 10.46,
            "net_income": -15142105,
            "revenue": 53033133,
            "common_shares": 76235909,
            "book_valuer_per_share": 29.54,
            "book_valuer_per_share_4q_avg": 32.94,
            "equity": 238358745,
            "current_ratio": 256.82,
            "debt_ratio": 40.58,
            "inventory_turnover_ratio": 1.33,
            "account_receivable_turnover_ratio": 3.53,
            "reinvestment_rate": 38.87,
            "research_to_sale_ratio": null,
            "price_fair": 89.32,
            "eps_avg_yearly": 6.06,
            "eps_latest_yearly": 3.12,
            "eps_growth_yearly": 4.73
        },
        "20091": {
            "year_quarter": 20091,
            "year": 2009,
            "quarter": 1,
            "eps": -0.46,
            "eps_growth_year": -142.99,
            "eps_4q": -0.29,
            "eps_4q_growth_year": -104.22,
            "roe": -1.52,
            "roe_4q": -0.9499999999999993,
            "gross_profit": 767290,
            "gross_margin": 1.66,
            "gross_margin_4q_avg": 6.48,
            "net_income": -3639339,
            "revenue": 46258954,
            "common_shares": 76235909,
            "book_valuer_per_share": 29.82,
            "book_valuer_per_share_4q_avg": 30.82,
            "equity": 240650803,
            "current_ratio": 285.06,
            "debt_ratio": 39.62,
            "inventory_turnover_ratio": 1.46,
            "account_receivable_turnover_ratio": 1.61,
            "reinvestment_rate": 60.53,
            "research_to_sale_ratio": null,
            "price_fair": 105.56,
            "eps_avg_yearly": 5.98,
            "eps_latest_yearly": 3.12,
            "eps_growth_yearly": 7.65
        },
        "20092": {
            "year_quarter": 20092,
            "year": 2009,
            "quarter": 2,
            "eps": 0.71,
            "eps_growth_year": -49.29,
            "eps_4q": -0.9,
            "eps_4q_growth_year": -113.22,
            "roe": 2.41,
            "roe_4q": -2.549999999999999,
            "gross_profit": 8239278,
            "gross_margin": 13.36,
            "gross_margin_4q_avg": 6.12,
            "net_income": 5783820,
            "revenue": 61684989,
            "common_shares": 76235909,
            "book_valuer_per_share": 29.9,
            "book_valuer_per_share_4q_avg": 30.34,
            "equity": 239964476,
            "current_ratio": 254.89,
            "debt_ratio": 40.6,
            "inventory_turnover_ratio": 1.77,
            "account_receivable_turnover_ratio": 2.06,
            "reinvestment_rate": 58.93,
            "research_to_sale_ratio": null,
            "price_fair": 188.34,
            "eps_avg_yearly": 6.11,
            "eps_latest_yearly": 3.12,
            "eps_growth_yearly": 20.82
        },
        "20093": {
            "year_quarter": 20093,
            "year": 2009,
            "quarter": 3,
            "eps": 0.87,
            "eps_growth_year": 11.54,
            "eps_4q": -0.79,
            "eps_4q_growth_year": -117.18,
            "roe": 2.89,
            "roe_4q": -2.319999999999999,
            "gross_profit": 9015874,
            "gross_margin": 13.2,
            "gross_margin_4q_avg": 6.89,
            "net_income": 7122334,
            "revenue": 68300142,
            "common_shares": 78522986,
            "book_valuer_per_share": 30.55,
            "book_valuer_per_share_4q_avg": 29.95,
            "equity": 252455434,
            "current_ratio": 312.65,
            "debt_ratio": 39.27,
            "inventory_turnover_ratio": 1.88,
            "account_receivable_turnover_ratio": 2.08,
            "reinvestment_rate": 59.09,
            "research_to_sale_ratio": null,
            "price_fair": 136.05,
            "eps_avg_yearly": 5.89,
            "eps_latest_yearly": 3.48,
            "eps_growth_yearly": 13.09
        },
        "20094": {
            "year_quarter": 20094,
            "year": 2009,
            "quarter": 4,
            "eps": 0.95,
            "eps_growth_year": null,
            "eps_4q": 2.09,
            "eps_4q_growth_year": 109.57,
            "roe": 2.97,
            "roe_4q": 6.75,
            "gross_profit": 9481841,
            "gross_margin": 13.97,
            "gross_margin_4q_avg": 10.55,
            "net_income": 7656061,
            "revenue": 67892260,
            "common_shares": 78522986,
            "book_valuer_per_share": 31.91,
            "book_valuer_per_share_4q_avg": 30.55,
            "equity": 263686745,
            "current_ratio": 313.21,
            "debt_ratio": 37.74,
            "inventory_turnover_ratio": 1.83,
            "account_receivable_turnover_ratio": 3.9,
            "reinvestment_rate": 95.59,
            "research_to_sale_ratio": null,
            "price_fair": 205.37,
            "eps_avg_yearly": 5.87,
            "eps_latest_yearly": 3.8,
            "eps_growth_yearly": 26.63
        },
        "20101": {
            "year_quarter": 20101,
            "year": 2010,
            "quarter": 1,
            "eps": 1.15,
            "eps_growth_year": null,
            "eps_4q": 3.68,
            "eps_4q_growth_year": null,
            "roe": 3.43,
            "roe_4q": 11.700000000000001,
            "gross_profit": 12710384,
            "gross_margin": 16.31,
            "gross_margin_4q_avg": 14.21,
            "net_income": 9209568,
            "revenue": 77914143,
            "common_shares": 78522986,
            "book_valuer_per_share": 33.21,
            "book_valuer_per_share_4q_avg": 31.39,
            "equity": 274073364,
            "current_ratio": 299.26,
            "debt_ratio": 37.77,
            "inventory_turnover_ratio": 1.88,
            "account_receivable_turnover_ratio": 2.06,
            "reinvestment_rate": 137.22,
            "research_to_sale_ratio": null,
            "price_fair": 207.74,
            "eps_avg_yearly": 5.94,
            "eps_latest_yearly": 4.6,
            "eps_growth_yearly": 36.09
        },
        "20102": {
            "year_quarter": 20102,
            "year": 2010,
            "quarter": 2,
            "eps": 1.46,
            "eps_growth_year": 105.78,
            "eps_4q": 4.43,
            "eps_4q_growth_year": null,
            "roe": 4.38,
            "roe_4q": 13.670000000000002,
            "gross_profit": 15497919,
            "gross_margin": 17.3,
            "gross_margin_4q_avg": 15.2,
            "net_income": 11877802,
            "revenue": 89601569,
            "common_shares": 78522986,
            "book_valuer_per_share": 32.69,
            "book_valuer_per_share_4q_avg": 32.09,
            "equity": 268905532,
            "current_ratio": 230.37,
            "debt_ratio": 41.32,
            "inventory_turnover_ratio": 1.96,
            "account_receivable_turnover_ratio": 2.07,
            "reinvestment_rate": 131.63,
            "research_to_sale_ratio": null,
            "price_fair": 181.68,
            "eps_avg_yearly": 5.88,
            "eps_latest_yearly": 5.84,
            "eps_growth_yearly": 20.9
        },
        "20103": {
            "year_quarter": 20103,
            "year": 2010,
            "quarter": 3,
            "eps": 1.52,
            "eps_growth_year": 75.09,
            "eps_4q": 5.08,
            "eps_4q_growth_year": null,
            "roe": 4.39,
            "roe_4q": 15.17,
            "gross_profit": 15022351,
            "gross_margin": 16.82,
            "gross_margin_4q_avg": 16.1,
            "net_income": 12113806,
            "revenue": 89302479,
            "common_shares": 78522986,
            "book_valuer_per_share": 34.43,
            "book_valuer_per_share_4q_avg": 33.06,
            "equity": 282414106,
            "current_ratio": 294.95,
            "debt_ratio": 37.53,
            "inventory_turnover_ratio": 1.9,
            "account_receivable_turnover_ratio": 1.93,
            "reinvestment_rate": 135.61,
            "research_to_sale_ratio": null,
            "price_fair": 142.19,
            "eps_avg_yearly": 5.72,
            "eps_latest_yearly": 6.08,
            "eps_growth_yearly": 14.85
        },
        "20104": {
            "year_quarter": 20104,
            "year": 2010,
            "quarter": 4,
            "eps": 1.09,
            "eps_growth_year": 14.4,
            "eps_4q": 5.22,
            "eps_4q_growth_year": 149.78,
            "roe": 2.95,
            "roe_4q": 15.149999999999999,
            "gross_profit": 14339372,
            "gross_margin": 17.71,
            "gross_margin_4q_avg": 17.04,
            "net_income": 8516528,
            "revenue": 80967032,
            "common_shares": 78522986,
            "book_valuer_per_share": 36.05,
            "book_valuer_per_share_4q_avg": 34.1,
            "equity": 295061699,
            "current_ratio": 396.18,
            "debt_ratio": 35.93,
            "inventory_turnover_ratio": 1.69,
            "account_receivable_turnover_ratio": 1.8,
            "reinvestment_rate": 82.22,
            "research_to_sale_ratio": null,
            "price_fair": 121.56,
            "eps_avg_yearly": 5.55,
            "eps_latest_yearly": 4.36,
            "eps_growth_yearly": 11.9
        },
        "20111": {
            "year_quarter": 20111,
            "year": 2011,
            "quarter": 1,
            "eps": 1.7,
            "eps_growth_year": 47.83,
            "eps_4q": 5.78,
            "eps_4q_growth_year": 57.01,
            "roe": 4.48,
            "roe_4q": 16.2,
            "gross_profit": 18863835,
            "gross_margin": 20.32,
            "gross_margin_4q_avg": 18.04,
            "net_income": 13652978,
            "revenue": 92814635,
            "common_shares": 78522986,
            "book_valuer_per_share": 38.41,
            "book_valuer_per_share_4q_avg": 35.4,
            "equity": 314031342,
            "current_ratio": 418.34,
            "debt_ratio": 36.2,
            "inventory_turnover_ratio": 1.78,
            "account_receivable_turnover_ratio": 2.01,
            "reinvestment_rate": 135.04,
            "research_to_sale_ratio": null,
            "price_fair": 196.86,
            "eps_avg_yearly": 5.62,
            "eps_latest_yearly": 6.8,
            "eps_growth_yearly": 32.66
        },
        "20112": {
            "year_quarter": 20112,
            "year": 2011,
            "quarter": 2,
            "eps": 0.84,
            "eps_growth_year": -42.24,
            "eps_4q": 5.16,
            "eps_4q_growth_year": 16.46,
            "roe": 2.32,
            "roe_4q": 14.14,
            "gross_profit": 12854027,
            "gross_margin": 15.71,
            "gross_margin_4q_avg": 17.64,
            "net_income": 6877844,
            "revenue": 81811313,
            "common_shares": 78522986,
            "book_valuer_per_share": 34.11,
            "book_valuer_per_share_4q_avg": 35.75,
            "equity": 279954291,
            "current_ratio": 258.37,
            "debt_ratio": 43.02,
            "inventory_turnover_ratio": 1.52,
            "account_receivable_turnover_ratio": 1.78,
            "reinvestment_rate": 130.78,
            "research_to_sale_ratio": null,
            "price_fair": 135.02,
            "eps_avg_yearly": 5.4,
            "eps_latest_yearly": 3.36,
            "eps_growth_yearly": 14.99
        },
        "20113": {
            "year_quarter": 20113,
            "year": 2011,
            "quarter": 3,
            "eps": 0.68,
            "eps_growth_year": -55.48,
            "eps_4q": 4.31,
            "eps_4q_growth_year": -15.06,
            "roe": 2.07,
            "roe_4q": 11.82,
            "gross_profit": 12048470,
            "gross_margin": 15.05,
            "gross_margin_4q_avg": 17.2,
            "net_income": 5810535,
            "revenue": 80048677,
            "common_shares": 78522986,
            "book_valuer_per_share": 34.1,
            "book_valuer_per_share_4q_avg": 35.67,
            "equity": 280353745,
            "current_ratio": 348.72,
            "debt_ratio": 40.45,
            "inventory_turnover_ratio": 1.43,
            "account_receivable_turnover_ratio": 1.82,
            "reinvestment_rate": 148.3,
            "research_to_sale_ratio": null,
            "price_fair": 14.34,
            "eps_avg_yearly": 4.78,
            "eps_latest_yearly": 2.72,
            "eps_growth_yearly": -13.55
        },
        "20114": {
            "year_quarter": 20114,
            "year": 2011,
            "quarter": 4,
            "eps": -0.28,
            "eps_growth_year": -125.66,
            "eps_4q": 2.95,
            "eps_4q_growth_year": -43.52,
            "roe": -0.77,
            "roe_4q": 8.1,
            "gross_profit": 7633652,
            "gross_margin": 10,
            "gross_margin_4q_avg": 15.27,
            "net_income": -2140136,
            "revenue": 76324591,
            "common_shares": 78522986,
            "book_valuer_per_share": 33.7,
            "book_valuer_per_share_4q_avg": 35.08,
            "equity": 277235352,
            "current_ratio": 339.05,
            "debt_ratio": 41.06,
            "inventory_turnover_ratio": 1.47,
            "account_receivable_turnover_ratio": 1.76,
            "reinvestment_rate": 103.08,
            "research_to_sale_ratio": null,
            "price_fair": 13.51,
            "eps_avg_yearly": 4.5,
            "eps_latest_yearly": 2.72,
            "eps_growth_yearly": -6.2
        },
        "20121": {
            "year_quarter": 20121,
            "year": 2012,
            "quarter": 1,
            "eps": 0.13,
            "eps_growth_year": -92.35,
            "eps_4q": 1.37,
            "eps_4q_growth_year": -76.23,
            "roe": 0.38,
            "roe_4q": 3.9999999999999996,
            "gross_profit": 9219610,
            "gross_margin": 11.63,
            "gross_margin_4q_avg": 13.1,
            "net_income": 1054247,
            "revenue": 79255505,
            "common_shares": 78522986,
            "book_valuer_per_share": 34.05,
            "book_valuer_per_share_4q_avg": 33.99,
            "equity": 280210998,
            "current_ratio": 315.68,
            "debt_ratio": 41.67,
            "inventory_turnover_ratio": 1.52,
            "account_receivable_turnover_ratio": 1.86,
            "reinvestment_rate": 109.21,
            "research_to_sale_ratio": null,
            "price_fair": 92.02,
            "eps_avg_yearly": 4.52,
            "eps_latest_yearly": 2.72,
            "eps_growth_yearly": 10.34
        },
        "20122": {
            "year_quarter": 20122,
            "year": 2012,
            "quarter": 2,
            "eps": -0.37,
            "eps_growth_year": -144.14,
            "eps_4q": 0.16,
            "eps_4q_growth_year": -96.97,
            "roe": -1.12,
            "roe_4q": 0.5599999999999996,
            "gross_profit": 6619451,
            "gross_margin": 8.92,
            "gross_margin_4q_avg": 11.4,
            "net_income": -3009736,
            "revenue": 74198174,
            "common_shares": 78522986,
            "book_valuer_per_share": 31.1,
            "book_valuer_per_share_4q_avg": 33.24,
            "equity": 256368439,
            "current_ratio": 233.1,
            "debt_ratio": 47.77,
            "inventory_turnover_ratio": 1.43,
            "account_receivable_turnover_ratio": 1.69,
            "reinvestment_rate": 115.76,
            "research_to_sale_ratio": null,
            "price_fair": 13.25,
            "eps_avg_yearly": 4.42,
            "eps_latest_yearly": 2.72,
            "eps_growth_yearly": -0.96
        },
        "20123": {
            "year_quarter": 20123,
            "year": 2012,
            "quarter": 3,
            "eps": 0.61,
            "eps_growth_year": -9.58,
            "eps_4q": 0.09,
            "eps_4q_growth_year": -97.89,
            "roe": 1.8,
            "roe_4q": 0.29000000000000004,
            "gross_profit": 5950229,
            "gross_margin": 7.93,
            "gross_margin_4q_avg": 9.62,
            "net_income": 4624535,
            "revenue": 75048032,
            "common_shares": 78522986,
            "book_valuer_per_share": 31.39,
            "book_valuer_per_share_4q_avg": 32.56,
            "equity": 258319863,
            "current_ratio": 262.28,
            "debt_ratio": 45.93,
            "inventory_turnover_ratio": 1.48,
            "account_receivable_turnover_ratio": 1.74,
            "reinvestment_rate": 117.58,
            "research_to_sale_ratio": null,
            "price_fair": 130.49,
            "eps_avg_yearly": 4.56,
            "eps_latest_yearly": 2.72,
            "eps_growth_yearly": 18.62
        },
        "20124": {
            "year_quarter": 20124,
            "year": 2012,
            "quarter": 4,
            "eps": 0.17,
            "eps_growth_year": null,
            "eps_4q": 0.54,
            "eps_4q_growth_year": -81.78,
            "roe": 0.36,
            "roe_4q": 1.42,
            "gross_profit": 7332925,
            "gross_margin": 10.16,
            "gross_margin_4q_avg": 9.66,
            "net_income": 924241,
            "revenue": 72205174,
            "common_shares": 78522986,
            "book_valuer_per_share": 31.4,
            "book_valuer_per_share_4q_avg": 31.99,
            "equity": 257744499,
            "current_ratio": 286.49,
            "debt_ratio": 42.93,
            "inventory_turnover_ratio": 1.46,
            "account_receivable_turnover_ratio": 1.76,
            "reinvestment_rate": 96.37,
            "research_to_sale_ratio": null,
            "price_fair": 12.52,
            "eps_avg_yearly": 4.17,
            "eps_latest_yearly": 0.68,
            "eps_growth_yearly": -12.1
        },
        "20131": {
            "year_quarter": 20131,
            "year": 2013,
            "quarter": 1,
            "eps": 0.9,
            "eps_growth_year": 592.31,
            "eps_4q": 1.3,
            "eps_4q_growth_year": -5.07,
            "roe": 2.67,
            "roe_4q": 3.71,
            "gross_profit": 8296884,
            "gross_margin": 11.17,
            "gross_margin_4q_avg": 9.55,
            "net_income": 6938975,
            "revenue": 74265110,
            "common_shares": 78522986,
            "book_valuer_per_share": 31.9,
            "book_valuer_per_share_4q_avg": 31.45,
            "equity": 262327720,
            "current_ratio": 247.66,
            "debt_ratio": 45.73,
            "inventory_turnover_ratio": 1.47,
            "account_receivable_turnover_ratio": 1.9,
            "reinvestment_rate": 93.48,
            "research_to_sale_ratio": null,
            "price_fair": 144.2,
            "eps_avg_yearly": 4.12,
            "eps_latest_yearly": 3.6,
            "eps_growth_yearly": 145.15
        },
        "20132": {
            "year_quarter": 20132,
            "year": 2013,
            "quarter": 2,
            "eps": 0.48,
            "eps_growth_year": null,
            "eps_4q": 2.14,
            "eps_4q_growth_year": 1267.73,
            "roe": 1.4,
            "roe_4q": 6.23,
            "gross_profit": 7170588,
            "gross_margin": 9.69,
            "gross_margin_4q_avg": 9.74,
            "net_income": 3751211,
            "revenue": 74034602,
            "common_shares": 78522986,
            "book_valuer_per_share": 33.12,
            "book_valuer_per_share_4q_avg": 31.95,
            "equity": 272387957,
            "current_ratio": 222.34,
            "debt_ratio": 46.39,
            "inventory_turnover_ratio": 1.43,
            "account_receivable_turnover_ratio": 1.8,
            "reinvestment_rate": 113.56,
            "research_to_sale_ratio": null,
            "price_fair": 137.78,
            "eps_avg_yearly": 3.94,
            "eps_latest_yearly": 1.92,
            "eps_growth_yearly": 117.5
        },
        "20133": {
            "year_quarter": 20133,
            "year": 2013,
            "quarter": 3,
            "eps": 1.02,
            "eps_growth_year": 66.33,
            "eps_4q": 2.54,
            "eps_4q_growth_year": 2692.51,
            "roe": 2.89,
            "roe_4q": 7.32,
            "gross_profit": 9195977,
            "gross_margin": 11.18,
            "gross_margin_4q_avg": 10.55,
            "net_income": 8006380,
            "revenue": 82243293,
            "common_shares": 79308216,
            "book_valuer_per_share": 33.88,
            "book_valuer_per_share_4q_avg": 32.58,
            "equity": 281024741,
            "current_ratio": 223.41,
            "debt_ratio": 45.46,
            "inventory_turnover_ratio": 1.57,
            "account_receivable_turnover_ratio": 1.88,
            "reinvestment_rate": 117.8,
            "research_to_sale_ratio": null,
            "price_fair": 139.53,
            "eps_avg_yearly": 3.99,
            "eps_latest_yearly": 4.08,
            "eps_growth_yearly": 147.49
        },
        "20134": {
            "year_quarter": 20134,
            "year": 2013,
            "quarter": 4,
            "eps": 0.81,
            "eps_growth_year": 383.58,
            "eps_4q": 3.19,
            "eps_4q_growth_year": 493.48,
            "roe": 2.21,
            "roe_4q": 9.17,
            "gross_profit": 7997778,
            "gross_margin": 9.94,
            "gross_margin_4q_avg": 10.5,
            "net_income": 6367134,
            "revenue": 80462284,
            "common_shares": 79308216,
            "book_valuer_per_share": 35.62,
            "book_valuer_per_share_4q_avg": 33.63,
            "equity": 295347551,
            "current_ratio": 244.09,
            "debt_ratio": 43.69,
            "inventory_turnover_ratio": 1.58,
            "account_receivable_turnover_ratio": 1.82,
            "reinvestment_rate": 14.27,
            "research_to_sale_ratio": null,
            "price_fair": 137.9,
            "eps_avg_yearly": 3.94,
            "eps_latest_yearly": 3.24,
            "eps_growth_yearly": 137.56
        },
        "20141": {
            "year_quarter": 20141,
            "year": 2014,
            "quarter": 1,
            "eps": 1.18,
            "eps_growth_year": 31.11,
            "eps_4q": 3.48,
            "eps_4q_growth_year": 166.89,
            "roe": 3.13,
            "roe_4q": 9.63,
            "gross_profit": 6942566,
            "gross_margin": 8.96,
            "gross_margin_4q_avg": 9.94,
            "net_income": 9375600,
            "revenue": 77473959,
            "common_shares": 79308216,
            "book_valuer_per_share": 36.71,
            "book_valuer_per_share_4q_avg": 34.83,
            "equity": 304004602,
            "current_ratio": 269.45,
            "debt_ratio": 42.03,
            "inventory_turnover_ratio": 1.55,
            "account_receivable_turnover_ratio": 1.72,
            "reinvestment_rate": 15.61,
            "research_to_sale_ratio": null,
            "price_fair": 138.25,
            "eps_avg_yearly": 3.95,
            "eps_latest_yearly": 4.72,
            "eps_growth_yearly": 145.77
        },
        "20142": {
            "year_quarter": 20142,
            "year": 2014,
            "quarter": 2,
            "eps": 1.26,
            "eps_growth_year": 162.5,
            "eps_4q": 4.27,
            "eps_4q_growth_year": 99.79,
            "roe": 3.32,
            "roe_4q": 11.55,
            "gross_profit": 8153197,
            "gross_margin": 9.8,
            "gross_margin_4q_avg": 9.97,
            "net_income": 10347759,
            "revenue": 83215022,
            "common_shares": 79308216,
            "book_valuer_per_share": 38.45,
            "book_valuer_per_share_4q_avg": 36.17,
            "equity": 319506186,
            "current_ratio": 260.97,
            "debt_ratio": 42.81,
            "inventory_turnover_ratio": 1.62,
            "account_receivable_turnover_ratio": 1.75,
            "reinvestment_rate": 38.81,
            "research_to_sale_ratio": null,
            "price_fair": 135.92,
            "eps_avg_yearly": 3.88,
            "eps_latest_yearly": 5.04,
            "eps_growth_yearly": 139.04
        },
        "20143": {
            "year_quarter": 20143,
            "year": 2014,
            "quarter": 3,
            "eps": 1.18,
            "eps_growth_year": 15.69,
            "eps_4q": 4.43,
            "eps_4q_growth_year": 74.1,
            "roe": 3.01,
            "roe_4q": 11.670000000000002,
            "gross_profit": 7890418,
            "gross_margin": 9.3,
            "gross_margin_4q_avg": 9.5,
            "net_income": 9644098,
            "revenue": 84887468,
            "common_shares": 79308216,
            "book_valuer_per_share": 38.67,
            "book_valuer_per_share_4q_avg": 37.36,
            "equity": 320979697,
            "current_ratio": 325.54,
            "debt_ratio": 40.31,
            "inventory_turnover_ratio": 1.6,
            "account_receivable_turnover_ratio": 1.66,
            "reinvestment_rate": 37.63,
            "research_to_sale_ratio": null,
            "price_fair": 131.95,
            "eps_avg_yearly": 3.77,
            "eps_latest_yearly": 4.72,
            "eps_growth_yearly": 135.56
        },
        "20144": {
            "year_quarter": 20144,
            "year": 2014,
            "quarter": 4,
            "eps": 0.39,
            "eps_growth_year": -52.3,
            "eps_4q": 4.01,
            "eps_4q_growth_year": 25.77,
            "roe": 1.05,
            "roe_4q": 10.509999999999998,
            "gross_profit": 6046917,
            "gross_margin": 7.57,
            "gross_margin_4q_avg": 8.91,
            "net_income": 3449296,
            "revenue": 79896697,
            "common_shares": 79308216,
            "book_valuer_per_share": 40.28,
            "book_valuer_per_share_4q_avg": 38.53,
            "equity": 334147582,
            "current_ratio": 295.38,
            "debt_ratio": 37.27,
            "inventory_turnover_ratio": 1.53,
            "account_receivable_turnover_ratio": 1.5,
            "reinvestment_rate": 54.09,
            "research_to_sale_ratio": null,
            "price_fair": 123.78,
            "eps_avg_yearly": 3.54,
            "eps_latest_yearly": 1.56,
            "eps_growth_yearly": 122.67
        },
        "20151": {
            "year_quarter": 20151,
            "year": 2015,
            "quarter": 1,
            "eps": 1,
            "eps_growth_year": -15.25,
            "eps_4q": 3.83,
            "eps_4q_growth_year": 10.2,
            "roe": 2.43,
            "roe_4q": 9.81,
            "gross_profit": 11045514,
            "gross_margin": 13.89,
            "gross_margin_4q_avg": 10.14,
            "net_income": 8169341,
            "revenue": 79525772,
            "common_shares": 79308216,
            "book_valuer_per_share": 40.69,
            "book_valuer_per_share_4q_avg": 39.52,
            "equity": 337221337,
            "current_ratio": 304.84,
            "debt_ratio": 36.75,
            "inventory_turnover_ratio": 1.5,
            "account_receivable_turnover_ratio": 1.42,
            "reinvestment_rate": 47.79,
            "research_to_sale_ratio": null,
            "price_fair": 115.62,
            "eps_avg_yearly": 3.3,
            "eps_latest_yearly": 4,
            "eps_growth_yearly": 156.15
        },
        "20152": {
            "year_quarter": 20152,
            "year": 2015,
            "quarter": 2,
            "eps": 1.58,
            "eps_growth_year": 25.4,
            "eps_4q": 4.15,
            "eps_4q_growth_year": -2.68,
            "roe": 3.83,
            "roe_4q": 10.32,
            "gross_profit": 12352239,
            "gross_margin": 15.06,
            "gross_margin_4q_avg": 11.46,
            "net_income": 12558547,
            "revenue": 82023829,
            "common_shares": 79308216,
            "book_valuer_per_share": 38.41,
            "book_valuer_per_share_4q_avg": 39.51,
            "equity": 318053576,
            "current_ratio": 241.13,
            "debt_ratio": 39.87,
            "inventory_turnover_ratio": 1.54,
            "account_receivable_turnover_ratio": 1.43,
            "reinvestment_rate": 46.9,
            "research_to_sale_ratio": null,
            "price_fair": 124.25,
            "eps_avg_yearly": 3.55,
            "eps_latest_yearly": 6.32,
            "eps_growth_yearly": 192.35
        },
        "20153": {
            "year_quarter": 20153,
            "year": 2015,
            "quarter": 3,
            "eps": 1.27,
            "eps_growth_year": 7.63,
            "eps_4q": 4.24,
            "eps_4q_growth_year": -4.37,
            "roe": 3.15,
            "roe_4q": 10.46,
            "gross_profit": 6924533,
            "gross_margin": 9.71,
            "gross_margin_4q_avg": 11.56,
            "net_income": 10178439,
            "revenue": 71304590,
            "common_shares": 79308216,
            "book_valuer_per_share": 39.63,
            "book_valuer_per_share_4q_avg": 39.75,
            "equity": 327865081,
            "current_ratio": 261.34,
            "debt_ratio": 37.24,
            "inventory_turnover_ratio": 1.47,
            "account_receivable_turnover_ratio": 1.33,
            "reinvestment_rate": 51,
            "research_to_sale_ratio": null,
            "price_fair": 131.13,
            "eps_avg_yearly": 3.75,
            "eps_latest_yearly": 5.08,
            "eps_growth_yearly": 192.16
        },
        "20154": {
            "year_quarter": 20154,
            "year": 2015,
            "quarter": 4,
            "eps": 0.65,
            "eps_growth_year": 69.51,
            "eps_4q": 4.5,
            "eps_4q_growth_year": 12.38,
            "roe": 1.55,
            "roe_4q": 10.96,
            "gross_profit": 6033518,
            "gross_margin": 9.02,
            "gross_margin_4q_avg": 11.92,
            "net_income": 5175377,
            "revenue": 66927223,
            "common_shares": 79308216,
            "book_valuer_per_share": 40.89,
            "book_valuer_per_share_4q_avg": 39.91,
            "equity": 337951226,
            "current_ratio": 299.9,
            "debt_ratio": 34.22,
            "inventory_turnover_ratio": 1.53,
            "account_receivable_turnover_ratio": 1.4,
            "reinvestment_rate": 46.7,
            "research_to_sale_ratio": null,
            "price_fair": 128.05,
            "eps_avg_yearly": 3.66,
            "eps_latest_yearly": 2.6,
            "eps_growth_yearly": 162.36
        },
        "20161": {
            "year_quarter": 20161,
            "year": 2016,
            "quarter": 1,
            "eps": 0.68,
            "eps_growth_year": -32,
            "eps_4q": 4.18,
            "eps_4q_growth_year": 9.03,
            "roe": 1.55,
            "roe_4q": 10.08,
            "gross_profit": 7574249,
            "gross_margin": 11.57,
            "gross_margin_4q_avg": 11.34,
            "net_income": 5290566,
            "revenue": 65469083,
            "common_shares": 79308216,
            "book_valuer_per_share": 41.65,
            "book_valuer_per_share_4q_avg": 40.15,
            "equity": 343872587,
            "current_ratio": 278.43,
            "debt_ratio": 34.09,
            "inventory_turnover_ratio": 1.48,
            "account_receivable_turnover_ratio": 1.46,
            "reinvestment_rate": 51.26,
            "research_to_sale_ratio": null,
            "price_fair": 125.7,
            "eps_avg_yearly": 3.59,
            "eps_latest_yearly": 2.72,
            "eps_growth_yearly": 152.08
        },
        "20162": {
            "year_quarter": 20162,
            "year": 2016,
            "quarter": 2,
            "eps": 1.05,
            "eps_growth_year": -33.54,
            "eps_4q": 3.65,
            "eps_4q_growth_year": -12.11,
            "roe": 2.5,
            "roe_4q": 8.75,
            "gross_profit": 7718056,
            "gross_margin": 11.31,
            "gross_margin_4q_avg": 10.4,
            "net_income": 8303395,
            "revenue": 68244079,
            "common_shares": 79308216,
            "book_valuer_per_share": 38.78,
            "book_valuer_per_share_4q_avg": 40.24,
            "equity": 320630154,
            "current_ratio": 235.97,
            "debt_ratio": 38.14,
            "inventory_turnover_ratio": 1.56,
            "account_receivable_turnover_ratio": 1.54,
            "reinvestment_rate": 43.42,
            "research_to_sale_ratio": null,
            "price_fair": 127.12,
            "eps_avg_yearly": 3.63,
            "eps_latest_yearly": 4.2,
            "eps_growth_yearly": 156.45
        },
        "20163": {
            "year_quarter": 20163,
            "year": 2016,
            "quarter": 3,
            "eps": 1.06,
            "eps_growth_year": -16.54,
            "eps_4q": 3.45,
            "eps_4q_growth_year": -18.65,
            "roe": 2.52,
            "roe_4q": 8.12,
            "gross_profit": 7164956,
            "gross_margin": 10.4,
            "gross_margin_4q_avg": 10.58,
            "net_income": 8149794,
            "revenue": 68900863,
            "common_shares": 79308216,
            "book_valuer_per_share": 39.48,
            "book_valuer_per_share_4q_avg": 40.2,
            "equity": 325828595,
            "current_ratio": 262.54,
            "debt_ratio": 35.63,
            "inventory_turnover_ratio": 1.66,
            "account_receivable_turnover_ratio": 1.55,
            "reinvestment_rate": 31.89,
            "research_to_sale_ratio": null,
            "price_fair": 128.45,
            "eps_avg_yearly": 3.67,
            "eps_latest_yearly": 4.24,
            "eps_growth_yearly": 146.91
        },
        "20164": {
            "year_quarter": 20164,
            "year": 2016,
            "quarter": 4,
            "eps": 3.36,
            "eps_growth_year": 415.41,
            "eps_4q": 6.16,
            "eps_4q_growth_year": 36.73,
            "roe": 7.97,
            "roe_4q": 14.540000000000001,
            "gross_profit": 8941780,
            "gross_margin": 12.3,
            "gross_margin_4q_avg": 11.4,
            "net_income": 26969268,
            "revenue": 72680406,
            "common_shares": 79308216,
            "book_valuer_per_share": 42.68,
            "book_valuer_per_share_4q_avg": 40.65,
            "equity": 351033466,
            "current_ratio": 256.1,
            "debt_ratio": 34.65,
            "inventory_turnover_ratio": 1.79,
            "account_receivable_turnover_ratio": 1.57,
            "reinvestment_rate": 39.65,
            "research_to_sale_ratio": null,
            "price_fair": 156.36,
            "eps_avg_yearly": 4.47,
            "eps_latest_yearly": 13.44,
            "eps_growth_yearly": 219.19
        },
        "20171": {
            "year_quarter": 20171,
            "year": 2017,
            "quarter": 1,
            "eps": 1.37,
            "eps_growth_year": 101.47,
            "eps_4q": 6.85,
            "eps_4q_growth_year": 63.96,
            "roe": 2.99,
            "roe_4q": 15.98,
            "gross_profit": 13037226,
            "gross_margin": 17.94,
            "gross_margin_4q_avg": 12.99,
            "net_income": 10569777,
            "revenue": 72676153,
            "common_shares": 79308216,
            "book_valuer_per_share": 43.32,
            "book_valuer_per_share_4q_avg": 41.07,
            "equity": 355604984,
            "current_ratio": 278.3,
            "debt_ratio": 33.52,
            "inventory_turnover_ratio": 1.62,
            "account_receivable_turnover_ratio": 1.53,
            "reinvestment_rate": 30.73,
            "research_to_sale_ratio": null,
            "price_fair": 160.48,
            "eps_avg_yearly": 4.59,
            "eps_latest_yearly": 5.48,
            "eps_growth_yearly": 97.03
        },
        "20172": {
            "year_quarter": 20172,
            "year": 2017,
            "quarter": 2,
            "eps": 1.14,
            "eps_growth_year": 8.57,
            "eps_4q": 6.94,
            "eps_4q_growth_year": 90.08,
            "roe": 2.62,
            "roe_4q": 16.1,
            "gross_profit": 11260454,
            "gross_margin": 15.2,
            "gross_margin_4q_avg": 13.96,
            "net_income": 9002456,
            "revenue": 74105572,
            "common_shares": 79308216,
            "book_valuer_per_share": 40.35,
            "book_valuer_per_share_4q_avg": 41.46,
            "equity": 331732741,
            "current_ratio": 214.27,
            "debt_ratio": 38.08,
            "inventory_turnover_ratio": 1.65,
            "account_receivable_turnover_ratio": 1.55,
            "reinvestment_rate": 15.5,
            "research_to_sale_ratio": null,
            "price_fair": 166.25,
            "eps_avg_yearly": 4.75,
            "eps_latest_yearly": 4.56,
            "eps_growth_yearly": 104.5
        },
        "20173": {
            "year_quarter": 20173,
            "year": 2017,
            "quarter": 3,
            "eps": 2.1,
            "eps_growth_year": 98.11,
            "eps_4q": 7.97,
            "eps_4q_growth_year": 131.4,
            "roe": 4.84,
            "roe_4q": 18.419999999999998,
            "gross_profit": 12705042,
            "gross_margin": 16.32,
            "gross_margin_4q_avg": 15.44,
            "net_income": 16555163,
            "revenue": 77861530,
            "common_shares": 79308216,
            "book_valuer_per_share": 42.93,
            "book_valuer_per_share_4q_avg": 42.32,
            "equity": 352154255,
            "current_ratio": 286.35,
            "debt_ratio": 32.8,
            "inventory_turnover_ratio": 1.71,
            "account_receivable_turnover_ratio": 1.55,
            "reinvestment_rate": 20.85,
            "research_to_sale_ratio": null,
            "price_fair": 175.7,
            "eps_avg_yearly": 5.02,
            "eps_latest_yearly": 8.4,
            "eps_growth_yearly": 97.42
        },
        "20174": {
            "year_quarter": 20174,
            "year": 2017,
            "quarter": 4,
            "eps": 2.26,
            "eps_growth_year": -32.69,
            "eps_4q": 6.87,
            "eps_4q_growth_year": 11.63,
            "roe": 4.96,
            "roe_4q": 15.410000000000002,
            "gross_profit": 12964409,
            "gross_margin": 15.91,
            "gross_margin_4q_avg": 16.34,
            "net_income": 17847380,
            "revenue": 81496697,
            "common_shares": 79308216,
            "book_valuer_per_share": 44.84,
            "book_valuer_per_share_4q_avg": 42.86,
            "equity": 367219759,
            "current_ratio": 266.14,
            "debt_ratio": 32.51,
            "inventory_turnover_ratio": 1.74,
            "account_receivable_turnover_ratio": 1.51,
            "reinvestment_rate": 20.78,
            "research_to_sale_ratio": null,
            "price_fair": 188.39,
            "eps_avg_yearly": 5.38,
            "eps_latest_yearly": 9.04,
            "eps_growth_yearly": 104.48
        },
        "20181": {
            "year_quarter": 20181,
            "year": 2018,
            "quarter": 1,
            "eps": 1.7,
            "eps_growth_year": 24.09,
            "eps_4q": 7.2,
            "eps_4q_growth_year": 5.12,
            "roe": 3.46,
            "roe_4q": 15.879999999999999,
            "gross_profit": 13756954,
            "gross_margin": 16.73,
            "gross_margin_4q_avg": 16.04,
            "net_income": 13267297,
            "revenue": 82219991,
            "common_shares": 79308216,
            "book_valuer_per_share": 48.84,
            "book_valuer_per_share_4q_avg": 44.24,
            "equity": 398788267,
            "current_ratio": 269.88,
            "debt_ratio": 30.41,
            "inventory_turnover_ratio": 1.61,
            "account_receivable_turnover_ratio": 1.46,
            "reinvestment_rate": 13.11,
            "research_to_sale_ratio": null,
            "price_fair": 192.94,
            "eps_avg_yearly": 5.51,
            "eps_latest_yearly": 6.8,
            "eps_growth_yearly": 86.86
        },
        "20182": {
            "year_quarter": 20182,
            "year": 2018,
            "quarter": 2,
            "eps": 2.1,
            "eps_growth_year": 84.21,
            "eps_4q": 8.17,
            "eps_4q_growth_year": 17.72,
            "roe": 4.25,
            "roe_4q": 17.509999999999998,
            "gross_profit": 13679965,
            "gross_margin": 15.82,
            "gross_margin_4q_avg": 16.2,
            "net_income": 16603184,
            "revenue": 86454090,
            "common_shares": 79308216,
            "book_valuer_per_share": 46.93,
            "book_valuer_per_share_4q_avg": 45.89,
            "equity": 383412069,
            "current_ratio": 195.09,
            "debt_ratio": 36.36,
            "inventory_turnover_ratio": 1.66,
            "account_receivable_turnover_ratio": 1.49,
            "reinvestment_rate": 3,
            "research_to_sale_ratio": null,
            "price_fair": 200.29,
            "eps_avg_yearly": 5.72,
            "eps_latest_yearly": 8.4,
            "eps_growth_yearly": 91.05
        },
        "20183": {
            "year_quarter": 20183,
            "year": 2018,
            "quarter": 3,
            "eps": 2.31,
            "eps_growth_year": 10,
            "eps_4q": 8.37,
            "eps_4q_growth_year": 4.95,
            "roe": 4.73,
            "roe_4q": 17.400000000000002,
            "gross_profit": 12905494,
            "gross_margin": 14.89,
            "gross_margin_4q_avg": 15.84,
            "net_income": 18336388,
            "revenue": 86687821,
            "common_shares": 79308216,
            "book_valuer_per_share": 48.02,
            "book_valuer_per_share_4q_avg": 47.16,
            "equity": 391952372,
            "current_ratio": 245.43,
            "debt_ratio": 33.32,
            "inventory_turnover_ratio": 1.65,
            "account_receivable_turnover_ratio": 1.43,
            "reinvestment_rate": 7.25,
            "research_to_sale_ratio": null,
            "price_fair": 210.18,
            "eps_avg_yearly": 6.01,
            "eps_latest_yearly": 9.24,
            "eps_growth_yearly": 95.14
        },
        "20184": {
            "year_quarter": 20184,
            "year": 2018,
            "quarter": 4,
            "eps": 0.55,
            "eps_growth_year": -75.89,
            "eps_4q": 6.65,
            "eps_4q_growth_year": -3.26,
            "roe": 1.14,
            "roe_4q": 13.580000000000002,
            "gross_profit": 8664882,
            "gross_margin": 11.15,
            "gross_margin_4q_avg": 14.65,
            "net_income": 4451982,
            "revenue": 77699658,
            "common_shares": 79308216,
            "book_valuer_per_share": 47.37,
            "book_valuer_per_share_4q_avg": 47.79,
            "equity": 386904992,
            "current_ratio": 257.09,
            "debt_ratio": 32.15,
            "inventory_turnover_ratio": 1.45,
            "account_receivable_turnover_ratio": 1.33,
            "reinvestment_rate": 6.28,
            "research_to_sale_ratio": null,
            "price_fair": 211.58,
            "eps_avg_yearly": 6.05,
            "eps_latest_yearly": 2.2,
            "eps_growth_yearly": 92.83
        },
        "20191": {
            "year_quarter": 20191,
            "year": 2019,
            "quarter": 1,
            "eps": 0.64,
            "eps_growth_year": -62.35,
            "eps_4q": 5.59,
            "eps_4q_growth_year": -22.38,
            "roe": 1.27,
            "roe_4q": 11.39,
            "gross_profit": 6515317,
            "gross_margin": 9.19,
            "gross_margin_4q_avg": 12.76,
            "net_income": 4985140,
            "revenue": 70920119,
            "common_shares": 79308216,
            "book_valuer_per_share": 49.03,
            "book_valuer_per_share_4q_avg": 47.84,
            "equity": 400083727,
            "current_ratio": 273.57,
            "debt_ratio": 30.61,
            "inventory_turnover_ratio": 1.35,
            "account_receivable_turnover_ratio": 1.32,
            "reinvestment_rate": 13.67,
            "research_to_sale_ratio": null,
            "price_fair": 208.43,
            "eps_avg_yearly": 5.96,
            "eps_latest_yearly": 2.56,
            "eps_growth_yearly": 57.82
        },
        "20192": {
            "year_quarter": 20192,
            "year": 2019,
            "quarter": 2,
            "eps": 0.74,
            "eps_growth_year": -64.76,
            "eps_4q": 4.23,
            "eps_4q_growth_year": -48.24,
            "roe": 1.52,
            "roe_4q": 8.66,
            "gross_profit": 6822620,
            "gross_margin": 9.5,
            "gross_margin_4q_avg": 11.18,
            "net_income": 5817673,
            "revenue": 71851752,
            "common_shares": 79308216,
            "book_valuer_per_share": 44.51,
            "book_valuer_per_share_4q_avg": 47.23,
            "equity": 363943288,
            "current_ratio": 193.51,
            "debt_ratio": 38.12,
            "inventory_turnover_ratio": 1.41,
            "account_receivable_turnover_ratio": 1.38,
            "reinvestment_rate": 15.29,
            "research_to_sale_ratio": null,
            "price_fair": 201.08,
            "eps_avg_yearly": 5.75,
            "eps_latest_yearly": 2.96,
            "eps_growth_yearly": 47.22
        },
        "20193": {
            "year_quarter": 20193,
            "year": 2019,
            "quarter": 3,
            "eps": 1.01,
            "eps_growth_year": -56.28,
            "eps_4q": 2.93,
            "eps_4q_growth_year": -64.96,
            "roe": 2.26,
            "roe_4q": 6.1899999999999995,
            "gross_profit": 6626490,
            "gross_margin": 9.22,
            "gross_margin_4q_avg": 9.77,
            "net_income": 8137725,
            "revenue": 71885358,
            "common_shares": 79308216,
            "book_valuer_per_share": 43.7,
            "book_valuer_per_share_4q_avg": 46.15,
            "equity": 357527989,
            "current_ratio": 207.66,
            "debt_ratio": 36.5,
            "inventory_turnover_ratio": 1.45,
            "account_receivable_turnover_ratio": 1.48,
            "reinvestment_rate": 17.74,
            "research_to_sale_ratio": null,
            "price_fair": 198.8,
            "eps_avg_yearly": 5.68,
            "eps_latest_yearly": 4.04,
            "eps_growth_yearly": 61.25
        },
        "20194": {
            "year_quarter": 20194,
            "year": 2019,
            "quarter": 4,
            "eps": 0.52,
            "eps_growth_year": -4.18,
            "eps_4q": 2.91,
            "eps_4q_growth_year": -56.25,
            "roe": 1.2,
            "roe_4q": 6.25,
            "gross_profit": 8165836,
            "gross_margin": 11.4,
            "gross_margin_4q_avg": 9.83,
            "net_income": 4268985,
            "revenue": 71645830,
            "common_shares": 79308216,
            "book_valuer_per_share": 43.45,
            "book_valuer_per_share_4q_avg": 45.17,
            "equity": 355570700,
            "current_ratio": 224.48,
            "debt_ratio": 35.9,
            "inventory_turnover_ratio": 1.48,
            "account_receivable_turnover_ratio": 1.6,
            "reinvestment_rate": 14.52,
            "research_to_sale_ratio": null,
            "price_fair": 197.66,
            "eps_avg_yearly": 5.65,
            "eps_latest_yearly": 2.08,
            "eps_growth_yearly": 61.32
        },
        "20201": {
            "year_quarter": 20201,
            "year": 2020,
            "quarter": 1,
            "eps": 0.13,
            "eps_growth_year": -79.69,
            "eps_4q": 2.4,
            "eps_4q_growth_year": -57.07,
            "roe": 0.34,
            "roe_4q": 5.32,
            "gross_profit": 7524218,
            "gross_margin": 11.48,
            "gross_margin_4q_avg": 10.4,
            "net_income": 1177528,
            "revenue": 65557509,
            "common_shares": 79308216,
            "book_valuer_per_share": 41.05,
            "book_valuer_per_share_4q_avg": 43.18,
            "equity": 336666602,
            "current_ratio": 213.79,
            "debt_ratio": 37.75,
            "inventory_turnover_ratio": 1.38,
            "account_receivable_turnover_ratio": 1.53,
            "reinvestment_rate": 11.08,
            "research_to_sale_ratio": null,
            "price_fair": 192.85,
            "eps_avg_yearly": 5.51,
            "eps_latest_yearly": 0.52,
            "eps_growth_yearly": 41.42
        },
        "20202": {
            "year_quarter": 20202,
            "year": 2020,
            "quarter": 2,
            "eps": 0.27,
            "eps_growth_year": -63.51,
            "eps_4q": 1.93,
            "eps_4q_growth_year": -54.25,
            "roe": 0.75,
            "roe_4q": 4.55,
            "gross_profit": 7655254,
            "gross_margin": 12.63,
            "gross_margin_4q_avg": 11.18,
            "net_income": 2462759,
            "revenue": 60624580,
            "common_shares": 79308216,
            "book_valuer_per_share": 38.99,
            "book_valuer_per_share_4q_avg": 41.8,
            "equity": 320464252,
            "current_ratio": 179.14,
            "debt_ratio": 41.66,
            "inventory_turnover_ratio": 1.23,
            "account_receivable_turnover_ratio": 1.47,
            "reinvestment_rate": 16.25,
            "research_to_sale_ratio": null,
            "price_fair": 186.03,
            "eps_avg_yearly": 5.32,
            "eps_latest_yearly": 1.08,
            "eps_growth_yearly": 54.74
        },
        "20203": {
            "year_quarter": 20203,
            "year": 2020,
            "quarter": 3,
            "eps": 1.31,
            "eps_growth_year": 29.7,
            "eps_4q": 2.23,
            "eps_4q_growth_year": -23.98,
            "roe": 3.3,
            "roe_4q": 5.59,
            "gross_profit": 9162134,
            "gross_margin": 13.52,
            "gross_margin_4q_avg": 12.26,
            "net_income": 10690349,
            "revenue": 67790205,
            "common_shares": 79308216,
            "book_valuer_per_share": 39.83,
            "book_valuer_per_share_4q_avg": 40.83,
            "equity": 327497239,
            "current_ratio": 166.93,
            "debt_ratio": 40.39,
            "inventory_turnover_ratio": 1.35,
            "account_receivable_turnover_ratio": 1.57,
            "reinvestment_rate": 27.45,
            "research_to_sale_ratio": null,
            "price_fair": 188.21,
            "eps_avg_yearly": 5.38,
            "eps_latest_yearly": 5.24,
            "eps_growth_yearly": 150.8
        },
        "20204": {
            "year_quarter": 20204,
            "year": 2020,
            "quarter": 4,
            "eps": 1.54,
            "eps_growth_year": 193.52,
            "eps_4q": 3.24,
            "eps_4q_growth_year": 11.41,
            "roe": 3.67,
            "roe_4q": 8.06,
            "gross_profit": 15254979,
            "gross_margin": 19.22,
            "gross_margin_4q_avg": 14.21,
            "net_income": 12557455,
            "revenue": 79381512,
            "common_shares": 79308216,
            "book_valuer_per_share": 43.45,
            "book_valuer_per_share_4q_avg": 40.83,
            "equity": 356586478,
            "current_ratio": 174.2,
            "debt_ratio": 39.02,
            "inventory_turnover_ratio": 1.52,
            "account_receivable_turnover_ratio": 1.63,
            "reinvestment_rate": 23.9,
            "research_to_sale_ratio": null,
            "price_fair": 172.29,
            "eps_avg_yearly": 4.92,
            "eps_latest_yearly": 6.16,
            "eps_growth_yearly": 100.94
        },
        "20211": {
            "year_quarter": 20211,
            "year": 2021,
            "quarter": 1,
            "eps": 2.23,
            "eps_growth_year": 1615.38,
            "eps_4q": 5.34,
            "eps_4q_growth_year": 122.58,
            "roe": 4.94,
            "roe_4q": 12.66,
            "gross_profit": 21383946,
            "gross_margin": 23.84,
            "gross_margin_4q_avg": 17.3,
            "net_income": 18166433,
            "revenue": 89710690,
            "common_shares": 79308216,
            "book_valuer_per_share": 46.22,
            "book_valuer_per_share_4q_avg": 42.12,
            "equity": 378988744,
            "current_ratio": 177.36,
            "debt_ratio": 38.11,
            "inventory_turnover_ratio": 1.61,
            "account_receivable_turnover_ratio": 1.62,
            "reinvestment_rate": 30.7,
            "research_to_sale_ratio": null,
            "price_fair": 179.81,
            "eps_avg_yearly": 5.14,
            "eps_latest_yearly": 8.92,
            "eps_growth_yearly": 126.95
        },
        "20212": {
            "year_quarter": 20212,
            "year": 2021,
            "quarter": 2,
            "eps": 2.91,
            "eps_growth_year": 977.78,
            "eps_4q": 7.97,
            "eps_4q_growth_year": 312.28,
            "roe": 6.28,
            "roe_4q": 18.19,
            "gross_profit": 28453852,
            "gross_margin": 27.36,
            "gross_margin_4q_avg": 20.99,
            "net_income": 23810415,
            "revenue": 103987982,
            "common_shares": 79308216,
            "book_valuer_per_share": 46.19,
            "book_valuer_per_share_4q_avg": 43.92,
            "equity": 378774013,
            "current_ratio": 170.63,
            "debt_ratio": 39.97,
            "inventory_turnover_ratio": 1.64,
            "account_receivable_turnover_ratio": 1.69,
            "reinvestment_rate": 33.63,
            "research_to_sale_ratio": null,
            "price_fair": 195.3,
            "eps_avg_yearly": 5.58,
            "eps_latest_yearly": 11.64,
            "eps_growth_yearly": 138.77
        },
        "20213": {
            "year_quarter": 20213,
            "year": 2021,
            "quarter": 3,
            "eps": 2.92,
            "eps_growth_year": 122.9,
            "eps_4q": 9.58,
            "eps_4q_growth_year": 329.95,
            "roe": 6.12,
            "roe_4q": 21.009999999999998,
            "gross_profit": 28803809,
            "gross_margin": 26.2,
            "gross_margin_4q_avg": 24.16,
            "net_income": 24194347,
            "revenue": 109928221,
            "common_shares": 79308216,
            "book_valuer_per_share": 50.18,
            "book_valuer_per_share_4q_avg": 46.51,
            "equity": 411467935,
            "current_ratio": 221.78,
            "debt_ratio": 36.76,
            "inventory_turnover_ratio": 1.64,
            "account_receivable_turnover_ratio": 1.69,
            "reinvestment_rate": 30.82,
            "research_to_sale_ratio": null,
            "price_fair": 202.48,
            "eps_avg_yearly": 5.79,
            "eps_latest_yearly": 11.68,
            "eps_growth_yearly": 117.8
        },
        "20214": {
            "year_quarter": 20214,
            "year": 2021,
            "quarter": 4,
            "eps": 2.2,
            "eps_growth_year": 43.38,
            "eps_4q": 10.25,
            "eps_4q_growth_year": 216.21,
            "roe": 4.44,
            "roe_4q": 21.78,
            "gross_profit": 25203513,
            "gross_margin": 23.33,
            "gross_margin_4q_avg": 25.18,
            "net_income": 18661630,
            "revenue": 108043498,
            "common_shares": 79308216,
            "book_valuer_per_share": 52.21,
            "book_valuer_per_share_4q_avg": 48.7,
            "equity": 428740770,
            "current_ratio": 224.52,
            "debt_ratio": 35.88,
            "inventory_turnover_ratio": 1.53,
            "account_receivable_turnover_ratio": 1.68,
            "reinvestment_rate": 30.33,
            "research_to_sale_ratio": null,
            "price_fair": 201.95,
            "eps_avg_yearly": 5.77,
            "eps_latest_yearly": 8.8,
            "eps_growth_yearly": 109.73
        },
        "20221": {
            "year_quarter": 20221,
            "year": 2022,
            "quarter": 1,
            "eps": 1.9,
            "eps_growth_year": -14.8,
            "eps_4q": 9.92,
            "eps_4q_growth_year": 85.76,
            "roe": 3.69,
            "roe_4q": 20.53,
            "gross_profit": 19567265,
            "gross_margin": 19.17,
            "gross_margin_4q_avg": 24.02,
            "net_income": 16274049,
            "revenue": 102092039,
            "common_shares": 79308216,
            "book_valuer_per_share": 55.2,
            "book_valuer_per_share_4q_avg": 50.95,
            "equity": 453843173,
            "current_ratio": 233.19,
            "debt_ratio": 34.22,
            "inventory_turnover_ratio": 1.42,
            "account_receivable_turnover_ratio": 1.62,
            "reinvestment_rate": 43.45,
            "research_to_sale_ratio": null,
            "price_fair": 203.7,
            "eps_avg_yearly": 5.82,
            "eps_latest_yearly": 7.6,
            "eps_growth_yearly": 112.52
        },
        "20222": {
            "year_quarter": 20222,
            "year": 2022,
            "quarter": 2,
            "eps": 1.81,
            "eps_growth_year": -37.8,
            "eps_4q": 8.83,
            "eps_4q_growth_year": 10.7,
            "roe": 3.72,
            "roe_4q": 17.970000000000002,
            "gross_profit": 15894301,
            "gross_margin": 16.78,
            "gross_margin_4q_avg": 21.37,
            "net_income": 15905290,
            "revenue": 94732119,
            "common_shares": 79308216,
            "book_valuer_per_share": 48.78,
            "book_valuer_per_share_4q_avg": 51.59,
            "equity": 402281194,
            "current_ratio": 165.17,
            "debt_ratio": 42.01,
            "inventory_turnover_ratio": 1.32,
            "account_receivable_turnover_ratio": 1.56,
            "reinvestment_rate": 44.4,
            "research_to_sale_ratio": null,
            "price_fair": 201.16,
            "eps_avg_yearly": 5.75,
            "eps_latest_yearly": 7.24,
            "eps_growth_yearly": 105.45
        },
        "20223": {
            "year_quarter": 20223,
            "year": 2022,
            "quarter": 3,
            "eps": 0.43,
            "eps_growth_year": -85.27,
            "eps_4q": 6.33,
            "eps_4q_growth_year": -33.91,
            "roe": 1.3,
            "roe_4q": 13.150000000000002,
            "gross_profit": 8460275,
            "gross_margin": 10.24,
            "gross_margin_4q_avg": 17.38,
            "net_income": 5208108,
            "revenue": 82588422,
            "common_shares": 79308216,
            "book_valuer_per_share": 48.48,
            "book_valuer_per_share_4q_avg": 51.17,
            "equity": 401769386,
            "current_ratio": 172.39,
            "debt_ratio": 41.02,
            "inventory_turnover_ratio": 1.26,
            "account_receivable_turnover_ratio": 1.49,
            "reinvestment_rate": 46.99,
            "research_to_sale_ratio": null,
            "price_fair": 184.71,
            "eps_avg_yearly": 5.28,
            "eps_latest_yearly": 1.72,
            "eps_growth_yearly": 83.89
        },
        "20224": {
            "year_quarter": 20224,
            "year": 2022,
            "quarter": 4,
            "eps": -0.08,
            "eps_growth_year": -103.79,
            "eps_4q": 4.05,
            "eps_4q_growth_year": -60.5,
            "roe": 0.28,
            "roe_4q": 8.99,
            "gross_profit": 9984895,
            "gross_margin": 13.18,
            "gross_margin_4q_avg": 14.84,
            "net_income": 1097272,
            "revenue": 75770720,
            "common_shares": 79308216,
            "book_valuer_per_share": 47.3,
            "book_valuer_per_share_4q_avg": 49.94,
            "equity": 394101430,
            "current_ratio": 142.59,
            "debt_ratio": 40.76,
            "inventory_turnover_ratio": 1.2,
            "account_receivable_turnover_ratio": 1.46,
            "reinvestment_rate": 44.42,
            "research_to_sale_ratio": null,
            "price_fair": 191.89,
            "eps_avg_yearly": 5.48,
            "eps_latest_yearly": 1.72,
            "eps_growth_yearly": 109.8
        },
        "20231": {
            "year_quarter": 20231,
            "year": 2023,
            "quarter": 1,
            "eps": 0.11,
            "eps_growth_year": -94.21,
            "eps_4q": 2.26,
            "eps_4q_growth_year": -77.21,
            "roe": 0.43,
            "roe_4q": 5.73,
            "gross_profit": 5275703,
            "gross_margin": 8.02,
            "gross_margin_4q_avg": 12.06,
            "net_income": 1661835,
            "revenue": 65773776,
            "common_shares": 79308216,
            "book_valuer_per_share": 44.89,
            "book_valuer_per_share_4q_avg": 47.36,
            "equity": 371958256,
            "current_ratio": 139.84,
            "debt_ratio": 44.55,
            "inventory_turnover_ratio": 1.13,
            "account_receivable_turnover_ratio": 1.39,
            "reinvestment_rate": 40.57,
            "research_to_sale_ratio": null,
            "price_fair": 199.2,
            "eps_avg_yearly": 5.69,
            "eps_latest_yearly": 1.72,
            "eps_growth_yearly": 112.97
        }
    },
    "months": {
        "2001-06": {
            "month": "2001-06",
            "price": "35.84",
            "revenue": 8044658
        },
        "2001-07": {
            "month": "2001-07",
            "price": "30.03",
            "revenue": 8035943
        },
        "2001-08": {
            "month": "2001-08",
            "price": "24.75",
            "revenue": 8474996
        },
        "2001-09": {
            "month": "2001-09",
            "price": "21.54",
            "revenue": 8174377
        },
        "2001-10": {
            "month": "2001-10",
            "price": "19.06",
            "revenue": 7763766
        },
        "2001-11": {
            "month": "2001-11",
            "price": "20.80",
            "revenue": 7190267
        },
        "2001-12": {
            "month": "2001-12",
            "price": "25.51",
            "revenue": 7073001
        },
        "2002-01": {
            "month": "2002-01",
            "price": "28.89",
            "revenue": 7534226
        },
        "2002-02": {
            "month": "2002-02",
            "price": "31.65",
            "revenue": 6537502
        },
        "2002-03": {
            "month": "2002-03",
            "price": "36.33",
            "revenue": 9448660
        },
        "2002-04": {
            "month": "2002-04",
            "price": "36.73",
            "revenue": 9692914
        },
        "2002-05": {
            "month": "2002-05",
            "price": "31.75",
            "revenue": 8834325
        },
        "2002-06": {
            "month": "2002-06",
            "price": "32.29",
            "revenue": 8204799
        },
        "2002-07": {
            "month": "2002-07",
            "price": "33.70",
            "revenue": 8467999
        },
        "2002-08": {
            "month": "2002-08",
            "price": "31.43",
            "revenue": 8931120
        },
        "2002-09": {
            "month": "2002-09",
            "price": "29.65",
            "revenue": 8824664
        },
        "2002-10": {
            "month": "2002-10",
            "price": "27.50",
            "revenue": 9192794
        },
        "2002-11": {
            "month": "2002-11",
            "price": "30.64",
            "revenue": 8749843
        },
        "2002-12": {
            "month": "2002-12",
            "price": "30.89",
            "revenue": 9213523
        },
        "2003-01": {
            "month": "2003-01",
            "price": "36.39",
            "revenue": 9787304
        },
        "2003-02": {
            "month": "2003-02",
            "price": "34.63",
            "revenue": 8478813
        },
        "2003-03": {
            "month": "2003-03",
            "price": "33.92",
            "revenue": 10317013
        },
        "2003-04": {
            "month": "2003-04",
            "price": "33.49",
            "revenue": 9368553
        },
        "2003-05": {
            "month": "2003-05",
            "price": "33.73",
            "revenue": 9965074
        },
        "2003-06": {
            "month": "2003-06",
            "price": "37.76",
            "revenue": 10996880
        },
        "2003-07": {
            "month": "2003-07",
            "price": "39.65",
            "revenue": 10902827
        },
        "2003-08": {
            "month": "2003-08",
            "price": "40.76",
            "revenue": 11024250
        },
        "2003-09": {
            "month": "2003-09",
            "price": "41.22",
            "revenue": 10568260
        },
        "2003-10": {
            "month": "2003-10",
            "price": "43.06",
            "revenue": 12261775
        },
        "2003-11": {
            "month": "2003-11",
            "price": "47.14",
            "revenue": 11750836
        },
        "2003-12": {
            "month": "2003-12",
            "price": "47.65",
            "revenue": 12220710
        },
        "2004-01": {
            "month": "2004-01",
            "price": "48.77",
            "revenue": 11524800
        },
        "2004-02": {
            "month": "2004-02",
            "price": "45.84",
            "revenue": 12163041
        },
        "2004-03": {
            "month": "2004-03",
            "price": "45.20",
            "revenue": 12887987
        },
        "2004-04": {
            "month": "2004-04",
            "price": "48.47",
            "revenue": 13421482
        },
        "2004-05": {
            "month": "2004-05",
            "price": "43.68",
            "revenue": 13709525
        },
        "2004-06": {
            "month": "2004-06",
            "price": "44.06",
            "revenue": 13611277
        },
        "2004-07": {
            "month": "2004-07",
            "price": "45.13",
            "revenue": 14610640
        },
        "2004-08": {
            "month": "2004-08",
            "price": "45.72",
            "revenue": 15350184
        },
        "2004-09": {
            "month": "2004-09",
            "price": "47.99",
            "revenue": 15954756
        },
        "2004-10": {
            "month": "2004-10",
            "price": "49.09",
            "revenue": 15664706
        },
        "2004-11": {
            "month": "2004-11",
            "price": "47.50",
            "revenue": 14035601
        },
        "2004-12": {
            "month": "2004-12",
            "price": "47.79",
            "revenue": 12851834
        },
        "2005-01": {
            "month": "2005-01",
            "price": "47.12",
            "revenue": 15485742
        },
        "2005-02": {
            "month": "2005-02",
            "price": "47.02",
            "revenue": 12720633
        },
        "2005-03": {
            "month": "2005-03",
            "price": "48.14",
            "revenue": 15715321
        },
        "2005-04": {
            "month": "2005-04",
            "price": "45.14",
            "revenue": 13855541
        },
        "2005-05": {
            "month": "2005-05",
            "price": "44.47",
            "revenue": 13094744
        },
        "2005-06": {
            "month": "2005-06",
            "price": "44.98",
            "revenue": 13897911
        },
        "2005-07": {
            "month": "2005-07",
            "price": "41.57",
            "revenue": 13168042
        },
        "2005-08": {
            "month": "2005-08",
            "price": "40.44",
            "revenue": 13914960
        },
        "2005-09": {
            "month": "2005-09",
            "price": "39.92",
            "revenue": 14465786
        },
        "2005-10": {
            "month": "2005-10",
            "price": "38.87",
            "revenue": 14140868
        },
        "2005-11": {
            "month": "2005-11",
            "price": "39.58",
            "revenue": 12645697
        },
        "2005-12": {
            "month": "2005-12",
            "price": "41.80",
            "revenue": 14404921
        },
        "2006-01": {
            "month": "2006-01",
            "price": "46.60",
            "revenue": 14205603
        },
        "2006-02": {
            "month": "2006-02",
            "price": "46.95",
            "revenue": 12978640
        },
        "2006-03": {
            "month": "2006-03",
            "price": "47.28",
            "revenue": 14048441
        },
        "2006-04": {
            "month": "2006-04",
            "price": "48.27",
            "revenue": 15182987
        },
        "2006-05": {
            "month": "2006-05",
            "price": "46.35",
            "revenue": 15549454
        },
        "2006-06": {
            "month": "2006-06",
            "price": "45.32",
            "revenue": 15311706
        },
        "2006-07": {
            "month": "2006-07",
            "price": "47.07",
            "revenue": 15990622
        },
        "2006-08": {
            "month": "2006-08",
            "price": "43.87",
            "revenue": 16942211
        },
        "2006-09": {
            "month": "2006-09",
            "price": "45.78",
            "revenue": 14812351
        },
        "2006-10": {
            "month": "2006-10",
            "price": "47.32",
            "revenue": 14584147
        },
        "2006-11": {
            "month": "2006-11",
            "price": "50.15",
            "revenue": 16036122
        },
        "2006-12": {
            "month": "2006-12",
            "price": "53.38",
            "revenue": 16010123
        },
        "2007-01": {
            "month": "2007-01",
            "price": "54.11",
            "revenue": 15644783
        },
        "2007-02": {
            "month": "2007-02",
            "price": "55.85",
            "revenue": 12878381
        },
        "2007-03": {
            "month": "2007-03",
            "price": "58.18",
            "revenue": 17001118
        },
        "2007-04": {
            "month": "2007-04",
            "price": "62.70",
            "revenue": 16641000
        },
        "2007-05": {
            "month": "2007-05",
            "price": "63.66",
            "revenue": 19138839
        },
        "2007-06": {
            "month": "2007-06",
            "price": "68.78",
            "revenue": 18093901
        },
        "2007-07": {
            "month": "2007-07",
            "price": "73.45",
            "revenue": 20112315
        },
        "2007-08": {
            "month": "2007-08",
            "price": "73.22",
            "revenue": 20576402
        },
        "2007-09": {
            "month": "2007-09",
            "price": "82.18",
            "revenue": 21192911
        },
        "2007-10": {
            "month": "2007-10",
            "price": "94.60",
            "revenue": 21822588
        },
        "2007-11": {
            "month": "2007-11",
            "price": "86.61",
            "revenue": 22579076
        },
        "2007-12": {
            "month": "2007-12",
            "price": "85.39",
            "revenue": 23018683
        },
        "2008-01": {
            "month": "2008-01",
            "price": "80.50",
            "revenue": 21560418
        },
        "2008-02": {
            "month": "2008-02",
            "price": "71.11",
            "revenue": 19122116
        },
        "2008-03": {
            "month": "2008-03",
            "price": "78.12",
            "revenue": 20881748
        },
        "2008-04": {
            "month": "2008-04",
            "price": "75.06",
            "revenue": 20136840
        },
        "2008-05": {
            "month": "2008-05",
            "price": "72.49",
            "revenue": 20783563
        },
        "2008-06": {
            "month": "2008-06",
            "price": "69.27",
            "revenue": 22493206
        },
        "2008-07": {
            "month": "2008-07",
            "price": "53.53",
            "revenue": 19211948
        },
        "2008-08": {
            "month": "2008-08",
            "price": "50.50",
            "revenue": 17098725
        },
        "2008-09": {
            "month": "2008-09",
            "price": "46.73",
            "revenue": 15541711
        },
        "2008-10": {
            "month": "2008-10",
            "price": "44.70",
            "revenue": 12669101
        },
        "2008-11": {
            "month": "2008-11",
            "price": "41.84",
            "revenue": 9314453
        },
        "2008-12": {
            "month": "2008-12",
            "price": "37.75",
            "revenue": 9904732
        },
        "2009-01": {
            "month": "2009-01",
            "price": "35.01",
            "revenue": 8493333
        },
        "2009-02": {
            "month": "2009-02",
            "price": "33.69",
            "revenue": 10944691
        },
        "2009-03": {
            "month": "2009-03",
            "price": "37.38",
            "revenue": 10993069
        },
        "2009-04": {
            "month": "2009-04",
            "price": "42.39",
            "revenue": 13869019
        },
        "2009-05": {
            "month": "2009-05",
            "price": "47.04",
            "revenue": 11882577
        },
        "2009-06": {
            "month": "2009-06",
            "price": "44.26",
            "revenue": 14265644
        },
        "2009-07": {
            "month": "2009-07",
            "price": "42.52",
            "revenue": 14876303
        },
        "2009-08": {
            "month": "2009-08",
            "price": "45.13",
            "revenue": 15704707
        },
        "2009-09": {
            "month": "2009-09",
            "price": "48.63",
            "revenue": 13664781
        },
        "2009-10": {
            "month": "2009-10",
            "price": "54.45",
            "revenue": 14068957
        },
        "2009-11": {
            "month": "2009-11",
            "price": "55.56",
            "revenue": 15101837
        },
        "2009-12": {
            "month": "2009-12",
            "price": "56.65",
            "revenue": 17099529
        },
        "2010-01": {
            "month": "2010-01",
            "price": "62.98",
            "revenue": 17559615
        },
        "2010-02": {
            "month": "2010-02",
            "price": "60.27",
            "revenue": 15282124
        },
        "2010-03": {
            "month": "2010-03",
            "price": "64.32",
            "revenue": 18522589
        },
        "2010-04": {
            "month": "2010-04",
            "price": "66.00",
            "revenue": 18876057
        },
        "2010-05": {
            "month": "2010-05",
            "price": "59.00",
            "revenue": 18515484
        },
        "2010-06": {
            "month": "2010-06",
            "price": "52.69",
            "revenue": 18068906
        },
        "2010-07": {
            "month": "2010-07",
            "price": "55.74",
            "revenue": 18110977
        },
        "2010-08": {
            "month": "2010-08",
            "price": "60.04",
            "revenue": 18862607
        },
        "2010-09": {
            "month": "2010-09",
            "price": "66.00",
            "revenue": 17157259
        },
        "2010-10": {
            "month": "2010-10",
            "price": "67.04",
            "revenue": 16277424
        },
        "2010-11": {
            "month": "2010-11",
            "price": "70.81",
            "revenue": 17071888
        },
        "2010-12": {
            "month": "2010-12",
            "price": "71.09",
            "revenue": 17943630
        },
        "2011-01": {
            "month": "2011-01",
            "price": "74.92",
            "revenue": 19407090
        },
        "2011-02": {
            "month": "2011-02",
            "price": "84.60",
            "revenue": 18045714
        },
        "2011-03": {
            "month": "2011-03",
            "price": "83.88",
            "revenue": 21136002
        },
        "2011-04": {
            "month": "2011-04",
            "price": "87.23",
            "revenue": 19135226
        },
        "2011-05": {
            "month": "2011-05",
            "price": "82.88",
            "revenue": 16394496
        },
        "2011-06": {
            "month": "2011-06",
            "price": "77.85",
            "revenue": 11686993
        },
        "2011-07": {
            "month": "2011-07",
            "price": "79.67",
            "revenue": 14163371
        },
        "2011-08": {
            "month": "2011-08",
            "price": "67.33",
            "revenue": 15598114
        },
        "2011-09": {
            "month": "2011-09",
            "price": "66.86",
            "revenue": 14258887
        },
        "2011-10": {
            "month": "2011-10",
            "price": "67.90",
            "revenue": 13669704
        },
        "2011-11": {
            "month": "2011-11",
            "price": "62.66",
            "revenue": 14009171
        },
        "2011-12": {
            "month": "2011-12",
            "price": "57.90",
            "revenue": 16517071
        },
        "2012-01": {
            "month": "2012-01",
            "price": "62.31",
            "revenue": 14821158
        },
        "2012-02": {
            "month": "2012-02",
            "price": "66.70",
            "revenue": 16471314
        },
        "2012-03": {
            "month": "2012-03",
            "price": "68.71",
            "revenue": 16662761
        },
        "2012-04": {
            "month": "2012-04",
            "price": "61.12",
            "revenue": 15084077
        },
        "2012-05": {
            "month": "2012-05",
            "price": "57.33",
            "revenue": 14065367
        },
        "2012-06": {
            "month": "2012-06",
            "price": "53.89",
            "revenue": 14556326
        },
        "2012-07": {
            "month": "2012-07",
            "price": "54.70",
            "revenue": 14749799
        },
        "2012-08": {
            "month": "2012-08",
            "price": "58.58",
            "revenue": 15613644
        },
        "2012-09": {
            "month": "2012-09",
            "price": "56.90",
            "revenue": 15644881
        },
        "2012-10": {
            "month": "2012-10",
            "price": "55.04",
            "revenue": 14160299
        },
        "2012-11": {
            "month": "2012-11",
            "price": "49.95",
            "revenue": 14816161
        },
        "2012-12": {
            "month": "2012-12",
            "price": "54.12",
            "revenue": 16397131
        },
        "2013-01": {
            "month": "2013-01",
            "price": "58.84",
            "revenue": 27882460
        },
        "2013-02": {
            "month": "2013-02",
            "price": "58.95",
            "revenue": 22403745
        },
        "2013-03": {
            "month": "2013-03",
            "price": "54.23",
            "revenue": 23978905
        },
        "2013-04": {
            "month": "2013-04",
            "price": "54.69",
            "revenue": 25055370
        },
        "2013-05": {
            "month": "2013-05",
            "price": "62.53",
            "revenue": 25819585
        },
        "2013-06": {
            "month": "2013-06",
            "price": "59.44",
            "revenue": 23159647
        },
        "2013-07": {
            "month": "2013-07",
            "price": "62.61",
            "revenue": 26722335
        },
        "2013-08": {
            "month": "2013-08",
            "price": "59.28",
            "revenue": 29457942
        },
        "2013-09": {
            "month": "2013-09",
            "price": "62.05",
            "revenue": 26063016
        },
        "2013-10": {
            "month": "2013-10",
            "price": "65.63",
            "revenue": 26526215
        },
        "2013-11": {
            "month": "2013-11",
            "price": "64.03",
            "revenue": 26401702
        },
        "2013-12": {
            "month": "2013-12",
            "price": "68.09",
            "revenue": 27569021
        },
        "2014-01": {
            "month": "2014-01",
            "price": "66.70",
            "revenue": 26917789
        },
        "2014-02": {
            "month": "2014-02",
            "price": "63.95",
            "revenue": 24080324
        },
        "2014-03": {
            "month": "2014-03",
            "price": "64.16",
            "revenue": 26475846
        },
        "2014-04": {
            "month": "2014-04",
            "price": "65.69",
            "revenue": 27575900
        },
        "2014-05": {
            "month": "2014-05",
            "price": "65.83",
            "revenue": 27997817
        },
        "2014-06": {
            "month": "2014-06",
            "price": "69.30",
            "revenue": 27641305
        },
        "2014-07": {
            "month": "2014-07",
            "price": "72.22",
            "revenue": 29625737
        },
        "2014-08": {
            "month": "2014-08",
            "price": "70.29",
            "revenue": 28175320
        },
        "2014-09": {
            "month": "2014-09",
            "price": "68.50",
            "revenue": 27086411
        },
        "2014-10": {
            "month": "2014-10",
            "price": "62.65",
            "revenue": 26209539
        },
        "2014-11": {
            "month": "2014-11",
            "price": "62.91",
            "revenue": 25919633
        },
        "2014-12": {
            "month": "2014-12",
            "price": "63.20",
            "revenue": 27783641
        },
        "2015-01": {
            "month": "2015-01",
            "price": "64.32",
            "revenue": 27339257
        },
        "2015-02": {
            "month": "2015-02",
            "price": "67.90",
            "revenue": 23315011
        },
        "2015-03": {
            "month": "2015-03",
            "price": "68.15",
            "revenue": 28871504
        },
        "2015-04": {
            "month": "2015-04",
            "price": "73.27",
            "revenue": 28730095
        },
        "2015-05": {
            "month": "2015-05",
            "price": "74.12",
            "revenue": 27106110
        },
        "2015-06": {
            "month": "2015-06",
            "price": "71.89",
            "revenue": 26187624
        },
        "2015-07": {
            "month": "2015-07",
            "price": "67.72",
            "revenue": 24451220
        },
        "2015-08": {
            "month": "2015-08",
            "price": "60.18",
            "revenue": 23062164
        },
        "2015-09": {
            "month": "2015-09",
            "price": "58.08",
            "revenue": 23791206
        },
        "2015-10": {
            "month": "2015-10",
            "price": "63.59",
            "revenue": 23180126
        },
        "2015-11": {
            "month": "2015-11",
            "price": "61.93",
            "revenue": 21968822
        },
        "2015-12": {
            "month": "2015-12",
            "price": "58.81",
            "revenue": 21788696
        },
        "2016-01": {
            "month": "2016-01",
            "price": "56.68",
            "revenue": 21149257
        },
        "2016-02": {
            "month": "2016-02",
            "price": "60.92",
            "revenue": 18590104
        },
        "2016-03": {
            "month": "2016-03",
            "price": "66.37",
            "revenue": 25729722
        },
        "2016-04": {
            "month": "2016-04",
            "price": "65.14",
            "revenue": 23618664
        },
        "2016-05": {
            "month": "2016-05",
            "price": "60.70",
            "revenue": 23324617
        },
        "2016-06": {
            "month": "2016-06",
            "price": "60.91",
            "revenue": 21300798
        },
        "2016-07": {
            "month": "2016-07",
            "price": "61.96",
            "revenue": 22723449
        },
        "2016-08": {
            "month": "2016-08",
            "price": "61.57",
            "revenue": 23196039
        },
        "2016-09": {
            "month": "2016-09",
            "price": "61.15",
            "revenue": 22981375
        },
        "2016-10": {
            "month": "2016-10",
            "price": "63.78",
            "revenue": 22769489
        },
        "2016-11": {
            "month": "2016-11",
            "price": "65.44",
            "revenue": 24350119
        },
        "2016-12": {
            "month": "2016-12",
            "price": "70.80",
            "revenue": 25560798
        },
        "2017-01": {
            "month": "2017-01",
            "price": "72.93",
            "revenue": 23998463
        },
        "2017-02": {
            "month": "2017-02",
            "price": "75.87",
            "revenue": 22900325
        },
        "2017-03": {
            "month": "2017-03",
            "price": "71.45",
            "revenue": 25777365
        },
        "2017-04": {
            "month": "2017-04",
            "price": "71.94",
            "revenue": 24262987
        },
        "2017-05": {
            "month": "2017-05",
            "price": "71.17",
            "revenue": 24608089
        },
        "2017-06": {
            "month": "2017-06",
            "price": "72.67",
            "revenue": 25234496
        },
        "2017-07": {
            "month": "2017-07",
            "price": "75.58",
            "revenue": 25272847
        },
        "2017-08": {
            "month": "2017-08",
            "price": "75.47",
            "revenue": 26000918
        },
        "2017-09": {
            "month": "2017-09",
            "price": "75.55",
            "revenue": 26587765
        },
        "2017-10": {
            "month": "2017-10",
            "price": "74.48",
            "revenue": 26062520
        },
        "2017-11": {
            "month": "2017-11",
            "price": "75.11",
            "revenue": 27390672
        },
        "2017-12": {
            "month": "2017-12",
            "price": "75.58",
            "revenue": 28043505
        },
        "2018-01": {
            "month": "2018-01",
            "price": "80.64",
            "revenue": 29161203
        },
        "2018-02": {
            "month": "2018-02",
            "price": "78.45",
            "revenue": 23999666
        },
        "2018-03": {
            "month": "2018-03",
            "price": "80.97",
            "revenue": 29059122
        },
        "2018-04": {
            "month": "2018-04",
            "price": "82.56",
            "revenue": 27904180
        },
        "2018-05": {
            "month": "2018-05",
            "price": "85.01",
            "revenue": 30047319
        },
        "2018-06": {
            "month": "2018-06",
            "price": "85.27",
            "revenue": 28502591
        },
        "2018-07": {
            "month": "2018-07",
            "price": "85.15",
            "revenue": 28430574
        },
        "2018-08": {
            "month": "2018-08",
            "price": "84.10",
            "revenue": 29664186
        },
        "2018-09": {
            "month": "2018-09",
            "price": "84.24",
            "revenue": 28593061
        },
        "2018-10": {
            "month": "2018-10",
            "price": "78.35",
            "revenue": 27512745
        },
        "2018-11": {
            "month": "2018-11",
            "price": "76.80",
            "revenue": 25374298
        },
        "2018-12": {
            "month": "2018-12",
            "price": "73.48",
            "revenue": 24809071
        },
        "2019-01": {
            "month": "2019-01",
            "price": "75.04",
            "revenue": 24994873
        },
        "2019-02": {
            "month": "2019-02",
            "price": "75.52",
            "revenue": 20957969
        },
        "2019-03": {
            "month": "2019-03",
            "price": "76.40",
            "revenue": 24967277
        },
        "2019-04": {
            "month": "2019-04",
            "price": "77.65",
            "revenue": 25074397
        },
        "2019-05": {
            "month": "2019-05",
            "price": "77.63",
            "revenue": 24787501
        },
        "2019-06": {
            "month": "2019-06",
            "price": "78.47",
            "revenue": 21989854
        },
        "2019-07": {
            "month": "2019-07",
            "price": "72.57",
            "revenue": 24563010
        },
        "2019-08": {
            "month": "2019-08",
            "price": "67.87",
            "revenue": 23781522
        },
        "2019-09": {
            "month": "2019-09",
            "price": "69.77",
            "revenue": 23540826
        },
        "2019-10": {
            "month": "2019-10",
            "price": "70.74",
            "revenue": 24199415
        },
        "2019-11": {
            "month": "2019-11",
            "price": "71.93",
            "revenue": 23539431
        },
        "2019-12": {
            "month": "2019-12",
            "price": "72.24",
            "revenue": 23946748
        },
        "2020-01": {
            "month": "2020-01",
            "price": "72.20",
            "revenue": 22313695
        },
        "2020-02": {
            "month": "2020-02",
            "price": "69.58",
            "revenue": 19999005
        },
        "2020-03": {
            "month": "2020-03",
            "price": "59.45",
            "revenue": 23244809
        },
        "2020-04": {
            "month": "2020-04",
            "price": "58.78",
            "revenue": 20411078
        },
        "2020-05": {
            "month": "2020-05",
            "price": "63.25",
            "revenue": 19418507
        },
        "2020-06": {
            "month": "2020-06",
            "price": "64.99",
            "revenue": 20794995
        },
        "2020-07": {
            "month": "2020-07",
            "price": "63.79",
            "revenue": 21752364
        },
        "2020-08": {
            "month": "2020-08",
            "price": "62.07",
            "revenue": 22209740
        },
        "2020-09": {
            "month": "2020-09",
            "price": "60.45",
            "revenue": 23828101
        },
        "2020-10": {
            "month": "2020-10",
            "price": "59.87",
            "revenue": 24739023
        },
        "2020-11": {
            "month": "2020-11",
            "price": "63.90",
            "revenue": 26310187
        },
        "2020-12": {
            "month": "2020-12",
            "price": "68.42",
            "revenue": 28327943
        },
        "2021-01": {
            "month": "2021-01",
            "price": "70.95",
            "revenue": 29346765
        },
        "2021-02": {
            "month": "2021-02",
            "price": "70.73",
            "revenue": 25991621
        },
        "2021-03": {
            "month": "2021-03",
            "price": "76.00",
            "revenue": 34372304
        },
        "2021-04": {
            "month": "2021-04",
            "price": "86.95",
            "revenue": 34904534
        },
        "2021-05": {
            "month": "2021-05",
            "price": "83.82",
            "revenue": 34484715
        },
        "2021-06": {
            "month": "2021-06",
            "price": "84.27",
            "revenue": 34598733
        },
        "2021-07": {
            "month": "2021-07",
            "price": "86.47",
            "revenue": 36795856
        },
        "2021-08": {
            "month": "2021-08",
            "price": "86.62",
            "revenue": 37422239
        },
        "2021-09": {
            "month": "2021-09",
            "price": "89.13",
            "revenue": 35710126
        },
        "2021-10": {
            "month": "2021-10",
            "price": "88.57",
            "revenue": 37452644
        },
        "2021-11": {
            "month": "2021-11",
            "price": "85.18",
            "revenue": 36046868
        },
        "2021-12": {
            "month": "2021-12",
            "price": "84.47",
            "revenue": 34539153
        },
        "2022-01": {
            "month": "2022-01",
            "price": "86.94",
            "revenue": 35266502
        },
        "2022-02": {
            "month": "2022-02",
            "price": "88.52",
            "revenue": 29823052
        },
        "2022-03": {
            "month": "2022-03",
            "price": "91.07",
            "revenue": 37002485
        },
        "2022-04": {
            "month": "2022-04",
            "price": "89.25",
            "revenue": 29697081
        },
        "2022-05": {
            "month": "2022-05",
            "price": "83.41",
            "revenue": 32883176
        },
        "2022-06": {
            "month": "2022-06",
            "price": "83.91",
            "revenue": 32151862
        },
        "2022-07": {
            "month": "2022-07",
            "price": "66.91",
            "revenue": 27970940
        },
        "2022-08": {
            "month": "2022-08",
            "price": "69.16",
            "revenue": 27507669
        },
        "2022-09": {
            "month": "2022-09",
            "price": "67.20",
            "revenue": 27109813
        },
        "2022-10": {
            "month": "2022-10",
            "price": "67.04",
            "revenue": 26628431
        },
        "2022-11": {
            "month": "2022-11",
            "price": "72.95",
            "revenue": 25203688
        },
        "2022-12": {
            "month": "2022-12",
            "price": "72.98",
            "revenue": 23938601
        },
        "2023-01": {
            "month": "2023-01",
            "price": "74.02",
            "revenue": 20289828
        },
        "2023-02": {
            "month": "2023-02",
            "price": "75.27",
            "revenue": 21842845
        },
        "2023-03": {
            "month": "2023-03",
            "price": "75.84",
            "revenue": 23641103
        },
        "2023-04": {
            "month": "2023-04",
            "price": "77.69",
            "revenue": 21354749
        },
        "2023-05": {
            "month": "2023-05",
            "price": "78.66",
            "revenue": 22593257
        }
    }
}
