{
    "summary": {
        "stock_name": "台聚",
        "stock_id": "1304",
        "category": "塑膠",
        "main_business": "塑膠原料之製造、加工及銷售<br>電子材料<br>其他",
        "website_url": "http://www.usife.com.tw",
        "ceo": "吳培基",
        "pe_ratio": 27,
        "report_year_from": 2001,
        "report_year_to": 2023,
        "age": 22,
        "eps_negative_percentage": 9,
        "eps_growth_avg": {
            "last_all": 19.98,
            "last_2y": 39.4,
            "last_4y": 33.45,
            "last_8y": 23.41,
            "last_12y": 10.43,
            "last_16y": 13.6,
            "last_20y": 19.98,
            "at_2006_last_3y": 39.63,
            "at_2007_last_3y": 39.63,
            "at_2008_last_3y": -8.99,
            "at_2009_last_3y": 23.9,
            "at_2010_last_3y": 34.47,
            "at_2011_last_3y": 9.4,
            "at_2012_last_3y": 19.47,
            "at_2013_last_3y": -18.77,
            "at_2014_last_3y": -32.25,
            "at_2015_last_3y": -22.91,
            "at_2016_last_3y": -0.23,
            "at_2017_last_3y": 10.86,
            "at_2018_last_3y": 3.5,
            "at_2019_last_3y": 19.23,
            "at_2020_last_3y": 32.17,
            "at_2021_last_3y": 59.32,
            "at_2022_last_3y": 54.55,
            "at_2023_last_3y": 54.55,
            "at_2006_last_all": 39.63,
            "at_2007_last_all": 51.71,
            "at_2008_last_all": 27.34,
            "at_2009_last_all": 37.72,
            "at_2010_last_all": 37.05,
            "at_2011_last_all": 32.9,
            "at_2012_last_all": 24.19,
            "at_2013_last_all": 17.18,
            "at_2014_last_all": 13.95,
            "at_2015_last_all": 15.73,
            "at_2016_last_all": 17.21,
            "at_2017_last_all": 15.49,
            "at_2018_last_all": 11.34,
            "at_2019_last_all": 16.55,
            "at_2020_last_all": 20.54,
            "at_2021_last_all": 24.72,
            "at_2022_last_all": 19.98,
            "at_2023_last_all": 19.98
        },
        "latest_eps": 0.86,
        "latest_price": 22.8,
        "latest_roe": -2.55,
        "latest_gross_margin": 13.27,
        "latest_equity": 50699557,
        "latest_revenue": 13175556,
        "latest_gross_profit": 1748750,
        "latest_net_income": -588023,
        "latest_debt_ratio": 34.65,
        "latest_current_ratio": 314.4,
        "latest_account_receivable_turnover_ratio": 1.86,
        "latest_inventory_turnover_ratio": 1.56,
        "latest_reinvestment_rate": 36.7,
        "latest_research_to_sale_ratio": 0.9
    },
    "eps_dividends": {
        "1990": {
            "cash": 1,
            "stock": 2,
            "eps": 0
        },
        "1991": {
            "cash": 1,
            "stock": 1,
            "eps": 0
        },
        "1992": {
            "cash": 1,
            "stock": 1,
            "eps": 0
        },
        "1993": {
            "cash": 1,
            "stock": 1,
            "eps": 0
        },
        "1994": {
            "cash": 0,
            "stock": 0,
            "eps": 0
        },
        "1995": {
            "cash": 1,
            "stock": 1,
            "eps": 0
        },
        "1996": {
            "cash": 0,
            "stock": 1,
            "eps": 0
        },
        "1997": {
            "cash": 1,
            "stock": 1,
            "eps": 0
        },
        "1998": {
            "cash": 0,
            "stock": 2,
            "eps": 0
        },
        "1999": {
            "cash": 0,
            "stock": 1,
            "eps": 0
        },
        "2000": {
            "cash": 0,
            "stock": 1,
            "eps": 0
        },
        "2001": {
            "cash": 0,
            "stock": 0,
            "eps": -0.31
        },
        "2002": {
            "cash": 0,
            "stock": 0,
            "eps": 0.02
        },
        "2003": {
            "cash": 0,
            "stock": 0,
            "eps": 0.26
        },
        "2004": {
            "cash": 1,
            "stock": 0,
            "eps": 1.33
        },
        "2005": {
            "cash": 1,
            "stock": 0,
            "eps": 0.91
        },
        "2006": {
            "cash": 1,
            "stock": 0,
            "eps": 0.82
        },
        "2007": {
            "cash": 1,
            "stock": 0,
            "eps": 2
        },
        "2008": {
            "cash": 2,
            "stock": 0,
            "eps": 0.11
        },
        "2009": {
            "cash": 0,
            "stock": 0,
            "eps": 2.78
        },
        "2010": {
            "cash": 1,
            "stock": 1,
            "eps": 3.68
        },
        "2011": {
            "cash": 2,
            "stock": 4,
            "eps": 3.67
        },
        "2012": {
            "cash": 0,
            "stock": 0,
            "eps": 1.68
        },
        "2013": {
            "cash": 1,
            "stock": 0,
            "eps": 0.79
        },
        "2014": {
            "cash": 1,
            "stock": 0,
            "eps": 0.62
        },
        "2015": {
            "cash": 0,
            "stock": 0,
            "eps": 0.85
        },
        "2016": {
            "cash": 1,
            "stock": 0,
            "eps": 1.16
        },
        "2017": {
            "cash": 1,
            "stock": 0,
            "eps": 1.06
        },
        "2018": {
            "cash": 0,
            "stock": 0,
            "eps": 0.52
        },
        "2019": {
            "cash": 0,
            "stock": 0,
            "eps": 1.19
        },
        "2020": {
            "cash": 1,
            "stock": 0,
            "eps": 2.24
        },
        "2021": {
            "cash": 1,
            "stock": 0,
            "eps": 4.84
        },
        "2022": {
            "cash": 2,
            "stock": 0,
            "eps": 1.45
        },
        "2023": {
            "cash": 1,
            "stock": 0,
            "eps": -0.09
        }
    },
    "dividends": {
        "1990-04-09": {
            "cash": 0.8,
            "stock": 1.5
        },
        "1991-04-02": {
            "cash": 0.5,
            "stock": 0.8
        },
        "1992-04-10": {
            "cash": 0.8,
            "stock": 0.8
        },
        "1993-04-09": {
            "cash": 0.5,
            "stock": 0.5
        },
        "1994-05-10": {
            "cash": 0.4,
            "stock": 0.3
        },
        "1995-05-12": {
            "cash": 0.5,
            "stock": 0.5
        },
        "1996-04-18": {
            "cash": 0,
            "stock": 1
        },
        "1997-06-03": {
            "cash": 0.5,
            "stock": 1
        },
        "1998-05-27": {
            "cash": 0,
            "stock": 1.8
        },
        "1999-05-28": {
            "cash": 0,
            "stock": 0.7
        },
        "2000-06-09": {
            "cash": 0.4,
            "stock": 0.6
        },
        "2004-03-05": {
            "cash": 0.5,
            "stock": 0
        },
        "2005-03-16": {
            "cash": 1,
            "stock": 0
        },
        "2006-03-13": {
            "cash": 0.7,
            "stock": 0
        },
        "2007-03-22": {
            "cash": 0.7,
            "stock": 0
        },
        "2008-03-14": {
            "cash": 1.5,
            "stock": 0
        },
        "2010-03-16": {
            "cash": 0.8,
            "stock": 1.2
        },
        "2011-01-01": {
            "cash": 1,
            "stock": 1.5
        },
        "2011-03-17": {
            "cash": 1,
            "stock": 1.5
        },
        "2013-03-21": {
            "cash": 1,
            "stock": 0
        },
        "2014-08-22": {
            "cash": 0.6,
            "stock": 0
        },
        "2015-08-28": {
            "cash": 0.4,
            "stock": 0
        },
        "2016-08-26": {
            "cash": 0.5,
            "stock": 0
        },
        "2017-08-25": {
            "cash": 0.5,
            "stock": 0.2
        },
        "2018-08-24": {
            "cash": 0.3,
            "stock": 0.2
        },
        "2019-08-23": {
            "cash": 0.3,
            "stock": 0
        },
        "2020-08-28": {
            "cash": 0.5,
            "stock": 0
        },
        "2021-08-25": {
            "cash": 1,
            "stock": 0
        },
        "2022-08-31": {
            "cash": 2.2,
            "stock": 0
        },
        "2023-03-07": {
            "cash": 0.7,
            "stock": 0
        }
    },
    "prices": {
        "200101": "8.51",
        "200102": "9.42",
        "200103": "8.78",
        "200104": "7.60",
        "200105": "6.13",
        "200106": "6.02",
        "200107": "4.84",
        "200108": "5.03",
        "200109": "5.23",
        "200110": "4.61",
        "200111": "4.55",
        "200112": "5.69",
        "200201": "8.10",
        "200202": "9.10",
        "200203": "10.94",
        "200204": "12.87",
        "200205": "9.50",
        "200206": "9.98",
        "200207": "12.49",
        "200208": "11.90",
        "200209": "9.30",
        "200210": "7.70",
        "200211": "10.70",
        "200212": "11.30",
        "200301": "12.42",
        "200302": "10.59",
        "200303": "9.12",
        "200304": "9.01",
        "200305": "8.50",
        "200306": "10.16",
        "200307": "11.05",
        "200308": "12.63",
        "200309": "11.13",
        "200310": "13.25",
        "200311": "13.47",
        "200312": "13.73",
        "200401": "13.98",
        "200402": "14.00",
        "200403": "13.71",
        "200404": "12.75",
        "200405": "11.44",
        "200406": "11.65",
        "200407": "12.13",
        "200408": "11.29",
        "200409": "12.96",
        "200410": "13.28",
        "200411": "11.98",
        "200412": "12.09",
        "200501": "12.84",
        "200502": "12.69",
        "200503": "12.38",
        "200504": "10.87",
        "200505": "10.25",
        "200506": "11.53",
        "200507": "10.95",
        "200508": "10.14",
        "200509": "9.28",
        "200510": "9.28",
        "200511": "9.18",
        "200512": "9.17",
        "200601": "9.57",
        "200602": "9.30",
        "200603": "8.60",
        "200604": "9.24",
        "200605": "9.75",
        "200606": "8.93",
        "200607": "8.65",
        "200608": "8.12",
        "200609": "7.96",
        "200610": "8.71",
        "200611": "9.14",
        "200612": "9.59",
        "200701": "9.90",
        "200702": "9.87",
        "200703": "9.94",
        "200704": "11.42",
        "200705": "10.98",
        "200706": "11.29",
        "200707": "13.52",
        "200708": "13.10",
        "200709": "17.10",
        "200710": "22.23",
        "200711": "18.51",
        "200712": "19.58",
        "200801": "18.94",
        "200802": "18.62",
        "200803": "19.85",
        "200804": "20.00",
        "200805": "22.63",
        "200806": "19.72",
        "200807": "15.37",
        "200808": "13.53",
        "200809": "12.63",
        "200810": "10.14",
        "200811": "9.76",
        "200812": "10.00",
        "200901": "10.97",
        "200902": "10.95",
        "200903": "11.05",
        "200904": "12.43",
        "200905": "14.08",
        "200906": "14.75",
        "200907": "14.70",
        "200908": "14.50",
        "200909": "15.40",
        "200910": "16.14",
        "200911": "18.25",
        "200912": "19.28",
        "201001": "21.06",
        "201002": "18.88",
        "201003": "21.01",
        "201004": "22.77",
        "201005": "21.47",
        "201006": "19.81",
        "201007": "20.68",
        "201008": "21.11",
        "201009": "24.99",
        "201010": "26.95",
        "201011": "27.40",
        "201012": "28.65",
        "201101": "35.75",
        "201102": "40.80",
        "201103": "38.60",
        "201104": "39.09",
        "201105": "36.08",
        "201106": "33.69",
        "201107": "38.14",
        "201108": "34.67",
        "201109": "32.49",
        "201110": "29.80",
        "201111": "29.56",
        "201112": "24.70",
        "201201": "25.28",
        "201202": "29.28",
        "201203": "29.43",
        "201204": "28.14",
        "201205": "27.00",
        "201206": "26.03",
        "201207": "28.09",
        "201208": "26.03",
        "201209": "25.64",
        "201210": "24.02",
        "201211": "22.22",
        "201212": "22.64",
        "201301": "23.85",
        "201302": "23.60",
        "201303": "22.51",
        "201304": "20.88",
        "201305": "21.60",
        "201306": "21.15",
        "201307": "22.27",
        "201308": "20.82",
        "201309": "20.55",
        "201310": "21.76",
        "201311": "20.37",
        "201312": "20.42",
        "201401": "21.70",
        "201402": "20.66",
        "201403": "19.97",
        "201404": "19.97",
        "201405": "19.39",
        "201406": "19.43",
        "201407": "19.32",
        "201408": "16.03",
        "201409": "15.57",
        "201410": "14.48",
        "201411": "13.98",
        "201412": "15.19",
        "201501": "18.44",
        "201502": "17.76",
        "201503": "16.63",
        "201504": "16.22",
        "201505": "15.26",
        "201506": "13.23",
        "201507": "12.39",
        "201508": "11.37",
        "201509": "13.20",
        "201510": "13.85",
        "201511": "13.23",
        "201512": "13.05",
        "201601": "12.51",
        "201602": "13.22",
        "201603": "13.41",
        "201604": "12.85",
        "201605": "12.35",
        "201606": "12.44",
        "201607": "13.02",
        "201608": "13.32",
        "201609": "14.16",
        "201610": "15.26",
        "201611": "15.56",
        "201612": "16.18",
        "201701": "15.81",
        "201702": "16.81",
        "201703": "16.15",
        "201704": "15.44",
        "201705": "15.04",
        "201706": "15.23",
        "201707": "15.44",
        "201708": "14.90",
        "201709": "15.11",
        "201710": "14.92",
        "201711": "15.29",
        "201712": "16.04",
        "201801": "16.15",
        "201802": "14.95",
        "201803": "14.85",
        "201804": "14.57",
        "201805": "14.74",
        "201806": "14.54",
        "201807": "13.90",
        "201808": "13.77",
        "201809": "13.81",
        "201810": "12.61",
        "201811": "12.47",
        "201812": "12.06",
        "201901": "11.82",
        "201902": "12.25",
        "201903": "12.10",
        "201904": "11.96",
        "201905": "11.84",
        "201906": "11.78",
        "201907": "12.05",
        "201908": "12.07",
        "201909": "13.06",
        "201910": "12.88",
        "201911": "13.66",
        "201912": "13.95",
        "202001": "13.67",
        "202002": "12.31",
        "202003": "10.40",
        "202004": "11.24",
        "202005": "12.06",
        "202006": "12.22",
        "202007": "12.19",
        "202008": "12.44",
        "202009": "15.78",
        "202010": "16.95",
        "202011": "19.32",
        "202012": "20.91",
        "202101": "20.88",
        "202102": "21.48",
        "202103": "23.90",
        "202104": "32.77",
        "202105": "33.35",
        "202106": "36.49",
        "202107": "35.76",
        "202108": "32.25",
        "202109": "35.25",
        "202110": "36.74",
        "202111": "33.60",
        "202112": "31.43",
        "202201": "29.22",
        "202202": "29.11",
        "202203": "29.56",
        "202204": "28.87",
        "202205": "25.72",
        "202206": "25.61",
        "202207": "24.37",
        "202208": "23.23",
        "202209": "22.15",
        "202210": "20.49",
        "202211": "20.65",
        "202212": "21.55",
        "202301": "22.88",
        "202302": "24.42",
        "202303": "25.52",
        "202304": "26.08",
        "202305": "23.84"
    },
    "quarters": {
        "20011": {
            "year_quarter": 20011,
            "year": 2001,
            "quarter": 1,
            "eps": 0.09,
            "eps_growth_year": -88.75,
            "eps_4q": -0.75,
            "eps_4q_growth_year": -143.95,
            "roe": 0.71,
            "roe_4q": 0.71,
            "gross_profit": 48781,
            "gross_margin": 3.94,
            "gross_margin_4q_avg": 3.94,
            "net_income": 70305,
            "revenue": 1236717,
            "common_shares": 7714032,
            "book_valuer_per_share": 12.48,
            "book_valuer_per_share_4q_avg": 12.48,
            "equity": 9624301,
            "current_ratio": 388.6,
            "debt_ratio": 30.8,
            "inventory_turnover_ratio": 2.48,
            "account_receivable_turnover_ratio": null,
            "reinvestment_rate": null,
            "research_to_sale_ratio": null,
            "price_fair": 0,
            "eps_avg_yearly": 0,
            "eps_latest_yearly": 0,
            "eps_growth_yearly": 0
        },
        "20012": {
            "year_quarter": 20012,
            "year": 2001,
            "quarter": 2,
            "eps": -0.19,
            "eps_growth_year": null,
            "eps_4q": -0.86,
            "eps_4q_growth_year": -175.63,
            "roe": -1.5,
            "roe_4q": -0.79,
            "gross_profit": 139227,
            "gross_margin": 11.44,
            "gross_margin_4q_avg": 7.69,
            "net_income": -143307,
            "revenue": 1216859,
            "common_shares": 7714032,
            "book_valuer_per_share": 12.27,
            "book_valuer_per_share_4q_avg": 12.38,
            "equity": 9464940,
            "current_ratio": 216.94,
            "debt_ratio": 33.52,
            "inventory_turnover_ratio": 2.33,
            "account_receivable_turnover_ratio": null,
            "reinvestment_rate": null,
            "research_to_sale_ratio": null,
            "price_fair": 0,
            "eps_avg_yearly": 0,
            "eps_latest_yearly": 0,
            "eps_growth_yearly": 0
        },
        "20013": {
            "year_quarter": 20013,
            "year": 2001,
            "quarter": 3,
            "eps": -0.21,
            "eps_growth_year": null,
            "eps_4q": -0.86,
            "eps_4q_growth_year": -238.78,
            "roe": -1.81,
            "roe_4q": -2.6,
            "gross_profit": 137824,
            "gross_margin": 10.08,
            "gross_margin_4q_avg": 8.49,
            "net_income": -163183,
            "revenue": 1367568,
            "common_shares": 7714032,
            "book_valuer_per_share": 11.1,
            "book_valuer_per_share_4q_avg": 11.95,
            "equity": 8564730,
            "current_ratio": 192.46,
            "debt_ratio": 39.05,
            "inventory_turnover_ratio": 2.54,
            "account_receivable_turnover_ratio": null,
            "reinvestment_rate": null,
            "research_to_sale_ratio": null,
            "price_fair": 0,
            "eps_avg_yearly": 0,
            "eps_latest_yearly": 0,
            "eps_growth_yearly": 0
        },
        "20014": {
            "year_quarter": 20014,
            "year": 2001,
            "quarter": 4,
            "eps": 0,
            "eps_growth_year": null,
            "eps_4q": -0.22,
            "eps_4q_growth_year": null,
            "roe": 0.04,
            "roe_4q": -2.56,
            "gross_profit": 195070,
            "gross_margin": 15.2,
            "gross_margin_4q_avg": 10.17,
            "net_income": 3501,
            "revenue": 1283256,
            "common_shares": 7714032,
            "book_valuer_per_share": 11.94,
            "book_valuer_per_share_4q_avg": 11.95,
            "equity": 10158178,
            "current_ratio": 150.76,
            "debt_ratio": 45.81,
            "inventory_turnover_ratio": 1.86,
            "account_receivable_turnover_ratio": null,
            "reinvestment_rate": null,
            "research_to_sale_ratio": null,
            "price_fair": 0,
            "eps_avg_yearly": 0,
            "eps_latest_yearly": 0,
            "eps_growth_yearly": 0
        },
        "20021": {
            "year_quarter": 20021,
            "year": 2002,
            "quarter": 1,
            "eps": 0.13,
            "eps_growth_year": 44.44,
            "eps_4q": -0.26,
            "eps_4q_growth_year": null,
            "roe": 1.02,
            "roe_4q": -2.25,
            "gross_profit": 127264,
            "gross_margin": 10.64,
            "gross_margin_4q_avg": 11.84,
            "net_income": 100210,
            "revenue": 1195966,
            "common_shares": 7714032,
            "book_valuer_per_share": 12.25,
            "book_valuer_per_share_4q_avg": 11.89,
            "equity": 9449926,
            "current_ratio": 407.61,
            "debt_ratio": 32.51,
            "inventory_turnover_ratio": 1.75,
            "account_receivable_turnover_ratio": null,
            "reinvestment_rate": null,
            "research_to_sale_ratio": null,
            "price_fair": 0,
            "eps_avg_yearly": 0,
            "eps_latest_yearly": 0,
            "eps_growth_yearly": 0
        },
        "20022": {
            "year_quarter": 20022,
            "year": 2002,
            "quarter": 2,
            "eps": 0.12,
            "eps_growth_year": null,
            "eps_4q": 0.04,
            "eps_4q_growth_year": null,
            "roe": 0.98,
            "roe_4q": 0.22999999999999998,
            "gross_profit": 210277,
            "gross_margin": 17.21,
            "gross_margin_4q_avg": 13.28,
            "net_income": 93214,
            "revenue": 1221701,
            "common_shares": 7714032,
            "book_valuer_per_share": 12.37,
            "book_valuer_per_share_4q_avg": 11.92,
            "equity": 9545904,
            "current_ratio": 444.94,
            "debt_ratio": 32.58,
            "inventory_turnover_ratio": 1.92,
            "account_receivable_turnover_ratio": null,
            "reinvestment_rate": null,
            "research_to_sale_ratio": null,
            "price_fair": 1.44,
            "eps_avg_yearly": 0.48,
            "eps_latest_yearly": 0.48,
            "eps_growth_yearly": -30.77
        },
        "20023": {
            "year_quarter": 20023,
            "year": 2002,
            "quarter": 3,
            "eps": -0.18,
            "eps_growth_year": null,
            "eps_4q": 0.08,
            "eps_4q_growth_year": null,
            "roe": -1.46,
            "roe_4q": 0.5800000000000001,
            "gross_profit": 135900,
            "gross_margin": 10.21,
            "gross_margin_4q_avg": 13.32,
            "net_income": -138111,
            "revenue": 1330422,
            "common_shares": 7714032,
            "book_valuer_per_share": 12.1,
            "book_valuer_per_share_4q_avg": 12.17,
            "equity": 9336712,
            "current_ratio": 189.96,
            "debt_ratio": 34.62,
            "inventory_turnover_ratio": 2.22,
            "account_receivable_turnover_ratio": null,
            "reinvestment_rate": null,
            "research_to_sale_ratio": null,
            "price_fair": 1.44,
            "eps_avg_yearly": 0.48,
            "eps_latest_yearly": 0.48,
            "eps_growth_yearly": -30.77
        },
        "20024": {
            "year_quarter": 20024,
            "year": 2002,
            "quarter": 4,
            "eps": -0.05,
            "eps_growth_year": null,
            "eps_4q": 0.03,
            "eps_4q_growth_year": null,
            "roe": -0.4,
            "roe_4q": 0.14000000000000012,
            "gross_profit": 171345,
            "gross_margin": 11.93,
            "gross_margin_4q_avg": 12.5,
            "net_income": -38157,
            "revenue": 1436204,
            "common_shares": 7714032,
            "book_valuer_per_share": 11.66,
            "book_valuer_per_share_4q_avg": 12.1,
            "equity": 9918961,
            "current_ratio": 109.7,
            "debt_ratio": 47.14,
            "inventory_turnover_ratio": 2.21,
            "account_receivable_turnover_ratio": null,
            "reinvestment_rate": 110.15,
            "research_to_sale_ratio": null,
            "price_fair": 1.44,
            "eps_avg_yearly": 0.48,
            "eps_latest_yearly": 0.48,
            "eps_growth_yearly": -30.77
        },
        "20031": {
            "year_quarter": 20031,
            "year": 2003,
            "quarter": 1,
            "eps": 0.1,
            "eps_growth_year": -23.08,
            "eps_4q": -0.01,
            "eps_4q_growth_year": null,
            "roe": 0.82,
            "roe_4q": -0.06000000000000005,
            "gross_profit": 182094,
            "gross_margin": 14.71,
            "gross_margin_4q_avg": 13.52,
            "net_income": 77637,
            "revenue": 1238029,
            "common_shares": 7714032,
            "book_valuer_per_share": 11.71,
            "book_valuer_per_share_4q_avg": 11.96,
            "equity": 9032743,
            "current_ratio": 168.78,
            "debt_ratio": 34.05,
            "inventory_turnover_ratio": 1.74,
            "account_receivable_turnover_ratio": null,
            "reinvestment_rate": -9.69,
            "research_to_sale_ratio": null,
            "price_fair": 1.44,
            "eps_avg_yearly": 0.48,
            "eps_latest_yearly": 0.48,
            "eps_growth_yearly": -30.77
        },
        "20032": {
            "year_quarter": 20032,
            "year": 2003,
            "quarter": 2,
            "eps": -0.05,
            "eps_growth_year": -141.67,
            "eps_4q": -0.18,
            "eps_4q_growth_year": -519.24,
            "roe": -0.47,
            "roe_4q": -1.51,
            "gross_profit": 133797,
            "gross_margin": 10.11,
            "gross_margin_4q_avg": 11.74,
            "net_income": -41849,
            "revenue": 1323684,
            "common_shares": 7714032,
            "book_valuer_per_share": 11.44,
            "book_valuer_per_share_4q_avg": 11.73,
            "equity": 8826124,
            "current_ratio": 139.55,
            "debt_ratio": 33.09,
            "inventory_turnover_ratio": 2.05,
            "account_receivable_turnover_ratio": null,
            "reinvestment_rate": -102.31,
            "research_to_sale_ratio": null,
            "price_fair": 1.44,
            "eps_avg_yearly": 0.48,
            "eps_latest_yearly": 0.48,
            "eps_growth_yearly": -30.77
        },
        "20033": {
            "year_quarter": 20033,
            "year": 2003,
            "quarter": 3,
            "eps": 0.06,
            "eps_growth_year": null,
            "eps_4q": 0.06,
            "eps_4q_growth_year": -25.11,
            "roe": 0.54,
            "roe_4q": 0.49,
            "gross_profit": 159432,
            "gross_margin": 11.58,
            "gross_margin_4q_avg": 12.08,
            "net_income": 49000,
            "revenue": 1377232,
            "common_shares": 7714032,
            "book_valuer_per_share": 12.08,
            "book_valuer_per_share_4q_avg": 11.72,
            "equity": 9315709,
            "current_ratio": 171.64,
            "debt_ratio": 26.19,
            "inventory_turnover_ratio": 1.92,
            "account_receivable_turnover_ratio": null,
            "reinvestment_rate": null,
            "research_to_sale_ratio": null,
            "price_fair": 1.44,
            "eps_avg_yearly": 0.48,
            "eps_latest_yearly": 0.48,
            "eps_growth_yearly": -30.77
        },
        "20034": {
            "year_quarter": 20034,
            "year": 2003,
            "quarter": 4,
            "eps": 0.15,
            "eps_growth_year": null,
            "eps_4q": 0.26,
            "eps_4q_growth_year": 885.1,
            "roe": 1.16,
            "roe_4q": 2.05,
            "gross_profit": 232269,
            "gross_margin": 12.93,
            "gross_margin_4q_avg": 12.33,
            "net_income": 115612,
            "revenue": 1796327,
            "common_shares": 7714032,
            "book_valuer_per_share": 12.47,
            "book_valuer_per_share_4q_avg": 11.93,
            "equity": 10578743,
            "current_ratio": 207.7,
            "debt_ratio": 43.16,
            "inventory_turnover_ratio": 2.03,
            "account_receivable_turnover_ratio": null,
            "reinvestment_rate": null,
            "research_to_sale_ratio": null,
            "price_fair": 18.9,
            "eps_avg_yearly": 0.54,
            "eps_latest_yearly": 0.6,
            "eps_growth_yearly": 284.62
        },
        "20041": {
            "year_quarter": 20041,
            "year": 2004,
            "quarter": 1,
            "eps": 0.39,
            "eps_growth_year": 290,
            "eps_4q": 0.55,
            "eps_4q_growth_year": null,
            "roe": 2.98,
            "roe_4q": 4.21,
            "gross_profit": 273895,
            "gross_margin": 17.96,
            "gross_margin_4q_avg": 13.15,
            "net_income": 304445,
            "revenue": 1524688,
            "common_shares": 7714032,
            "book_valuer_per_share": 12.81,
            "book_valuer_per_share_4q_avg": 12.2,
            "equity": 9881392,
            "current_ratio": 337.87,
            "debt_ratio": 30.5,
            "inventory_turnover_ratio": 1.45,
            "account_receivable_turnover_ratio": null,
            "reinvestment_rate": null,
            "research_to_sale_ratio": null,
            "price_fair": 30.8,
            "eps_avg_yearly": 0.88,
            "eps_latest_yearly": 1.56,
            "eps_growth_yearly": 403.08
        },
        "20042": {
            "year_quarter": 20042,
            "year": 2004,
            "quarter": 2,
            "eps": 0.22,
            "eps_growth_year": null,
            "eps_4q": 0.84,
            "eps_4q_growth_year": null,
            "roe": 1.71,
            "roe_4q": 6.39,
            "gross_profit": 267646,
            "gross_margin": 13.51,
            "gross_margin_4q_avg": 14,
            "net_income": 167187,
            "revenue": 1981293,
            "common_shares": 7714032,
            "book_valuer_per_share": 12.57,
            "book_valuer_per_share_4q_avg": 12.48,
            "equity": 9693132,
            "current_ratio": 275.12,
            "debt_ratio": 32.2,
            "inventory_turnover_ratio": 2,
            "account_receivable_turnover_ratio": null,
            "reinvestment_rate": null,
            "research_to_sale_ratio": null,
            "price_fair": 30.8,
            "eps_avg_yearly": 0.88,
            "eps_latest_yearly": 0.88,
            "eps_growth_yearly": 258.72
        },
        "20043": {
            "year_quarter": 20043,
            "year": 2004,
            "quarter": 3,
            "eps": 0.34,
            "eps_growth_year": 466.67,
            "eps_4q": 1.1,
            "eps_4q_growth_year": 1825.06,
            "roe": 2.68,
            "roe_4q": 8.530000000000001,
            "gross_profit": 432208,
            "gross_margin": 22.65,
            "gross_margin_4q_avg": 16.76,
            "net_income": 262995,
            "revenue": 1908552,
            "common_shares": 7714032,
            "book_valuer_per_share": 12.92,
            "book_valuer_per_share_4q_avg": 12.69,
            "equity": 9963755,
            "current_ratio": 327.68,
            "debt_ratio": 32.58,
            "inventory_turnover_ratio": 1.73,
            "account_receivable_turnover_ratio": null,
            "reinvestment_rate": -44.44,
            "research_to_sale_ratio": null,
            "price_fair": 34.16,
            "eps_avg_yearly": 0.98,
            "eps_latest_yearly": 1.36,
            "eps_growth_yearly": 250.61
        },
        "20044": {
            "year_quarter": 20044,
            "year": 2004,
            "quarter": 4,
            "eps": 0.38,
            "eps_growth_year": 153.33,
            "eps_4q": 1.34,
            "eps_4q_growth_year": 416.3,
            "roe": 2.74,
            "roe_4q": 10.11,
            "gross_profit": 411777,
            "gross_margin": 21.75,
            "gross_margin_4q_avg": 18.97,
            "net_income": 290057,
            "revenue": 1893338,
            "common_shares": 7714032,
            "book_valuer_per_share": 13.13,
            "book_valuer_per_share_4q_avg": 12.86,
            "equity": 11217428,
            "current_ratio": 219.67,
            "debt_ratio": 44.29,
            "inventory_turnover_ratio": 1.19,
            "account_receivable_turnover_ratio": null,
            "reinvestment_rate": -27.56,
            "research_to_sale_ratio": null,
            "price_fair": 37.33,
            "eps_avg_yearly": 1.07,
            "eps_latest_yearly": 1.52,
            "eps_growth_yearly": 216.69
        },
        "20051": {
            "year_quarter": 20051,
            "year": 2005,
            "quarter": 1,
            "eps": 0.32,
            "eps_growth_year": -17.95,
            "eps_4q": 1.25,
            "eps_4q_growth_year": 127.69,
            "roe": 2.3,
            "roe_4q": 9.43,
            "gross_profit": 259705,
            "gross_margin": 10.75,
            "gross_margin_4q_avg": 17.17,
            "net_income": 248872,
            "revenue": 2415102,
            "common_shares": 7714032,
            "book_valuer_per_share": 13.51,
            "book_valuer_per_share_4q_avg": 13.03,
            "equity": 10418770,
            "current_ratio": 262.5,
            "debt_ratio": 31.24,
            "inventory_turnover_ratio": 1.49,
            "account_receivable_turnover_ratio": null,
            "reinvestment_rate": -19.99,
            "research_to_sale_ratio": null,
            "price_fair": 38.4,
            "eps_avg_yearly": 1.1,
            "eps_latest_yearly": 1.28,
            "eps_growth_yearly": 176.71
        },
        "20052": {
            "year_quarter": 20052,
            "year": 2005,
            "quarter": 2,
            "eps": 0.04,
            "eps_growth_year": -81.82,
            "eps_4q": 1.11,
            "eps_4q_growth_year": 32.24,
            "roe": 0.3,
            "roe_4q": 8.02,
            "gross_profit": 180533,
            "gross_margin": 7.71,
            "gross_margin_4q_avg": 15.72,
            "net_income": 30059,
            "revenue": 2342911,
            "common_shares": 7714032,
            "book_valuer_per_share": 12.59,
            "book_valuer_per_share_4q_avg": 13.04,
            "equity": 9709457,
            "current_ratio": 212.73,
            "debt_ratio": 36.7,
            "inventory_turnover_ratio": 1.84,
            "account_receivable_turnover_ratio": null,
            "reinvestment_rate": -13.41,
            "research_to_sale_ratio": null,
            "price_fair": 34.3,
            "eps_avg_yearly": 0.98,
            "eps_latest_yearly": 0.16,
            "eps_growth_yearly": 110.87
        },
        "20053": {
            "year_quarter": 20053,
            "year": 2005,
            "quarter": 3,
            "eps": 0.38,
            "eps_growth_year": 11.76,
            "eps_4q": 1.16,
            "eps_4q_growth_year": 5.37,
            "roe": 2.82,
            "roe_4q": 8.16,
            "gross_profit": 279657,
            "gross_margin": 12.58,
            "gross_margin_4q_avg": 13.2,
            "net_income": 277836,
            "revenue": 2222634,
            "common_shares": 7714032,
            "book_valuer_per_share": 13,
            "book_valuer_per_share_4q_avg": 13.06,
            "equity": 10028074,
            "current_ratio": 291.01,
            "debt_ratio": 30.87,
            "inventory_turnover_ratio": 1.87,
            "account_receivable_turnover_ratio": null,
            "reinvestment_rate": -13.52,
            "research_to_sale_ratio": null,
            "price_fair": 36.4,
            "eps_avg_yearly": 1.04,
            "eps_latest_yearly": 1.52,
            "eps_growth_yearly": 476.33
        },
        "20054": {
            "year_quarter": 20054,
            "year": 2005,
            "quarter": 4,
            "eps": 0.17,
            "eps_growth_year": -55.26,
            "eps_4q": 0.93,
            "eps_4q_growth_year": -30.76,
            "roe": 0.83,
            "roe_4q": 6.25,
            "gross_profit": 216457,
            "gross_margin": 9.58,
            "gross_margin_4q_avg": 10.16,
            "net_income": 124622,
            "revenue": 2260111,
            "common_shares": 7714032,
            "book_valuer_per_share": 13.17,
            "book_valuer_per_share_4q_avg": 13.07,
            "equity": 20086519,
            "current_ratio": 222.34,
            "debt_ratio": 54.68,
            "inventory_turnover_ratio": 0.6,
            "account_receivable_turnover_ratio": null,
            "reinvestment_rate": 531.43,
            "research_to_sale_ratio": null,
            "price_fair": 35.14,
            "eps_avg_yearly": 1,
            "eps_latest_yearly": 0.68,
            "eps_growth_yearly": 406.59
        },
        "20061": {
            "year_quarter": 20061,
            "year": 2006,
            "quarter": 1,
            "eps": 0.09,
            "eps_growth_year": -71.88,
            "eps_4q": 0.65,
            "eps_4q_growth_year": -47.5,
            "roe": 0.45,
            "roe_4q": 4.3999999999999995,
            "gross_profit": 159831,
            "gross_margin": 8.57,
            "gross_margin_4q_avg": 9.61,
            "net_income": 68996,
            "revenue": 1865340,
            "common_shares": 7714032,
            "book_valuer_per_share": 13.38,
            "book_valuer_per_share_4q_avg": 13.04,
            "equity": 10321920,
            "current_ratio": 493.77,
            "debt_ratio": 30.9,
            "inventory_turnover_ratio": 0.46,
            "account_receivable_turnover_ratio": null,
            "reinvestment_rate": -5.6,
            "research_to_sale_ratio": null,
            "price_fair": 33.09,
            "eps_avg_yearly": 0.95,
            "eps_latest_yearly": 0.36,
            "eps_growth_yearly": 352.52
        },
        "20062": {
            "year_quarter": 20062,
            "year": 2006,
            "quarter": 2,
            "eps": 0.24,
            "eps_growth_year": 500,
            "eps_4q": 0.9,
            "eps_4q_growth_year": -18.93,
            "roe": 1.7,
            "roe_4q": 5.8,
            "gross_profit": 186385,
            "gross_margin": 7.77,
            "gross_margin_4q_avg": 9.63,
            "net_income": 172079,
            "revenue": 2398478,
            "common_shares": 7714032,
            "book_valuer_per_share": 12.93,
            "book_valuer_per_share_4q_avg": 13.12,
            "equity": 9970603,
            "current_ratio": 340.34,
            "debt_ratio": 34.64,
            "inventory_turnover_ratio": 1.49,
            "account_receivable_turnover_ratio": null,
            "reinvestment_rate": -5.35,
            "research_to_sale_ratio": null,
            "price_fair": 34.62,
            "eps_avg_yearly": 0.99,
            "eps_latest_yearly": 0.96,
            "eps_growth_yearly": 415.92
        },
        "20063": {
            "year_quarter": 20063,
            "year": 2006,
            "quarter": 3,
            "eps": 0.3,
            "eps_growth_year": -21.05,
            "eps_4q": 0.8,
            "eps_4q_growth_year": -30.67,
            "roe": 2.14,
            "roe_4q": 5.12,
            "gross_profit": 249392,
            "gross_margin": 11.94,
            "gross_margin_4q_avg": 9.47,
            "net_income": 218114,
            "revenue": 2088356,
            "common_shares": 7714032,
            "book_valuer_per_share": 13.5,
            "book_valuer_per_share_4q_avg": 13.25,
            "equity": 10411930,
            "current_ratio": 485.79,
            "debt_ratio": 28.94,
            "inventory_turnover_ratio": 1.24,
            "account_receivable_turnover_ratio": null,
            "reinvestment_rate": -4.45,
            "research_to_sale_ratio": null,
            "price_fair": 35.23,
            "eps_avg_yearly": 1.01,
            "eps_latest_yearly": 1.2,
            "eps_growth_yearly": 389.59
        },
        "20064": {
            "year_quarter": 20064,
            "year": 2006,
            "quarter": 4,
            "eps": 0.19,
            "eps_growth_year": 11.76,
            "eps_4q": 0.83,
            "eps_4q_growth_year": -10.9,
            "roe": 0.86,
            "roe_4q": 5.15,
            "gross_profit": 181785,
            "gross_margin": 7.43,
            "gross_margin_4q_avg": 8.93,
            "net_income": 136705,
            "revenue": 2447742,
            "common_shares": 7714032,
            "book_valuer_per_share": 14.09,
            "book_valuer_per_share_4q_avg": 13.48,
            "equity": 21282282,
            "current_ratio": 212.95,
            "debt_ratio": 53.59,
            "inventory_turnover_ratio": 0.58,
            "account_receivable_turnover_ratio": null,
            "reinvestment_rate": 431.21,
            "research_to_sale_ratio": null,
            "price_fair": 34.57,
            "eps_avg_yearly": 0.99,
            "eps_latest_yearly": 0.76,
            "eps_growth_yearly": 348.34
        },
        "20071": {
            "year_quarter": 20071,
            "year": 2007,
            "quarter": 1,
            "eps": 0.19,
            "eps_growth_year": 111.11,
            "eps_4q": 0.9,
            "eps_4q_growth_year": 38.07,
            "roe": 0.86,
            "roe_4q": 5.5600000000000005,
            "gross_profit": 289372,
            "gross_margin": 11.99,
            "gross_margin_4q_avg": 9.78,
            "net_income": 140358,
            "revenue": 2414388,
            "common_shares": 7714032,
            "book_valuer_per_share": 14.65,
            "book_valuer_per_share_4q_avg": 13.79,
            "equity": 11302382,
            "current_ratio": 481.01,
            "debt_ratio": 27.1,
            "inventory_turnover_ratio": 0.56,
            "account_receivable_turnover_ratio": null,
            "reinvestment_rate": -1.97,
            "research_to_sale_ratio": null,
            "price_fair": 34,
            "eps_avg_yearly": 0.97,
            "eps_latest_yearly": 0.76,
            "eps_growth_yearly": 323.46
        },
        "20072": {
            "year_quarter": 20072,
            "year": 2007,
            "quarter": 2,
            "eps": 0.61,
            "eps_growth_year": 154.17,
            "eps_4q": 1.28,
            "eps_4q_growth_year": 43.01,
            "roe": 3.92,
            "roe_4q": 7.780000000000001,
            "gross_profit": 408199,
            "gross_margin": 13.59,
            "gross_margin_4q_avg": 11.24,
            "net_income": 448434,
            "revenue": 3004719,
            "common_shares": 7714032,
            "book_valuer_per_share": 15.03,
            "book_valuer_per_share_4q_avg": 14.32,
            "equity": 11594442,
            "current_ratio": 369.96,
            "debt_ratio": 28.99,
            "inventory_turnover_ratio": 2.03,
            "account_receivable_turnover_ratio": null,
            "reinvestment_rate": -1.06,
            "research_to_sale_ratio": null,
            "price_fair": 37.43,
            "eps_avg_yearly": 1.07,
            "eps_latest_yearly": 2.44,
            "eps_growth_yearly": 360.84
        },
        "20073": {
            "year_quarter": 20073,
            "year": 2007,
            "quarter": 3,
            "eps": 0.73,
            "eps_growth_year": 143.33,
            "eps_4q": 1.73,
            "eps_4q_growth_year": 115.55,
            "roe": 4.39,
            "roe_4q": 10.029999999999998,
            "gross_profit": 464507,
            "gross_margin": 15.14,
            "gross_margin_4q_avg": 12.04,
            "net_income": 529181,
            "revenue": 3068624,
            "common_shares": 7714032,
            "book_valuer_per_share": 16.22,
            "book_valuer_per_share_4q_avg": 15,
            "equity": 12513621,
            "current_ratio": 355.8,
            "debt_ratio": 25.78,
            "inventory_turnover_ratio": 1.91,
            "account_receivable_turnover_ratio": null,
            "reinvestment_rate": -1.05,
            "research_to_sale_ratio": null,
            "price_fair": 41.48,
            "eps_avg_yearly": 1.19,
            "eps_latest_yearly": 2.92,
            "eps_growth_yearly": 343.21
        },
        "20074": {
            "year_quarter": 20074,
            "year": 2007,
            "quarter": 4,
            "eps": 0.47,
            "eps_growth_year": 147.37,
            "eps_4q": 1.99,
            "eps_4q_growth_year": 140.65,
            "roe": 1.87,
            "roe_4q": 11.04,
            "gross_profit": 465471,
            "gross_margin": 13.59,
            "gross_margin_4q_avg": 13.58,
            "net_income": 344995,
            "revenue": 3426314,
            "common_shares": 7714032,
            "book_valuer_per_share": 16.21,
            "book_valuer_per_share_4q_avg": 15.53,
            "equity": 24298562,
            "current_ratio": 206.1,
            "debt_ratio": 51.18,
            "inventory_turnover_ratio": 0.62,
            "account_receivable_turnover_ratio": null,
            "reinvestment_rate": 286.36,
            "research_to_sale_ratio": null,
            "price_fair": 44.28,
            "eps_avg_yearly": 1.27,
            "eps_latest_yearly": 1.88,
            "eps_growth_yearly": 296.8
        },
        "20081": {
            "year_quarter": 20081,
            "year": 2008,
            "quarter": 1,
            "eps": 0.71,
            "eps_growth_year": 273.68,
            "eps_4q": 1.67,
            "eps_4q_growth_year": 85.34,
            "roe": 3.21,
            "roe_4q": 13.389999999999999,
            "gross_profit": 1713515,
            "gross_margin": 11.99,
            "gross_margin_4q_avg": 13.58,
            "net_income": 779540,
            "revenue": 14285901,
            "common_shares": 7714032,
            "book_valuer_per_share": 16.16,
            "book_valuer_per_share_4q_avg": 15.91,
            "equity": 24252285,
            "current_ratio": 210.39,
            "debt_ratio": 51.83,
            "inventory_turnover_ratio": 1.43,
            "account_receivable_turnover_ratio": null,
            "reinvestment_rate": 261.68,
            "research_to_sale_ratio": null,
            "price_fair": 47.08,
            "eps_avg_yearly": 1.35,
            "eps_latest_yearly": 2.84,
            "eps_growth_yearly": 269.57
        },
        "20082": {
            "year_quarter": 20082,
            "year": 2008,
            "quarter": 2,
            "eps": 0.75,
            "eps_growth_year": 22.95,
            "eps_4q": 1.49,
            "eps_4q_growth_year": 15.8,
            "roe": 4.04,
            "roe_4q": 13.510000000000002,
            "gross_profit": 2090146,
            "gross_margin": 14.08,
            "gross_margin_4q_avg": 13.7,
            "net_income": 975210,
            "revenue": 14845169,
            "common_shares": 7714032,
            "book_valuer_per_share": 15.58,
            "book_valuer_per_share_4q_avg": 16.04,
            "equity": 23974849,
            "current_ratio": 179.61,
            "debt_ratio": 54.57,
            "inventory_turnover_ratio": 1.38,
            "account_receivable_turnover_ratio": null,
            "reinvestment_rate": 223.74,
            "research_to_sale_ratio": null,
            "price_fair": 51.71,
            "eps_avg_yearly": 1.48,
            "eps_latest_yearly": 3,
            "eps_growth_yearly": 281.88
        },
        "20083": {
            "year_quarter": 20083,
            "year": 2008,
            "quarter": 3,
            "eps": 0.29,
            "eps_growth_year": -60.27,
            "eps_4q": 1.45,
            "eps_4q_growth_year": -16.35,
            "roe": 1.36,
            "roe_4q": 10.48,
            "gross_profit": 1249066,
            "gross_margin": 8.96,
            "gross_margin_4q_avg": 12.16,
            "net_income": 322543,
            "revenue": 13942090,
            "common_shares": 7714032,
            "book_valuer_per_share": 14.95,
            "book_valuer_per_share_4q_avg": 15.73,
            "equity": 23526956,
            "current_ratio": 183.61,
            "debt_ratio": 52.46,
            "inventory_turnover_ratio": 1.28,
            "account_receivable_turnover_ratio": null,
            "reinvestment_rate": 230.51,
            "research_to_sale_ratio": null,
            "price_fair": 51.28,
            "eps_avg_yearly": 1.47,
            "eps_latest_yearly": 1.16,
            "eps_growth_yearly": 252.91
        },
        "20084": {
            "year_quarter": 20084,
            "year": 2008,
            "quarter": 4,
            "eps": -1.64,
            "eps_growth_year": -448.94,
            "eps_4q": 0.01,
            "eps_4q_growth_year": -99.61,
            "roe": -13.95,
            "roe_4q": -5.340000000000001,
            "gross_profit": -2114967,
            "gross_margin": -23.15,
            "gross_margin_4q_avg": 2.97,
            "net_income": -3029523,
            "revenue": 9134279,
            "common_shares": 7714032,
            "book_valuer_per_share": 12.83,
            "book_valuer_per_share_4q_avg": 14.88,
            "equity": 19905079,
            "current_ratio": 178.11,
            "debt_ratio": 53.29,
            "inventory_turnover_ratio": 1.41,
            "account_receivable_turnover_ratio": 3.7,
            "reinvestment_rate": 648.65,
            "research_to_sale_ratio": null,
            "price_fair": 51.15,
            "eps_avg_yearly": 1.46,
            "eps_latest_yearly": 1.16,
            "eps_growth_yearly": 266.63
        },
        "20091": {
            "year_quarter": 20091,
            "year": 2009,
            "quarter": 1,
            "eps": 0.46,
            "eps_growth_year": -35.21,
            "eps_4q": -0.06,
            "eps_4q_growth_year": -103.81,
            "roe": 3.72,
            "roe_4q": -4.829999999999999,
            "gross_profit": 1566235,
            "gross_margin": 16.42,
            "gross_margin_4q_avg": 4.08,
            "net_income": 763893,
            "revenue": 9536780,
            "common_shares": 7714032,
            "book_valuer_per_share": 13.66,
            "book_valuer_per_share_4q_avg": 14.26,
            "equity": 21120396,
            "current_ratio": 188.78,
            "debt_ratio": 52.18,
            "inventory_turnover_ratio": 1.59,
            "account_receivable_turnover_ratio": 1.98,
            "reinvestment_rate": 533.45,
            "research_to_sale_ratio": null,
            "price_fair": 51.6,
            "eps_avg_yearly": 1.47,
            "eps_latest_yearly": 1.16,
            "eps_growth_yearly": 290.19
        },
        "20092": {
            "year_quarter": 20092,
            "year": 2009,
            "quarter": 2,
            "eps": 0.92,
            "eps_growth_year": 22.67,
            "eps_4q": 0.01,
            "eps_4q_growth_year": -99.09,
            "roe": 5.23,
            "roe_4q": -3.639999999999998,
            "gross_profit": 1864629,
            "gross_margin": 16.24,
            "gross_margin_4q_avg": 4.62,
            "net_income": 1139060,
            "revenue": 11478495,
            "common_shares": 7714032,
            "book_valuer_per_share": 14.84,
            "book_valuer_per_share_4q_avg": 14.07,
            "equity": 22398838,
            "current_ratio": 192.01,
            "debt_ratio": 51.07,
            "inventory_turnover_ratio": 1.89,
            "account_receivable_turnover_ratio": 2.38,
            "reinvestment_rate": 400.97,
            "research_to_sale_ratio": null,
            "price_fair": 60.4,
            "eps_avg_yearly": 1.73,
            "eps_latest_yearly": 3.68,
            "eps_growth_yearly": 343.76
        },
        "20093": {
            "year_quarter": 20093,
            "year": 2009,
            "quarter": 3,
            "eps": 1.04,
            "eps_growth_year": 258.62,
            "eps_4q": 0.52,
            "eps_4q_growth_year": -63.88,
            "roe": 4.9,
            "roe_4q": -0.09999999999999787,
            "gross_profit": 2219458,
            "gross_margin": 16.86,
            "gross_margin_4q_avg": 6.59,
            "net_income": 1123132,
            "revenue": 13164144,
            "common_shares": 7714032,
            "book_valuer_per_share": 15.75,
            "book_valuer_per_share_4q_avg": 14.27,
            "equity": 23411877,
            "current_ratio": 198.72,
            "debt_ratio": 50.62,
            "inventory_turnover_ratio": 2.07,
            "account_receivable_turnover_ratio": 2.51,
            "reinvestment_rate": 361.21,
            "research_to_sale_ratio": null,
            "price_fair": 67,
            "eps_avg_yearly": 1.91,
            "eps_latest_yearly": 4.16,
            "eps_growth_yearly": 104.63
        },
        "20094": {
            "year_quarter": 20094,
            "year": 2009,
            "quarter": 4,
            "eps": 0.36,
            "eps_growth_year": null,
            "eps_4q": 2.78,
            "eps_4q_growth_year": 35841.51,
            "roe": 1.85,
            "roe_4q": 15.700000000000001,
            "gross_profit": 1827653,
            "gross_margin": 14.58,
            "gross_margin_4q_avg": 16.03,
            "net_income": 440721,
            "revenue": 12535604,
            "common_shares": 7714032,
            "book_valuer_per_share": 17.64,
            "book_valuer_per_share_4q_avg": 15.47,
            "equity": 24278212,
            "current_ratio": 195.68,
            "debt_ratio": 49.24,
            "inventory_turnover_ratio": 1.99,
            "account_receivable_turnover_ratio": 4.3,
            "reinvestment_rate": 130.88,
            "research_to_sale_ratio": null,
            "price_fair": 68.9,
            "eps_avg_yearly": 1.97,
            "eps_latest_yearly": 1.44,
            "eps_growth_yearly": 101.74
        },
        "20101": {
            "year_quarter": 20101,
            "year": 2010,
            "quarter": 1,
            "eps": 0.7,
            "eps_growth_year": 52.17,
            "eps_4q": 3.02,
            "eps_4q_growth_year": null,
            "roe": 3.53,
            "roe_4q": 15.510000000000002,
            "gross_profit": 1959089,
            "gross_margin": 15.17,
            "gross_margin_4q_avg": 15.71,
            "net_income": 869382,
            "revenue": 12917717,
            "common_shares": 7714032,
            "book_valuer_per_share": 18.16,
            "book_valuer_per_share_4q_avg": 16.6,
            "equity": 24979989,
            "current_ratio": 195.46,
            "debt_ratio": 50.28,
            "inventory_turnover_ratio": 1.68,
            "account_receivable_turnover_ratio": 2.15,
            "reinvestment_rate": 430.73,
            "research_to_sale_ratio": 0.52,
            "price_fair": 75,
            "eps_avg_yearly": 2.14,
            "eps_latest_yearly": 2.8,
            "eps_growth_yearly": 142.16
        },
        "20102": {
            "year_quarter": 20102,
            "year": 2010,
            "quarter": 2,
            "eps": 0.62,
            "eps_growth_year": -32.18,
            "eps_4q": 2.49,
            "eps_4q_growth_year": 18244.58,
            "roe": 3.07,
            "roe_4q": 13.35,
            "gross_profit": 1841184,
            "gross_margin": 12.47,
            "gross_margin_4q_avg": 14.77,
            "net_income": 759146,
            "revenue": 14767065,
            "common_shares": 7714032,
            "book_valuer_per_share": 17.57,
            "book_valuer_per_share_4q_avg": 17.28,
            "equity": 24550219,
            "current_ratio": 189.37,
            "debt_ratio": 51.37,
            "inventory_turnover_ratio": 1.75,
            "account_receivable_turnover_ratio": 2.27,
            "reinvestment_rate": 388.52,
            "research_to_sale_ratio": 0.53,
            "price_fair": 78.8,
            "eps_avg_yearly": 2.25,
            "eps_latest_yearly": 2.48,
            "eps_growth_yearly": 91.28
        },
        "20103": {
            "year_quarter": 20103,
            "year": 2010,
            "quarter": 3,
            "eps": 1,
            "eps_growth_year": -3.47,
            "eps_4q": 2.58,
            "eps_4q_growth_year": 393.69,
            "roe": 5.26,
            "roe_4q": 13.709999999999999,
            "gross_profit": 2214519,
            "gross_margin": 14.54,
            "gross_margin_4q_avg": 14.19,
            "net_income": 1327265,
            "revenue": 15230616,
            "common_shares": 8639716,
            "book_valuer_per_share": 16.94,
            "book_valuer_per_share_4q_avg": 17.58,
            "equity": 25925231,
            "current_ratio": 209.32,
            "debt_ratio": 49.34,
            "inventory_turnover_ratio": 1.92,
            "account_receivable_turnover_ratio": 2.25,
            "reinvestment_rate": 345.97,
            "research_to_sale_ratio": 0.54,
            "price_fair": 85.8,
            "eps_avg_yearly": 2.45,
            "eps_latest_yearly": 4,
            "eps_growth_yearly": 101.65
        },
        "20104": {
            "year_quarter": 20104,
            "year": 2010,
            "quarter": 4,
            "eps": 1.36,
            "eps_growth_year": 278.9,
            "eps_4q": 3.63,
            "eps_4q_growth_year": 30.26,
            "roe": 7.35,
            "roe_4q": 19.21,
            "gross_profit": 3429531,
            "gross_margin": 21.82,
            "gross_margin_4q_avg": 16,
            "net_income": 1968546,
            "revenue": 15717161,
            "common_shares": 8639716,
            "book_valuer_per_share": 18.11,
            "book_valuer_per_share_4q_avg": 17.7,
            "equity": 27620707,
            "current_ratio": 223.98,
            "debt_ratio": 45.69,
            "inventory_turnover_ratio": 1.93,
            "account_receivable_turnover_ratio": 2.33,
            "reinvestment_rate": 74.34,
            "research_to_sale_ratio": 0.58,
            "price_fair": 97.5,
            "eps_avg_yearly": 2.79,
            "eps_latest_yearly": 5.44,
            "eps_growth_yearly": 122.41
        },
        "20111": {
            "year_quarter": 20111,
            "year": 2011,
            "quarter": 1,
            "eps": 1.3,
            "eps_growth_year": 85.71,
            "eps_4q": 4.33,
            "eps_4q_growth_year": 43.31,
            "roe": 6.41,
            "roe_4q": 22.09,
            "gross_profit": 3099141,
            "gross_margin": 20.38,
            "gross_margin_4q_avg": 17.3,
            "net_income": 1821079,
            "revenue": 15204050,
            "common_shares": 8639716,
            "book_valuer_per_share": 19.52,
            "book_valuer_per_share_4q_avg": 18.04,
            "equity": 29202756,
            "current_ratio": 212.43,
            "debt_ratio": 49.07,
            "inventory_turnover_ratio": 1.71,
            "account_receivable_turnover_ratio": 2.05,
            "reinvestment_rate": 248.59,
            "research_to_sale_ratio": 0.67,
            "price_fair": 108.6,
            "eps_avg_yearly": 3.1,
            "eps_latest_yearly": 5.2,
            "eps_growth_yearly": 121.15
        },
        "20112": {
            "year_quarter": 20112,
            "year": 2011,
            "quarter": 2,
            "eps": 1.06,
            "eps_growth_year": 69.25,
            "eps_4q": 4.3,
            "eps_4q_growth_year": 72.66,
            "roe": 5.83,
            "roe_4q": 24.85,
            "gross_profit": 2770394,
            "gross_margin": 17.6,
            "gross_margin_4q_avg": 18.59,
            "net_income": 1681430,
            "revenue": 15743060,
            "common_shares": 8639716,
            "book_valuer_per_share": 19.65,
            "book_valuer_per_share_4q_avg": 18.56,
            "equity": 28496343,
            "current_ratio": 215.22,
            "debt_ratio": 49.26,
            "inventory_turnover_ratio": 1.64,
            "account_receivable_turnover_ratio": 2.16,
            "reinvestment_rate": 237.26,
            "research_to_sale_ratio": 0.61,
            "price_fair": 113.1,
            "eps_avg_yearly": 3.23,
            "eps_latest_yearly": 4.24,
            "eps_growth_yearly": 52.72
        },
        "20113": {
            "year_quarter": 20113,
            "year": 2011,
            "quarter": 3,
            "eps": 0.88,
            "eps_growth_year": -12.31,
            "eps_4q": 4.34,
            "eps_4q_growth_year": 68.21,
            "roe": 3.38,
            "roe_4q": 22.97,
            "gross_profit": 2001998,
            "gross_margin": 13.93,
            "gross_margin_4q_avg": 18.43,
            "net_income": 973753,
            "revenue": 14372742,
            "common_shares": 9935673,
            "book_valuer_per_share": 17.66,
            "book_valuer_per_share_4q_avg": 18.74,
            "equity": 29066765,
            "current_ratio": 199.71,
            "debt_ratio": 50.26,
            "inventory_turnover_ratio": 1.52,
            "account_receivable_turnover_ratio": 2.07,
            "reinvestment_rate": 230.94,
            "research_to_sale_ratio": 0.66,
            "price_fair": 114.6,
            "eps_avg_yearly": 3.27,
            "eps_latest_yearly": 3.52,
            "eps_growth_yearly": 42.25
        },
        "20114": {
            "year_quarter": 20114,
            "year": 2011,
            "quarter": 4,
            "eps": 0.43,
            "eps_growth_year": -68.49,
            "eps_4q": 3.55,
            "eps_4q_growth_year": -2,
            "roe": 1.21,
            "roe_4q": 16.83,
            "gross_profit": 1714518,
            "gross_margin": 13.69,
            "gross_margin_4q_avg": 16.4,
            "net_income": 352446,
            "revenue": 12521734,
            "common_shares": 9935673,
            "book_valuer_per_share": 17.99,
            "book_valuer_per_share_4q_avg": 18.71,
            "equity": 29401146,
            "current_ratio": 217.74,
            "debt_ratio": 47.36,
            "inventory_turnover_ratio": 1.35,
            "account_receivable_turnover_ratio": 1.73,
            "reinvestment_rate": 80.46,
            "research_to_sale_ratio": 0.85,
            "price_fair": 114.2,
            "eps_avg_yearly": 3.26,
            "eps_latest_yearly": 1.72,
            "eps_growth_yearly": 37.81
        },
        "20121": {
            "year_quarter": 20121,
            "year": 2012,
            "quarter": 1,
            "eps": 0.67,
            "eps_growth_year": -48.46,
            "eps_4q": 3.05,
            "eps_4q_growth_year": -29.5,
            "roe": 3.62,
            "roe_4q": 14.040000000000001,
            "gross_profit": 1909571,
            "gross_margin": 14.12,
            "gross_margin_4q_avg": 14.84,
            "net_income": 1088143,
            "revenue": 13527366,
            "common_shares": 9935673,
            "book_valuer_per_share": 19.02,
            "book_valuer_per_share_4q_avg": 18.58,
            "equity": 30703080,
            "current_ratio": 228.48,
            "debt_ratio": 46.98,
            "inventory_turnover_ratio": 1.4,
            "account_receivable_turnover_ratio": 1.89,
            "reinvestment_rate": 85.19,
            "research_to_sale_ratio": 0.65,
            "price_fair": 113.8,
            "eps_avg_yearly": 3.25,
            "eps_latest_yearly": 2.68,
            "eps_growth_yearly": 39.17
        },
        "20122": {
            "year_quarter": 20122,
            "year": 2012,
            "quarter": 2,
            "eps": 0.7,
            "eps_growth_year": -33.86,
            "eps_4q": 2.4,
            "eps_4q_growth_year": -44.22,
            "roe": 2.78,
            "roe_4q": 10.99,
            "gross_profit": 1275084,
            "gross_margin": 9.08,
            "gross_margin_4q_avg": 12.71,
            "net_income": 851072,
            "revenue": 14049601,
            "common_shares": 9935673,
            "book_valuer_per_share": 18.78,
            "book_valuer_per_share_4q_avg": 18.36,
            "equity": 30517433,
            "current_ratio": 219.83,
            "debt_ratio": 46.76,
            "inventory_turnover_ratio": 1.55,
            "account_receivable_turnover_ratio": 1.94,
            "reinvestment_rate": 87.86,
            "research_to_sale_ratio": 0.7,
            "price_fair": 113.3,
            "eps_avg_yearly": 3.24,
            "eps_latest_yearly": 2.8,
            "eps_growth_yearly": 38.84
        },
        "20123": {
            "year_quarter": 20123,
            "year": 2012,
            "quarter": 3,
            "eps": 0.38,
            "eps_growth_year": -56.98,
            "eps_4q": 2.04,
            "eps_4q_growth_year": -52.98,
            "roe": 2.46,
            "roe_4q": 10.07,
            "gross_profit": 1477694,
            "gross_margin": 10.23,
            "gross_margin_4q_avg": 11.78,
            "net_income": 761153,
            "revenue": 14447208,
            "common_shares": 11426024,
            "book_valuer_per_share": 16.9,
            "book_valuer_per_share_4q_avg": 18.17,
            "equity": 31389630,
            "current_ratio": 232.58,
            "debt_ratio": 44.51,
            "inventory_turnover_ratio": 1.74,
            "account_receivable_turnover_ratio": 1.96,
            "reinvestment_rate": 87.57,
            "research_to_sale_ratio": 0.61,
            "price_fair": 114.2,
            "eps_avg_yearly": 3.26,
            "eps_latest_yearly": 1.52,
            "eps_growth_yearly": 43.3
        },
        "20124": {
            "year_quarter": 20124,
            "year": 2012,
            "quarter": 4,
            "eps": -0.07,
            "eps_growth_year": -116.18,
            "eps_4q": 1.6,
            "eps_4q_growth_year": -55,
            "roe": 0.11,
            "roe_4q": 8.969999999999999,
            "gross_profit": 1442059,
            "gross_margin": 10.89,
            "gross_margin_4q_avg": 11.08,
            "net_income": 33626,
            "revenue": 13244331,
            "common_shares": 11426024,
            "book_valuer_per_share": 16.67,
            "book_valuer_per_share_4q_avg": 17.84,
            "equity": 31189017,
            "current_ratio": 245.02,
            "debt_ratio": 43.19,
            "inventory_turnover_ratio": 1.64,
            "account_receivable_turnover_ratio": 1.88,
            "reinvestment_rate": 54.93,
            "research_to_sale_ratio": 0.7,
            "price_fair": 114.2,
            "eps_avg_yearly": 3.26,
            "eps_latest_yearly": 1.52,
            "eps_growth_yearly": 43.3
        },
        "20131": {
            "year_quarter": 20131,
            "year": 2013,
            "quarter": 1,
            "eps": 0.27,
            "eps_growth_year": -59.7,
            "eps_4q": 1.29,
            "eps_4q_growth_year": -57.79,
            "roe": 2,
            "roe_4q": 7.35,
            "gross_profit": 1164254,
            "gross_margin": 9.17,
            "gross_margin_4q_avg": 9.84,
            "net_income": 629931,
            "revenue": 12701403,
            "common_shares": 11426024,
            "book_valuer_per_share": 16.98,
            "book_valuer_per_share_4q_avg": 17.33,
            "equity": 31868515,
            "current_ratio": 235,
            "debt_ratio": 44.7,
            "inventory_turnover_ratio": 1.44,
            "account_receivable_turnover_ratio": 1.92,
            "reinvestment_rate": 68.72,
            "research_to_sale_ratio": 0.58,
            "price_fair": 114.2,
            "eps_avg_yearly": 3.26,
            "eps_latest_yearly": 1.52,
            "eps_growth_yearly": 43.3
        },
        "20132": {
            "year_quarter": 20132,
            "year": 2013,
            "quarter": 2,
            "eps": 0.17,
            "eps_growth_year": -75.66,
            "eps_4q": 0.75,
            "eps_4q_growth_year": -68.63,
            "roe": 1.29,
            "roe_4q": 5.859999999999999,
            "gross_profit": 1121915,
            "gross_margin": 7.28,
            "gross_margin_4q_avg": 9.39,
            "net_income": 403590,
            "revenue": 15406388,
            "common_shares": 11426024,
            "book_valuer_per_share": 16.03,
            "book_valuer_per_share_4q_avg": 16.65,
            "equity": 30683129,
            "current_ratio": 217.23,
            "debt_ratio": 47.04,
            "inventory_turnover_ratio": 1.69,
            "account_receivable_turnover_ratio": 2.25,
            "reinvestment_rate": 76.16,
            "research_to_sale_ratio": 0.59,
            "price_fair": 43.13,
            "eps_avg_yearly": 3.05,
            "eps_latest_yearly": 0.68,
            "eps_growth_yearly": 4.15
        },
        "20133": {
            "year_quarter": 20133,
            "year": 2013,
            "quarter": 3,
            "eps": 0.19,
            "eps_growth_year": -49.84,
            "eps_4q": 0.56,
            "eps_4q_growth_year": -72.54,
            "roe": 1.14,
            "roe_4q": 4.54,
            "gross_profit": 1189317,
            "gross_margin": 7.67,
            "gross_margin_4q_avg": 8.75,
            "net_income": 349866,
            "revenue": 15498790,
            "common_shares": 11426024,
            "book_valuer_per_share": 16.11,
            "book_valuer_per_share_4q_avg": 16.45,
            "equity": 30755403,
            "current_ratio": 228.52,
            "debt_ratio": 46.19,
            "inventory_turnover_ratio": 1.88,
            "account_receivable_turnover_ratio": 2.09,
            "reinvestment_rate": 75.29,
            "research_to_sale_ratio": 0.55,
            "price_fair": 38.67,
            "eps_avg_yearly": 2.81,
            "eps_latest_yearly": 0.76,
            "eps_growth_yearly": 3.78
        },
        "20134": {
            "year_quarter": 20134,
            "year": 2013,
            "quarter": 4,
            "eps": 0.16,
            "eps_growth_year": null,
            "eps_4q": 0.79,
            "eps_4q_growth_year": -50.77,
            "roe": 0.99,
            "roe_4q": 5.42,
            "gross_profit": 1240262,
            "gross_margin": 8.23,
            "gross_margin_4q_avg": 8.09,
            "net_income": 307367,
            "revenue": 15072300,
            "common_shares": 11426024,
            "book_valuer_per_share": 16.47,
            "book_valuer_per_share_4q_avg": 16.4,
            "equity": 31293528,
            "current_ratio": 211.37,
            "debt_ratio": 46.6,
            "inventory_turnover_ratio": 1.79,
            "account_receivable_turnover_ratio": 1.93,
            "reinvestment_rate": 44.63,
            "research_to_sale_ratio": 0.66,
            "price_fair": 76.83,
            "eps_avg_yearly": 2.75,
            "eps_latest_yearly": 0.64,
            "eps_growth_yearly": 17.95
        },
        "20141": {
            "year_quarter": 20141,
            "year": 2014,
            "quarter": 1,
            "eps": 0.14,
            "eps_growth_year": -48.15,
            "eps_4q": 0.65,
            "eps_4q_growth_year": -49.54,
            "roe": 0.58,
            "roe_4q": 4,
            "gross_profit": 1072245,
            "gross_margin": 7.82,
            "gross_margin_4q_avg": 7.75,
            "net_income": 181448,
            "revenue": 13711750,
            "common_shares": 11426024,
            "book_valuer_per_share": 16.67,
            "book_valuer_per_share_4q_avg": 16.32,
            "equity": 31616890,
            "current_ratio": 204.13,
            "debt_ratio": 47.98,
            "inventory_turnover_ratio": 1.43,
            "account_receivable_turnover_ratio": 1.75,
            "reinvestment_rate": 50.53,
            "research_to_sale_ratio": 0.63,
            "price_fair": 7.77,
            "eps_avg_yearly": 2.59,
            "eps_latest_yearly": 0.56,
            "eps_growth_yearly": -12.6
        },
        "20142": {
            "year_quarter": 20142,
            "year": 2014,
            "quarter": 2,
            "eps": 0.17,
            "eps_growth_year": 0,
            "eps_4q": 0.65,
            "eps_4q_growth_year": -13.49,
            "roe": 0.68,
            "roe_4q": 3.3899999999999997,
            "gross_profit": 1231650,
            "gross_margin": 7.51,
            "gross_margin_4q_avg": 7.81,
            "net_income": 212834,
            "revenue": 16403254,
            "common_shares": 11426024,
            "book_valuer_per_share": 16.29,
            "book_valuer_per_share_4q_avg": 16.39,
            "equity": 30636334,
            "current_ratio": 184.38,
            "debt_ratio": 49.36,
            "inventory_turnover_ratio": 1.66,
            "account_receivable_turnover_ratio": 2,
            "reinvestment_rate": 68.08,
            "research_to_sale_ratio": 0.57,
            "price_fair": 7.38,
            "eps_avg_yearly": 2.46,
            "eps_latest_yearly": 0.68,
            "eps_growth_yearly": -3.22
        },
        "20143": {
            "year_quarter": 20143,
            "year": 2014,
            "quarter": 3,
            "eps": 0.24,
            "eps_growth_year": 26.32,
            "eps_4q": 0.7,
            "eps_4q_growth_year": 25.6,
            "roe": 1.02,
            "roe_4q": 3.2700000000000005,
            "gross_profit": 959269,
            "gross_margin": 5.79,
            "gross_margin_4q_avg": 7.34,
            "net_income": 312531,
            "revenue": 16573248,
            "common_shares": 11426024,
            "book_valuer_per_share": 16.44,
            "book_valuer_per_share_4q_avg": 16.47,
            "equity": 30932212,
            "current_ratio": 197.98,
            "debt_ratio": 48.67,
            "inventory_turnover_ratio": 1.74,
            "account_receivable_turnover_ratio": 1.94,
            "reinvestment_rate": 74.24,
            "research_to_sale_ratio": 0.72,
            "price_fair": 6.73,
            "eps_avg_yearly": 2.24,
            "eps_latest_yearly": 0.96,
            "eps_growth_yearly": -8.96
        },
        "20144": {
            "year_quarter": 20144,
            "year": 2014,
            "quarter": 4,
            "eps": 0.07,
            "eps_growth_year": -53.57,
            "eps_4q": 0.62,
            "eps_4q_growth_year": -21.01,
            "roe": -0.25,
            "roe_4q": 2.0300000000000002,
            "gross_profit": 642327,
            "gross_margin": 4.93,
            "gross_margin_4q_avg": 6.51,
            "net_income": -78137,
            "revenue": 13016311,
            "common_shares": 11426024,
            "book_valuer_per_share": 16.81,
            "book_valuer_per_share_4q_avg": 16.55,
            "equity": 31097865,
            "current_ratio": 198.57,
            "debt_ratio": 46.76,
            "inventory_turnover_ratio": 1.4,
            "account_receivable_turnover_ratio": 1.57,
            "reinvestment_rate": 112.7,
            "research_to_sale_ratio": 1.08,
            "price_fair": 5.62,
            "eps_avg_yearly": 1.87,
            "eps_latest_yearly": 0.28,
            "eps_growth_yearly": -39.49
        },
        "20151": {
            "year_quarter": 20151,
            "year": 2015,
            "quarter": 1,
            "eps": 0.18,
            "eps_growth_year": 28.57,
            "eps_4q": 0.67,
            "eps_4q_growth_year": 2.6,
            "roe": 1.25,
            "roe_4q": 2.7,
            "gross_profit": 1353511,
            "gross_margin": 10.36,
            "gross_margin_4q_avg": 7.15,
            "net_income": 391412,
            "revenue": 13066416,
            "common_shares": 11426024,
            "book_valuer_per_share": 16.85,
            "book_valuer_per_share_4q_avg": 16.6,
            "equity": 31327672,
            "current_ratio": 211.9,
            "debt_ratio": 47.09,
            "inventory_turnover_ratio": 1.47,
            "account_receivable_turnover_ratio": 1.69,
            "reinvestment_rate": 132.96,
            "research_to_sale_ratio": 0.99,
            "price_fair": 25.91,
            "eps_avg_yearly": 1.55,
            "eps_latest_yearly": 0.72,
            "eps_growth_yearly": 6.67
        },
        "20152": {
            "year_quarter": 20152,
            "year": 2015,
            "quarter": 2,
            "eps": 0.31,
            "eps_growth_year": 82.35,
            "eps_4q": 0.8,
            "eps_4q_growth_year": 23.04,
            "roe": 2.23,
            "roe_4q": 4.25,
            "gross_profit": 1772631,
            "gross_margin": 12.59,
            "gross_margin_4q_avg": 8.42,
            "net_income": 695080,
            "revenue": 14074878,
            "common_shares": 11426024,
            "book_valuer_per_share": 16.5,
            "book_valuer_per_share_4q_avg": 16.65,
            "equity": 31124365,
            "current_ratio": 189.68,
            "debt_ratio": 49.14,
            "inventory_turnover_ratio": 1.58,
            "account_receivable_turnover_ratio": 1.9,
            "reinvestment_rate": 154.47,
            "research_to_sale_ratio": 0.86,
            "price_fair": 46.9,
            "eps_avg_yearly": 1.34,
            "eps_latest_yearly": 1.24,
            "eps_growth_yearly": 32.58
        },
        "20153": {
            "year_quarter": 20153,
            "year": 2015,
            "quarter": 3,
            "eps": 0.13,
            "eps_growth_year": -45.83,
            "eps_4q": 0.7,
            "eps_4q_growth_year": -1.3,
            "roe": 0.19,
            "roe_4q": 3.42,
            "gross_profit": 882229,
            "gross_margin": 7.11,
            "gross_margin_4q_avg": 8.75,
            "net_income": 60171,
            "revenue": 12405533,
            "common_shares": 11426024,
            "book_valuer_per_share": 16.37,
            "book_valuer_per_share_4q_avg": 16.63,
            "equity": 30825046,
            "current_ratio": 205.58,
            "debt_ratio": 46.35,
            "inventory_turnover_ratio": 1.47,
            "account_receivable_turnover_ratio": 1.66,
            "reinvestment_rate": 171.69,
            "research_to_sale_ratio": 0.92,
            "price_fair": 34.72,
            "eps_avg_yearly": 1.13,
            "eps_latest_yearly": 0.52,
            "eps_growth_yearly": 20.84
        },
        "20154": {
            "year_quarter": 20154,
            "year": 2015,
            "quarter": 4,
            "eps": 0.23,
            "eps_growth_year": 217.41,
            "eps_4q": 0.85,
            "eps_4q_growth_year": 37.26,
            "roe": 1.26,
            "roe_4q": 4.93,
            "gross_profit": 1505866,
            "gross_margin": 11.74,
            "gross_margin_4q_avg": 10.45,
            "net_income": 390443,
            "revenue": 12826758,
            "common_shares": 11426024,
            "book_valuer_per_share": 16.52,
            "book_valuer_per_share_4q_avg": 16.56,
            "equity": 31049293,
            "current_ratio": 208.21,
            "debt_ratio": 46,
            "inventory_turnover_ratio": 1.57,
            "account_receivable_turnover_ratio": 1.79,
            "reinvestment_rate": 175.88,
            "research_to_sale_ratio": 0.85,
            "price_fair": 37.4,
            "eps_avg_yearly": 1.07,
            "eps_latest_yearly": 0.92,
            "eps_growth_yearly": 57.43
        },
        "20161": {
            "year_quarter": 20161,
            "year": 2016,
            "quarter": 1,
            "eps": 0.27,
            "eps_growth_year": 50,
            "eps_4q": 0.94,
            "eps_4q_growth_year": 41.15,
            "roe": 1.43,
            "roe_4q": 5.109999999999999,
            "gross_profit": 1546222,
            "gross_margin": 12.14,
            "gross_margin_4q_avg": 10.9,
            "net_income": 446718,
            "revenue": 12738367,
            "common_shares": 11426024,
            "book_valuer_per_share": 16.86,
            "book_valuer_per_share_4q_avg": 16.56,
            "equity": 31557304,
            "current_ratio": 214.86,
            "debt_ratio": 45.17,
            "inventory_turnover_ratio": 1.65,
            "account_receivable_turnover_ratio": 1.84,
            "reinvestment_rate": 198.92,
            "research_to_sale_ratio": 0.76,
            "price_fair": 33.4,
            "eps_avg_yearly": 0.95,
            "eps_latest_yearly": 1.08,
            "eps_growth_yearly": 46.45
        },
        "20162": {
            "year_quarter": 20162,
            "year": 2016,
            "quarter": 2,
            "eps": 0.43,
            "eps_growth_year": 38.71,
            "eps_4q": 1.06,
            "eps_4q_growth_year": 32.58,
            "roe": 2.66,
            "roe_4q": 5.54,
            "gross_profit": 1916023,
            "gross_margin": 14.42,
            "gross_margin_4q_avg": 11.35,
            "net_income": 835460,
            "revenue": 13291267,
            "common_shares": 11426024,
            "book_valuer_per_share": 16.7,
            "book_valuer_per_share_4q_avg": 16.61,
            "equity": 31243323,
            "current_ratio": 192.02,
            "debt_ratio": 50.04,
            "inventory_turnover_ratio": 1.72,
            "account_receivable_turnover_ratio": 1.93,
            "reinvestment_rate": 224.6,
            "research_to_sale_ratio": 0.99,
            "price_fair": 30.7,
            "eps_avg_yearly": 0.88,
            "eps_latest_yearly": 1.72,
            "eps_growth_yearly": 62.11
        },
        "20163": {
            "year_quarter": 20163,
            "year": 2016,
            "quarter": 3,
            "eps": 0.26,
            "eps_growth_year": 100,
            "eps_4q": 1.19,
            "eps_4q_growth_year": 70.89,
            "roe": 1.57,
            "roe_4q": 6.92,
            "gross_profit": 1483945,
            "gross_margin": 11.68,
            "gross_margin_4q_avg": 12.5,
            "net_income": 490726,
            "revenue": 12701687,
            "common_shares": 11426024,
            "book_valuer_per_share": 16.89,
            "book_valuer_per_share_4q_avg": 16.74,
            "equity": 31398311,
            "current_ratio": 206.08,
            "debt_ratio": 48.33,
            "inventory_turnover_ratio": 1.68,
            "account_receivable_turnover_ratio": 1.98,
            "reinvestment_rate": 217.19,
            "research_to_sale_ratio": 0.89,
            "price_fair": 29.5,
            "eps_avg_yearly": 0.84,
            "eps_latest_yearly": 1.04,
            "eps_growth_yearly": 63.87
        },
        "20164": {
            "year_quarter": 20164,
            "year": 2016,
            "quarter": 4,
            "eps": 0.2,
            "eps_growth_year": -14.58,
            "eps_4q": 1.15,
            "eps_4q_growth_year": 35.24,
            "roe": 1.91,
            "roe_4q": 7.57,
            "gross_profit": 1934945,
            "gross_margin": 13.46,
            "gross_margin_4q_avg": 12.93,
            "net_income": 606574,
            "revenue": 14370676,
            "common_shares": 11426024,
            "book_valuer_per_share": 17.2,
            "book_valuer_per_share_4q_avg": 16.91,
            "equity": 32019486,
            "current_ratio": 237.06,
            "debt_ratio": 48.35,
            "inventory_turnover_ratio": 1.86,
            "account_receivable_turnover_ratio": 2.21,
            "reinvestment_rate": 210.71,
            "research_to_sale_ratio": 0.9,
            "price_fair": 29.4,
            "eps_avg_yearly": 0.84,
            "eps_latest_yearly": 0.8,
            "eps_growth_yearly": 53.46
        },
        "20171": {
            "year_quarter": 20171,
            "year": 2017,
            "quarter": 1,
            "eps": 0.29,
            "eps_growth_year": 7.41,
            "eps_4q": 1.17,
            "eps_4q_growth_year": 24.26,
            "roe": 2.2,
            "roe_4q": 8.34,
            "gross_profit": 2000529,
            "gross_margin": 14.39,
            "gross_margin_4q_avg": 13.49,
            "net_income": 718756,
            "revenue": 13902569,
            "common_shares": 11426024,
            "book_valuer_per_share": 17.32,
            "book_valuer_per_share_4q_avg": 17.03,
            "equity": 33368929,
            "current_ratio": 235.83,
            "debt_ratio": 46.92,
            "inventory_turnover_ratio": 1.7,
            "account_receivable_turnover_ratio": 2,
            "reinvestment_rate": 162.01,
            "research_to_sale_ratio": 0.7,
            "price_fair": 30.1,
            "eps_avg_yearly": 0.86,
            "eps_latest_yearly": 1.16,
            "eps_growth_yearly": 61.37
        },
        "20172": {
            "year_quarter": 20172,
            "year": 2017,
            "quarter": 2,
            "eps": 0.21,
            "eps_growth_year": -51.16,
            "eps_4q": 0.94,
            "eps_4q_growth_year": -11.28,
            "roe": 1.52,
            "roe_4q": 7.2,
            "gross_profit": 1556745,
            "gross_margin": 11.15,
            "gross_margin_4q_avg": 12.67,
            "net_income": 503032,
            "revenue": 13962209,
            "common_shares": 11426024,
            "book_valuer_per_share": 17.07,
            "book_valuer_per_share_4q_avg": 17.12,
            "equity": 32697809,
            "current_ratio": 193.54,
            "debt_ratio": 48.61,
            "inventory_turnover_ratio": 1.72,
            "account_receivable_turnover_ratio": 2.03,
            "reinvestment_rate": 243.78,
            "research_to_sale_ratio": 0.66,
            "price_fair": 30.45,
            "eps_avg_yearly": 0.87,
            "eps_latest_yearly": 0.84,
            "eps_growth_yearly": 63.73
        },
        "20173": {
            "year_quarter": 20173,
            "year": 2017,
            "quarter": 3,
            "eps": 0.34,
            "eps_growth_year": 30.77,
            "eps_4q": 1.03,
            "eps_4q_growth_year": -13.23,
            "roe": 2.44,
            "roe_4q": 8.07,
            "gross_profit": 1750023,
            "gross_margin": 11.67,
            "gross_margin_4q_avg": 12.67,
            "net_income": 815186,
            "revenue": 15001698,
            "common_shares": 11654544,
            "book_valuer_per_share": 17.07,
            "book_valuer_per_share_4q_avg": 17.17,
            "equity": 34246197,
            "current_ratio": 207.04,
            "debt_ratio": 45.91,
            "inventory_turnover_ratio": 1.93,
            "account_receivable_turnover_ratio": 2.1,
            "reinvestment_rate": 318.26,
            "research_to_sale_ratio": 0.68,
            "price_fair": 31.76,
            "eps_avg_yearly": 0.91,
            "eps_latest_yearly": 1.36,
            "eps_growth_yearly": 76.27
        },
        "20174": {
            "year_quarter": 20174,
            "year": 2017,
            "quarter": 4,
            "eps": 0.22,
            "eps_growth_year": 11.38,
            "eps_4q": 1.06,
            "eps_4q_growth_year": -8.41,
            "roe": 1.95,
            "roe_4q": 8.11,
            "gross_profit": 1819635,
            "gross_margin": 11.92,
            "gross_margin_4q_avg": 12.28,
            "net_income": 672879,
            "revenue": 15267467,
            "common_shares": 11654544,
            "book_valuer_per_share": 17.24,
            "book_valuer_per_share_4q_avg": 17.18,
            "equity": 34808419,
            "current_ratio": 236.99,
            "debt_ratio": 45.94,
            "inventory_turnover_ratio": 1.99,
            "account_receivable_turnover_ratio": 1.99,
            "reinvestment_rate": 304.83,
            "research_to_sale_ratio": 0.64,
            "price_fair": 32.29,
            "eps_avg_yearly": 0.92,
            "eps_latest_yearly": 0.88,
            "eps_growth_yearly": 71.39
        },
        "20181": {
            "year_quarter": 20181,
            "year": 2018,
            "quarter": 1,
            "eps": 0.24,
            "eps_growth_year": -17.24,
            "eps_4q": 1.01,
            "eps_4q_growth_year": -13.62,
            "roe": 2.31,
            "roe_4q": 8.219999999999999,
            "gross_profit": 1845606,
            "gross_margin": 12.58,
            "gross_margin_4q_avg": 11.83,
            "net_income": 816271,
            "revenue": 14670146,
            "common_shares": 11654544,
            "book_valuer_per_share": 17.59,
            "book_valuer_per_share_4q_avg": 17.24,
            "equity": 35928860,
            "current_ratio": 244.37,
            "debt_ratio": 44.67,
            "inventory_turnover_ratio": 1.84,
            "account_receivable_turnover_ratio": 1.9,
            "reinvestment_rate": 212.5,
            "research_to_sale_ratio": 0.62,
            "price_fair": 33.16,
            "eps_avg_yearly": 0.95,
            "eps_latest_yearly": 0.96,
            "eps_growth_yearly": 76.79
        },
        "20182": {
            "year_quarter": 20182,
            "year": 2018,
            "quarter": 2,
            "eps": 0.26,
            "eps_growth_year": 23.81,
            "eps_4q": 1.04,
            "eps_4q_growth_year": 10.42,
            "roe": 2.37,
            "roe_4q": 9.07,
            "gross_profit": 1868441,
            "gross_margin": 11.93,
            "gross_margin_4q_avg": 12.03,
            "net_income": 851894,
            "revenue": 15662333,
            "common_shares": 11654544,
            "book_valuer_per_share": 17.63,
            "book_valuer_per_share_4q_avg": 17.38,
            "equity": 35976740,
            "current_ratio": 232.18,
            "debt_ratio": 45.58,
            "inventory_turnover_ratio": 1.92,
            "account_receivable_turnover_ratio": 2.02,
            "reinvestment_rate": 176.83,
            "research_to_sale_ratio": 0.69,
            "price_fair": 33.95,
            "eps_avg_yearly": 0.97,
            "eps_latest_yearly": 1.04,
            "eps_growth_yearly": 73.51
        },
        "20183": {
            "year_quarter": 20183,
            "year": 2018,
            "quarter": 3,
            "eps": 0.11,
            "eps_growth_year": -67.65,
            "eps_4q": 0.81,
            "eps_4q_growth_year": -21.07,
            "roe": 0.98,
            "roe_4q": 7.61,
            "gross_profit": 1214961,
            "gross_margin": 7.93,
            "gross_margin_4q_avg": 11.09,
            "net_income": 354836,
            "revenue": 15316003,
            "common_shares": 11887635,
            "book_valuer_per_share": 17.21,
            "book_valuer_per_share_4q_avg": 17.42,
            "equity": 36648814,
            "current_ratio": 238.34,
            "debt_ratio": 46.64,
            "inventory_turnover_ratio": 1.78,
            "account_receivable_turnover_ratio": 1.92,
            "reinvestment_rate": 164.95,
            "research_to_sale_ratio": 0.72,
            "price_fair": 32.81,
            "eps_avg_yearly": 0.94,
            "eps_latest_yearly": 0.44,
            "eps_growth_yearly": 48.8
        },
        "20184": {
            "year_quarter": 20184,
            "year": 2018,
            "quarter": 4,
            "eps": -0.09,
            "eps_growth_year": -142.94,
            "eps_4q": 0.5,
            "eps_4q_growth_year": -52.37,
            "roe": -0.4,
            "roe_4q": 5.26,
            "gross_profit": 865732,
            "gross_margin": 5.68,
            "gross_margin_4q_avg": 9.53,
            "net_income": -147185,
            "revenue": 15244031,
            "common_shares": 11887635,
            "book_valuer_per_share": 16.96,
            "book_valuer_per_share_4q_avg": 17.35,
            "equity": 36454709,
            "current_ratio": 205.43,
            "debt_ratio": 47.16,
            "inventory_turnover_ratio": 1.88,
            "account_receivable_turnover_ratio": 1.87,
            "reinvestment_rate": 281.6,
            "research_to_sale_ratio": 0.73,
            "price_fair": 34.35,
            "eps_avg_yearly": 0.98,
            "eps_latest_yearly": 0.44,
            "eps_growth_yearly": 70.94
        },
        "20191": {
            "year_quarter": 20191,
            "year": 2019,
            "quarter": 1,
            "eps": 0.24,
            "eps_growth_year": 0,
            "eps_4q": 0.51,
            "eps_4q_growth_year": -49.68,
            "roe": 1.58,
            "roe_4q": 4.53,
            "gross_profit": 1560360,
            "gross_margin": 11.56,
            "gross_margin_4q_avg": 9.28,
            "net_income": 582505,
            "revenue": 13493376,
            "common_shares": 11887635,
            "book_valuer_per_share": 17.46,
            "book_valuer_per_share_4q_avg": 17.32,
            "equity": 37507597,
            "current_ratio": 208.4,
            "debt_ratio": 47.41,
            "inventory_turnover_ratio": 1.72,
            "account_receivable_turnover_ratio": 1.65,
            "reinvestment_rate": 265.95,
            "research_to_sale_ratio": 0.82,
            "price_fair": 35,
            "eps_avg_yearly": 1,
            "eps_latest_yearly": 0.44,
            "eps_growth_yearly": 31.11
        },
        "20192": {
            "year_quarter": 20192,
            "year": 2019,
            "quarter": 2,
            "eps": 0.41,
            "eps_growth_year": 57.69,
            "eps_4q": 0.66,
            "eps_4q_growth_year": -36.47,
            "roe": 1.87,
            "roe_4q": 4.03,
            "gross_profit": 1579223,
            "gross_margin": 10.89,
            "gross_margin_4q_avg": 9.02,
            "net_income": 705081,
            "revenue": 14501230,
            "common_shares": 11887635,
            "book_valuer_per_share": 17.43,
            "book_valuer_per_share_4q_avg": 17.27,
            "equity": 38070382,
            "current_ratio": 216.93,
            "debt_ratio": 47.23,
            "inventory_turnover_ratio": 1.98,
            "account_receivable_turnover_ratio": 1.86,
            "reinvestment_rate": 295.63,
            "research_to_sale_ratio": 0.73,
            "price_fair": 36,
            "eps_avg_yearly": 1.03,
            "eps_latest_yearly": 1.64,
            "eps_growth_yearly": 30.71
        },
        "20193": {
            "year_quarter": 20193,
            "year": 2019,
            "quarter": 3,
            "eps": 0.28,
            "eps_growth_year": 154.55,
            "eps_4q": 0.84,
            "eps_4q_growth_year": 2.78,
            "roe": 1.48,
            "roe_4q": 4.529999999999999,
            "gross_profit": 1650093,
            "gross_margin": 11.79,
            "gross_margin_4q_avg": 9.98,
            "net_income": 570683,
            "revenue": 13990494,
            "common_shares": 11887635,
            "book_valuer_per_share": 17.38,
            "book_valuer_per_share_4q_avg": 17.31,
            "equity": 39024604,
            "current_ratio": 211.9,
            "debt_ratio": 46.09,
            "inventory_turnover_ratio": 2.22,
            "account_receivable_turnover_ratio": 1.83,
            "reinvestment_rate": 330.52,
            "research_to_sale_ratio": 0.78,
            "price_fair": 37.5,
            "eps_avg_yearly": 1.07,
            "eps_latest_yearly": 1.12,
            "eps_growth_yearly": 38.24
        },
        "20194": {
            "year_quarter": 20194,
            "year": 2019,
            "quarter": 4,
            "eps": 0.26,
            "eps_growth_year": null,
            "eps_4q": 1.19,
            "eps_4q_growth_year": 137.32,
            "roe": 1.76,
            "roe_4q": 6.69,
            "gross_profit": 1942693,
            "gross_margin": 14.21,
            "gross_margin_4q_avg": 12.11,
            "net_income": 687132,
            "revenue": 13671641,
            "common_shares": 11887635,
            "book_valuer_per_share": 17.4,
            "book_valuer_per_share_4q_avg": 17.42,
            "equity": 39176947,
            "current_ratio": 221.78,
            "debt_ratio": 45.15,
            "inventory_turnover_ratio": 2.31,
            "account_receivable_turnover_ratio": 1.87,
            "reinvestment_rate": 310.67,
            "research_to_sale_ratio": 0.66,
            "price_fair": 26.16,
            "eps_avg_yearly": 1.08,
            "eps_latest_yearly": 1.04,
            "eps_growth_yearly": 14.22
        },
        "20201": {
            "year_quarter": 20201,
            "year": 2020,
            "quarter": 1,
            "eps": 0.2,
            "eps_growth_year": -16.67,
            "eps_4q": 1.16,
            "eps_4q_growth_year": 128.17,
            "roe": 1.61,
            "roe_4q": 6.72,
            "gross_profit": 1839250,
            "gross_margin": 16.2,
            "gross_margin_4q_avg": 13.27,
            "net_income": 645671,
            "revenue": 11356408,
            "common_shares": 11887635,
            "book_valuer_per_share": 17.23,
            "book_valuer_per_share_4q_avg": 17.36,
            "equity": 41030912,
            "current_ratio": 266.86,
            "debt_ratio": 42.6,
            "inventory_turnover_ratio": 1.87,
            "account_receivable_turnover_ratio": 1.71,
            "reinvestment_rate": 298.33,
            "research_to_sale_ratio": 0.75,
            "price_fair": 13.42,
            "eps_avg_yearly": 1.06,
            "eps_latest_yearly": 0.8,
            "eps_growth_yearly": 2.66
        },
        "20202": {
            "year_quarter": 20202,
            "year": 2020,
            "quarter": 2,
            "eps": 0.27,
            "eps_growth_year": -34.15,
            "eps_4q": 1.02,
            "eps_4q_growth_year": 54.83,
            "roe": 1.6,
            "roe_4q": 6.449999999999999,
            "gross_profit": 1508434,
            "gross_margin": 13.89,
            "gross_margin_4q_avg": 14.02,
            "net_income": 666680,
            "revenue": 10856394,
            "common_shares": 11887635,
            "book_valuer_per_share": 17.22,
            "book_valuer_per_share_4q_avg": 17.31,
            "equity": 42183442,
            "current_ratio": 224.51,
            "debt_ratio": 41.29,
            "inventory_turnover_ratio": 2.01,
            "account_receivable_turnover_ratio": 1.84,
            "reinvestment_rate": 388.39,
            "research_to_sale_ratio": 0.77,
            "price_fair": 3.04,
            "eps_avg_yearly": 1.01,
            "eps_latest_yearly": 1.08,
            "eps_growth_yearly": -4.27
        },
        "20203": {
            "year_quarter": 20203,
            "year": 2020,
            "quarter": 3,
            "eps": 0.56,
            "eps_growth_year": 100,
            "eps_4q": 1.3,
            "eps_4q_growth_year": 55.71,
            "roe": 3.29,
            "roe_4q": 8.260000000000002,
            "gross_profit": 2546481,
            "gross_margin": 20.51,
            "gross_margin_4q_avg": 16.2,
            "net_income": 1421335,
            "revenue": 12414401,
            "common_shares": 11887635,
            "book_valuer_per_share": 18.08,
            "book_valuer_per_share_4q_avg": 17.48,
            "equity": 44196623,
            "current_ratio": 248.98,
            "debt_ratio": 39.33,
            "inventory_turnover_ratio": 2.41,
            "account_receivable_turnover_ratio": 2.22,
            "reinvestment_rate": 367.99,
            "research_to_sale_ratio": 0.74,
            "price_fair": 38.5,
            "eps_avg_yearly": 1.1,
            "eps_latest_yearly": 2.24,
            "eps_growth_yearly": 37.71
        },
        "20204": {
            "year_quarter": 20204,
            "year": 2020,
            "quarter": 4,
            "eps": 1.21,
            "eps_growth_year": 357.57,
            "eps_4q": 2.25,
            "eps_4q_growth_year": 88.06,
            "roe": 6.35,
            "roe_4q": 12.85,
            "gross_profit": 4585717,
            "gross_margin": 29.44,
            "gross_margin_4q_avg": 20.01,
            "net_income": 2948951,
            "revenue": 15574070,
            "common_shares": 11887635,
            "book_valuer_per_share": 19.58,
            "book_valuer_per_share_4q_avg": 18.03,
            "equity": 48723643,
            "current_ratio": 224.65,
            "debt_ratio": 36.99,
            "inventory_turnover_ratio": 2.61,
            "account_receivable_turnover_ratio": 2.38,
            "reinvestment_rate": 325.17,
            "research_to_sale_ratio": 0.66,
            "price_fair": 48.6,
            "eps_avg_yearly": 1.39,
            "eps_latest_yearly": 4.84,
            "eps_growth_yearly": 77.47
        },
        "20211": {
            "year_quarter": 20211,
            "year": 2021,
            "quarter": 1,
            "eps": 1.16,
            "eps_growth_year": 480,
            "eps_4q": 3.21,
            "eps_4q_growth_year": 176.43,
            "roe": 5.15,
            "roe_4q": 16.39,
            "gross_profit": 4456442,
            "gross_margin": 27.52,
            "gross_margin_4q_avg": 22.84,
            "net_income": 2574382,
            "revenue": 16194178,
            "common_shares": 11887635,
            "book_valuer_per_share": 20.96,
            "book_valuer_per_share_4q_avg": 18.96,
            "equity": 51303649,
            "current_ratio": 219,
            "debt_ratio": 35.73,
            "inventory_turnover_ratio": 2.52,
            "account_receivable_turnover_ratio": 2.05,
            "reinvestment_rate": 278.78,
            "research_to_sale_ratio": 0.65,
            "price_fair": 57.3,
            "eps_avg_yearly": 1.64,
            "eps_latest_yearly": 4.64,
            "eps_growth_yearly": 63.43
        },
        "20212": {
            "year_quarter": 20212,
            "year": 2021,
            "quarter": 2,
            "eps": 1.22,
            "eps_growth_year": 351.85,
            "eps_4q": 4.15,
            "eps_4q_growth_year": 305.84,
            "roe": 5.23,
            "roe_4q": 20.02,
            "gross_profit": 4290988,
            "gross_margin": 24.18,
            "gross_margin_4q_avg": 25.41,
            "net_income": 2700263,
            "revenue": 17746758,
            "common_shares": 11887635,
            "book_valuer_per_share": 21.29,
            "book_valuer_per_share_4q_avg": 19.98,
            "equity": 51867973,
            "current_ratio": 196.76,
            "debt_ratio": 36.93,
            "inventory_turnover_ratio": 2.43,
            "account_receivable_turnover_ratio": 2.08,
            "reinvestment_rate": 197.81,
            "research_to_sale_ratio": 0.63,
            "price_fair": 67.4,
            "eps_avg_yearly": 1.93,
            "eps_latest_yearly": 4.88,
            "eps_growth_yearly": 72.79
        },
        "20213": {
            "year_quarter": 20213,
            "year": 2021,
            "quarter": 3,
            "eps": 0.98,
            "eps_growth_year": 75,
            "eps_4q": 4.57,
            "eps_4q_growth_year": 250.81,
            "roe": 4.01,
            "roe_4q": 20.740000000000002,
            "gross_profit": 3774674,
            "gross_margin": 20.44,
            "gross_margin_4q_avg": 25.4,
            "net_income": 2095422,
            "revenue": 18463761,
            "common_shares": 11887635,
            "book_valuer_per_share": 22.37,
            "book_valuer_per_share_4q_avg": 21.05,
            "equity": 52612636,
            "current_ratio": 199.31,
            "debt_ratio": 36.63,
            "inventory_turnover_ratio": 2.41,
            "account_receivable_turnover_ratio": 2.04,
            "reinvestment_rate": 149.26,
            "research_to_sale_ratio": 0.55,
            "price_fair": 73.8,
            "eps_avg_yearly": 2.11,
            "eps_latest_yearly": 3.92,
            "eps_growth_yearly": 49.48
        },
        "20214": {
            "year_quarter": 20214,
            "year": 2021,
            "quarter": 4,
            "eps": 1.48,
            "eps_growth_year": 22.64,
            "eps_4q": 4.84,
            "eps_4q_growth_year": 115.43,
            "roe": 5.01,
            "roe_4q": 19.4,
            "gross_profit": 5231597,
            "gross_margin": 27.04,
            "gross_margin_4q_avg": 24.8,
            "net_income": 2709384,
            "revenue": 19350845,
            "common_shares": 11887635,
            "book_valuer_per_share": 23.75,
            "book_valuer_per_share_4q_avg": 22.09,
            "equity": 55644961,
            "current_ratio": 227.45,
            "debt_ratio": 34.4,
            "inventory_turnover_ratio": 2.05,
            "account_receivable_turnover_ratio": 2.06,
            "reinvestment_rate": 126.88,
            "research_to_sale_ratio": 0.57,
            "price_fair": 86.4,
            "eps_avg_yearly": 2.47,
            "eps_latest_yearly": 5.92,
            "eps_growth_yearly": 74.14
        },
        "20221": {
            "year_quarter": 20221,
            "year": 2022,
            "quarter": 1,
            "eps": 0.5,
            "eps_growth_year": -56.9,
            "eps_4q": 4.18,
            "eps_4q_growth_year": 30.1,
            "roe": 1.29,
            "roe_4q": 15.54,
            "gross_profit": 3129324,
            "gross_margin": 18.3,
            "gross_margin_4q_avg": 22.49,
            "net_income": 730376,
            "revenue": 17097921,
            "common_shares": 11887635,
            "book_valuer_per_share": 24.73,
            "book_valuer_per_share_4q_avg": 23.04,
            "equity": 57510148,
            "current_ratio": 264.05,
            "debt_ratio": 31.51,
            "inventory_turnover_ratio": 1.78,
            "account_receivable_turnover_ratio": 2,
            "reinvestment_rate": 150.81,
            "research_to_sale_ratio": 0.58,
            "price_fair": 89,
            "eps_avg_yearly": 2.54,
            "eps_latest_yearly": 2,
            "eps_growth_yearly": 52.63
        },
        "20222": {
            "year_quarter": 20222,
            "year": 2022,
            "quarter": 2,
            "eps": 0.33,
            "eps_growth_year": -72.95,
            "eps_4q": 3.29,
            "eps_4q_growth_year": -20.81,
            "roe": 0.03,
            "roe_4q": 10.34,
            "gross_profit": 3029906,
            "gross_margin": 16.97,
            "gross_margin_4q_avg": 20.69,
            "net_income": 16721,
            "revenue": 17851602,
            "common_shares": 11887635,
            "book_valuer_per_share": 22.2,
            "book_valuer_per_share_4q_avg": 23.26,
            "equity": 51776805,
            "current_ratio": 203.28,
            "debt_ratio": 37.59,
            "inventory_turnover_ratio": 1.7,
            "account_receivable_turnover_ratio": 2.32,
            "reinvestment_rate": 137.1,
            "research_to_sale_ratio": 0.58,
            "price_fair": 89.7,
            "eps_avg_yearly": 2.56,
            "eps_latest_yearly": 1.32,
            "eps_growth_yearly": 40.53
        },
        "20223": {
            "year_quarter": 20223,
            "year": 2022,
            "quarter": 3,
            "eps": 0.16,
            "eps_growth_year": -83.67,
            "eps_4q": 2.47,
            "eps_4q_growth_year": -45.81,
            "roe": -1.44,
            "roe_4q": 4.89,
            "gross_profit": 1962497,
            "gross_margin": 12.01,
            "gross_margin_4q_avg": 18.58,
            "net_income": -744817,
            "revenue": 16338525,
            "common_shares": 11887635,
            "book_valuer_per_share": 22.56,
            "book_valuer_per_share_4q_avg": 23.31,
            "equity": 51384212,
            "current_ratio": 257.85,
            "debt_ratio": 35.96,
            "inventory_turnover_ratio": 1.66,
            "account_receivable_turnover_ratio": 2.17,
            "reinvestment_rate": 124.15,
            "research_to_sale_ratio": 0.69,
            "price_fair": 90.2,
            "eps_avg_yearly": 2.58,
            "eps_latest_yearly": 0.64,
            "eps_growth_yearly": 42.3
        },
        "20224": {
            "year_quarter": 20224,
            "year": 2022,
            "quarter": 4,
            "eps": 0.46,
            "eps_growth_year": -69.07,
            "eps_4q": 1.45,
            "eps_4q_growth_year": -70.04,
            "roe": -0.12,
            "roe_4q": -0.24,
            "gross_profit": 2818419,
            "gross_margin": 18.6,
            "gross_margin_4q_avg": 16.47,
            "net_income": -63469,
            "revenue": 15149074,
            "common_shares": 11887635,
            "book_valuer_per_share": 22.84,
            "book_valuer_per_share_4q_avg": 23.08,
            "equity": 50924885,
            "current_ratio": 293.39,
            "debt_ratio": 34.49,
            "inventory_turnover_ratio": 1.62,
            "account_receivable_turnover_ratio": 1.98,
            "reinvestment_rate": 47.59,
            "research_to_sale_ratio": 0.81,
            "price_fair": 88.48,
            "eps_avg_yearly": 2.53,
            "eps_latest_yearly": 1.84,
            "eps_growth_yearly": 89.48
        },
        "20231": {
            "year_quarter": 20231,
            "year": 2023,
            "quarter": 1,
            "eps": -0.09,
            "eps_growth_year": -118,
            "eps_4q": 0.86,
            "eps_4q_growth_year": -79.37,
            "roe": -1.16,
            "roe_4q": -2.69,
            "gross_profit": 1748750,
            "gross_margin": 13.27,
            "gross_margin_4q_avg": 15.21,
            "net_income": -588023,
            "revenue": 13175556,
            "common_shares": 11887635,
            "book_valuer_per_share": 22.78,
            "book_valuer_per_share_4q_avg": 22.6,
            "equity": 50699557,
            "current_ratio": 314.4,
            "debt_ratio": 34.65,
            "inventory_turnover_ratio": 1.56,
            "account_receivable_turnover_ratio": 1.86,
            "reinvestment_rate": 36.7,
            "research_to_sale_ratio": 0.9,
            "price_fair": 88.48,
            "eps_avg_yearly": 2.53,
            "eps_latest_yearly": 1.84,
            "eps_growth_yearly": 89.48
        }
    },
    "months": {
        "2001-06": {
            "month": "2001-06",
            "price": "6.02",
            "revenue": 409186
        },
        "2001-07": {
            "month": "2001-07",
            "price": "4.84",
            "revenue": 442078
        },
        "2001-08": {
            "month": "2001-08",
            "price": "5.03",
            "revenue": 484509
        },
        "2001-09": {
            "month": "2001-09",
            "price": "5.23",
            "revenue": 440980
        },
        "2001-10": {
            "month": "2001-10",
            "price": "4.61",
            "revenue": 467066
        },
        "2001-11": {
            "month": "2001-11",
            "price": "4.55",
            "revenue": 402159
        },
        "2001-12": {
            "month": "2001-12",
            "price": "5.69",
            "revenue": 414031
        },
        "2002-01": {
            "month": "2002-01",
            "price": "8.10",
            "revenue": 464042
        },
        "2002-02": {
            "month": "2002-02",
            "price": "9.10",
            "revenue": 260243
        },
        "2002-03": {
            "month": "2002-03",
            "price": "10.94",
            "revenue": 471681
        },
        "2002-04": {
            "month": "2002-04",
            "price": "12.87",
            "revenue": 474962
        },
        "2002-05": {
            "month": "2002-05",
            "price": "9.50",
            "revenue": 388018
        },
        "2002-06": {
            "month": "2002-06",
            "price": "9.98",
            "revenue": 358721
        },
        "2002-07": {
            "month": "2002-07",
            "price": "12.49",
            "revenue": 466963
        },
        "2002-08": {
            "month": "2002-08",
            "price": "11.90",
            "revenue": 492508
        },
        "2002-09": {
            "month": "2002-09",
            "price": "9.30",
            "revenue": 370951
        },
        "2002-10": {
            "month": "2002-10",
            "price": "7.70",
            "revenue": 453221
        },
        "2002-11": {
            "month": "2002-11",
            "price": "10.70",
            "revenue": 501552
        },
        "2002-12": {
            "month": "2002-12",
            "price": "11.30",
            "revenue": 481431
        },
        "2003-01": {
            "month": "2003-01",
            "price": "12.42",
            "revenue": 404799
        },
        "2003-02": {
            "month": "2003-02",
            "price": "10.59",
            "revenue": 414185
        },
        "2003-03": {
            "month": "2003-03",
            "price": "9.12",
            "revenue": 419045
        },
        "2003-04": {
            "month": "2003-04",
            "price": "9.01",
            "revenue": 368883
        },
        "2003-05": {
            "month": "2003-05",
            "price": "8.50",
            "revenue": 487005
        },
        "2003-06": {
            "month": "2003-06",
            "price": "10.16",
            "revenue": 467796
        },
        "2003-07": {
            "month": "2003-07",
            "price": "11.05",
            "revenue": 440410
        },
        "2003-08": {
            "month": "2003-08",
            "price": "12.63",
            "revenue": 526997
        },
        "2003-09": {
            "month": "2003-09",
            "price": "11.13",
            "revenue": 409825
        },
        "2003-10": {
            "month": "2003-10",
            "price": "13.25",
            "revenue": 593921
        },
        "2003-11": {
            "month": "2003-11",
            "price": "13.47",
            "revenue": 629417
        },
        "2003-12": {
            "month": "2003-12",
            "price": "13.73",
            "revenue": 572989
        },
        "2004-01": {
            "month": "2004-01",
            "price": "13.98",
            "revenue": 431997
        },
        "2004-02": {
            "month": "2004-02",
            "price": "14.00",
            "revenue": 583580
        },
        "2004-03": {
            "month": "2004-03",
            "price": "13.71",
            "revenue": 509111
        },
        "2004-04": {
            "month": "2004-04",
            "price": "12.75",
            "revenue": 680289
        },
        "2004-05": {
            "month": "2004-05",
            "price": "11.44",
            "revenue": 713447
        },
        "2004-06": {
            "month": "2004-06",
            "price": "11.65",
            "revenue": 587557
        },
        "2004-07": {
            "month": "2004-07",
            "price": "12.13",
            "revenue": 662441
        },
        "2004-08": {
            "month": "2004-08",
            "price": "11.29",
            "revenue": 666893
        },
        "2004-09": {
            "month": "2004-09",
            "price": "12.96",
            "revenue": 579218
        },
        "2004-10": {
            "month": "2004-10",
            "price": "13.28",
            "revenue": 733910
        },
        "2004-11": {
            "month": "2004-11",
            "price": "11.98",
            "revenue": 612153
        },
        "2004-12": {
            "month": "2004-12",
            "price": "12.09",
            "revenue": 547275
        },
        "2005-01": {
            "month": "2005-01",
            "price": "12.84",
            "revenue": 767236
        },
        "2005-02": {
            "month": "2005-02",
            "price": "12.69",
            "revenue": 690983
        },
        "2005-03": {
            "month": "2005-03",
            "price": "12.38",
            "revenue": 956883
        },
        "2005-04": {
            "month": "2005-04",
            "price": "10.87",
            "revenue": 758571
        },
        "2005-05": {
            "month": "2005-05",
            "price": "10.25",
            "revenue": 651326
        },
        "2005-06": {
            "month": "2005-06",
            "price": "11.53",
            "revenue": 933014
        },
        "2005-07": {
            "month": "2005-07",
            "price": "10.95",
            "revenue": 739100
        },
        "2005-08": {
            "month": "2005-08",
            "price": "10.14",
            "revenue": 745258
        },
        "2005-09": {
            "month": "2005-09",
            "price": "9.28",
            "revenue": 738277
        },
        "2005-10": {
            "month": "2005-10",
            "price": "9.28",
            "revenue": 725327
        },
        "2005-11": {
            "month": "2005-11",
            "price": "9.18",
            "revenue": 578213
        },
        "2005-12": {
            "month": "2005-12",
            "price": "9.17",
            "revenue": 956570
        },
        "2006-01": {
            "month": "2006-01",
            "price": "9.57",
            "revenue": 615633
        },
        "2006-02": {
            "month": "2006-02",
            "price": "9.30",
            "revenue": 528917
        },
        "2006-03": {
            "month": "2006-03",
            "price": "8.60",
            "revenue": 720790
        },
        "2006-04": {
            "month": "2006-04",
            "price": "9.24",
            "revenue": 881900
        },
        "2006-05": {
            "month": "2006-05",
            "price": "9.75",
            "revenue": 791450
        },
        "2006-06": {
            "month": "2006-06",
            "price": "8.93",
            "revenue": 725128
        },
        "2006-07": {
            "month": "2006-07",
            "price": "8.65",
            "revenue": 720834
        },
        "2006-08": {
            "month": "2006-08",
            "price": "8.12",
            "revenue": 830113
        },
        "2006-09": {
            "month": "2006-09",
            "price": "7.96",
            "revenue": 537409
        },
        "2006-10": {
            "month": "2006-10",
            "price": "8.71",
            "revenue": 678420
        },
        "2006-11": {
            "month": "2006-11",
            "price": "9.14",
            "revenue": 881481
        },
        "2006-12": {
            "month": "2006-12",
            "price": "9.59",
            "revenue": 887841
        },
        "2007-01": {
            "month": "2007-01",
            "price": "9.90",
            "revenue": 785630
        },
        "2007-02": {
            "month": "2007-02",
            "price": "9.87",
            "revenue": 627942
        },
        "2007-03": {
            "month": "2007-03",
            "price": "9.94",
            "revenue": 1000816
        },
        "2007-04": {
            "month": "2007-04",
            "price": "11.42",
            "revenue": 1013206
        },
        "2007-05": {
            "month": "2007-05",
            "price": "10.98",
            "revenue": 991566
        },
        "2007-06": {
            "month": "2007-06",
            "price": "11.29",
            "revenue": 999946
        },
        "2007-07": {
            "month": "2007-07",
            "price": "13.52",
            "revenue": 1065117
        },
        "2007-08": {
            "month": "2007-08",
            "price": "13.10",
            "revenue": 1019648
        },
        "2007-09": {
            "month": "2007-09",
            "price": "17.10",
            "revenue": 983860
        },
        "2007-10": {
            "month": "2007-10",
            "price": "22.23",
            "revenue": 1113183
        },
        "2007-11": {
            "month": "2007-11",
            "price": "18.51",
            "revenue": 1170484
        },
        "2007-12": {
            "month": "2007-12",
            "price": "19.58",
            "revenue": 1142647
        },
        "2008-01": {
            "month": "2008-01",
            "price": "18.94",
            "revenue": 1331456
        },
        "2008-02": {
            "month": "2008-02",
            "price": "18.62",
            "revenue": 1098556
        },
        "2008-03": {
            "month": "2008-03",
            "price": "19.85",
            "revenue": 1163577
        },
        "2008-04": {
            "month": "2008-04",
            "price": "20.00",
            "revenue": 1244507
        },
        "2008-05": {
            "month": "2008-05",
            "price": "22.63",
            "revenue": 1377404
        },
        "2008-06": {
            "month": "2008-06",
            "price": "19.72",
            "revenue": 1141575
        },
        "2008-07": {
            "month": "2008-07",
            "price": "15.37",
            "revenue": 1134455
        },
        "2008-08": {
            "month": "2008-08",
            "price": "13.53",
            "revenue": 858878
        },
        "2008-09": {
            "month": "2008-09",
            "price": "12.63",
            "revenue": 723450
        },
        "2008-10": {
            "month": "2008-10",
            "price": "10.14",
            "revenue": 651186
        },
        "2008-11": {
            "month": "2008-11",
            "price": "9.76",
            "revenue": 581050
        },
        "2008-12": {
            "month": "2008-12",
            "price": "10.00",
            "revenue": 696059
        },
        "2009-01": {
            "month": "2009-01",
            "price": "10.97",
            "revenue": 571475
        },
        "2009-02": {
            "month": "2009-02",
            "price": "10.95",
            "revenue": 770161
        },
        "2009-03": {
            "month": "2009-03",
            "price": "11.05",
            "revenue": 854683
        },
        "2009-04": {
            "month": "2009-04",
            "price": "12.43",
            "revenue": 906676
        },
        "2009-05": {
            "month": "2009-05",
            "price": "14.08",
            "revenue": 893649
        },
        "2009-06": {
            "month": "2009-06",
            "price": "14.75",
            "revenue": 947234
        },
        "2009-07": {
            "month": "2009-07",
            "price": "14.70",
            "revenue": 889232
        },
        "2009-08": {
            "month": "2009-08",
            "price": "14.50",
            "revenue": 963323
        },
        "2009-09": {
            "month": "2009-09",
            "price": "15.40",
            "revenue": 884050
        },
        "2009-10": {
            "month": "2009-10",
            "price": "16.14",
            "revenue": 937094
        },
        "2009-11": {
            "month": "2009-11",
            "price": "18.25",
            "revenue": 903994
        },
        "2009-12": {
            "month": "2009-12",
            "price": "19.28",
            "revenue": 952223
        },
        "2010-01": {
            "month": "2010-01",
            "price": "21.06",
            "revenue": 1024309
        },
        "2010-02": {
            "month": "2010-02",
            "price": "18.88",
            "revenue": 822145
        },
        "2010-03": {
            "month": "2010-03",
            "price": "21.01",
            "revenue": 1053255
        },
        "2010-04": {
            "month": "2010-04",
            "price": "22.77",
            "revenue": 1116262
        },
        "2010-05": {
            "month": "2010-05",
            "price": "21.47",
            "revenue": 1054715
        },
        "2010-06": {
            "month": "2010-06",
            "price": "19.81",
            "revenue": 985013
        },
        "2010-07": {
            "month": "2010-07",
            "price": "20.68",
            "revenue": 1036904
        },
        "2010-08": {
            "month": "2010-08",
            "price": "21.11",
            "revenue": 1024649
        },
        "2010-09": {
            "month": "2010-09",
            "price": "24.99",
            "revenue": 1004232
        },
        "2010-10": {
            "month": "2010-10",
            "price": "26.95",
            "revenue": 989978
        },
        "2010-11": {
            "month": "2010-11",
            "price": "27.40",
            "revenue": 1195914
        },
        "2010-12": {
            "month": "2010-12",
            "price": "28.65",
            "revenue": 1283688
        },
        "2011-01": {
            "month": "2011-01",
            "price": "35.75",
            "revenue": 1169433
        },
        "2011-02": {
            "month": "2011-02",
            "price": "40.80",
            "revenue": 926744
        },
        "2011-03": {
            "month": "2011-03",
            "price": "38.60",
            "revenue": 1396788
        },
        "2011-04": {
            "month": "2011-04",
            "price": "39.09",
            "revenue": 1289775
        },
        "2011-05": {
            "month": "2011-05",
            "price": "36.08",
            "revenue": 1080629
        },
        "2011-06": {
            "month": "2011-06",
            "price": "33.69",
            "revenue": 980455
        },
        "2011-07": {
            "month": "2011-07",
            "price": "38.14",
            "revenue": 1068323
        },
        "2011-08": {
            "month": "2011-08",
            "price": "34.67",
            "revenue": 1318462
        },
        "2011-09": {
            "month": "2011-09",
            "price": "32.49",
            "revenue": 1086800
        },
        "2011-10": {
            "month": "2011-10",
            "price": "29.80",
            "revenue": 971149
        },
        "2011-11": {
            "month": "2011-11",
            "price": "29.56",
            "revenue": 927823
        },
        "2011-12": {
            "month": "2011-12",
            "price": "24.70",
            "revenue": 1012266
        },
        "2012-01": {
            "month": "2012-01",
            "price": "25.28",
            "revenue": 856707
        },
        "2012-02": {
            "month": "2012-02",
            "price": "29.28",
            "revenue": 1047001
        },
        "2012-03": {
            "month": "2012-03",
            "price": "29.43",
            "revenue": 1164931
        },
        "2012-04": {
            "month": "2012-04",
            "price": "28.14",
            "revenue": 1100244
        },
        "2012-05": {
            "month": "2012-05",
            "price": "27.00",
            "revenue": 940832
        },
        "2012-06": {
            "month": "2012-06",
            "price": "26.03",
            "revenue": 762508
        },
        "2012-07": {
            "month": "2012-07",
            "price": "28.09",
            "revenue": 917800
        },
        "2012-08": {
            "month": "2012-08",
            "price": "26.03",
            "revenue": 922502
        },
        "2012-09": {
            "month": "2012-09",
            "price": "25.64",
            "revenue": 737549
        },
        "2012-10": {
            "month": "2012-10",
            "price": "24.02",
            "revenue": 764890
        },
        "2012-11": {
            "month": "2012-11",
            "price": "22.22",
            "revenue": 769322
        },
        "2012-12": {
            "month": "2012-12",
            "price": "22.64",
            "revenue": 799540
        },
        "2013-01": {
            "month": "2013-01",
            "price": "23.85",
            "revenue": 4651654
        },
        "2013-02": {
            "month": "2013-02",
            "price": "23.60",
            "revenue": 3627236
        },
        "2013-03": {
            "month": "2013-03",
            "price": "22.51",
            "revenue": 4414638
        },
        "2013-04": {
            "month": "2013-04",
            "price": "20.88",
            "revenue": 5083924
        },
        "2013-05": {
            "month": "2013-05",
            "price": "21.60",
            "revenue": 5334684
        },
        "2013-06": {
            "month": "2013-06",
            "price": "21.15",
            "revenue": 4999538
        },
        "2013-07": {
            "month": "2013-07",
            "price": "22.27",
            "revenue": 5117998
        },
        "2013-08": {
            "month": "2013-08",
            "price": "20.82",
            "revenue": 5173131
        },
        "2013-09": {
            "month": "2013-09",
            "price": "20.55",
            "revenue": 5196426
        },
        "2013-10": {
            "month": "2013-10",
            "price": "21.76",
            "revenue": 5102128
        },
        "2013-11": {
            "month": "2013-11",
            "price": "20.37",
            "revenue": 5016844
        },
        "2013-12": {
            "month": "2013-12",
            "price": "20.42",
            "revenue": 4943282
        },
        "2014-01": {
            "month": "2014-01",
            "price": "21.70",
            "revenue": 4693621
        },
        "2014-02": {
            "month": "2014-02",
            "price": "20.66",
            "revenue": 4017673
        },
        "2014-03": {
            "month": "2014-03",
            "price": "19.97",
            "revenue": 5002313
        },
        "2014-04": {
            "month": "2014-04",
            "price": "19.97",
            "revenue": 5535730
        },
        "2014-05": {
            "month": "2014-05",
            "price": "19.39",
            "revenue": 5490629
        },
        "2014-06": {
            "month": "2014-06",
            "price": "19.43",
            "revenue": 5327745
        },
        "2014-07": {
            "month": "2014-07",
            "price": "19.32",
            "revenue": 5489302
        },
        "2014-08": {
            "month": "2014-08",
            "price": "16.03",
            "revenue": 5275015
        },
        "2014-09": {
            "month": "2014-09",
            "price": "15.57",
            "revenue": 5630348
        },
        "2014-10": {
            "month": "2014-10",
            "price": "14.48",
            "revenue": 4661686
        },
        "2014-11": {
            "month": "2014-11",
            "price": "13.98",
            "revenue": 4399069
        },
        "2014-12": {
            "month": "2014-12",
            "price": "15.19",
            "revenue": 4266054
        },
        "2015-01": {
            "month": "2015-01",
            "price": "18.44",
            "revenue": 4359804
        },
        "2015-02": {
            "month": "2015-02",
            "price": "17.76",
            "revenue": 3832160
        },
        "2015-03": {
            "month": "2015-03",
            "price": "16.63",
            "revenue": 4883794
        },
        "2015-04": {
            "month": "2015-04",
            "price": "16.22",
            "revenue": 4790062
        },
        "2015-05": {
            "month": "2015-05",
            "price": "15.26",
            "revenue": 4824576
        },
        "2015-06": {
            "month": "2015-06",
            "price": "13.23",
            "revenue": 4463759
        },
        "2015-07": {
            "month": "2015-07",
            "price": "12.39",
            "revenue": 4233207
        },
        "2015-08": {
            "month": "2015-08",
            "price": "11.37",
            "revenue": 3857759
        },
        "2015-09": {
            "month": "2015-09",
            "price": "13.20",
            "revenue": 4338635
        },
        "2015-10": {
            "month": "2015-10",
            "price": "13.85",
            "revenue": 4482674
        },
        "2015-11": {
            "month": "2015-11",
            "price": "13.23",
            "revenue": 4191198
        },
        "2015-12": {
            "month": "2015-12",
            "price": "13.05",
            "revenue": 4133338
        },
        "2016-01": {
            "month": "2016-01",
            "price": "12.51",
            "revenue": 4232007
        },
        "2016-02": {
            "month": "2016-02",
            "price": "13.22",
            "revenue": 3514039
        },
        "2016-03": {
            "month": "2016-03",
            "price": "13.41",
            "revenue": 4954019
        },
        "2016-04": {
            "month": "2016-04",
            "price": "12.85",
            "revenue": 4515410
        },
        "2016-05": {
            "month": "2016-05",
            "price": "12.35",
            "revenue": 4302748
        },
        "2016-06": {
            "month": "2016-06",
            "price": "12.44",
            "revenue": 4524691
        },
        "2016-07": {
            "month": "2016-07",
            "price": "13.02",
            "revenue": 4292289
        },
        "2016-08": {
            "month": "2016-08",
            "price": "13.32",
            "revenue": 4336897
        },
        "2016-09": {
            "month": "2016-09",
            "price": "14.16",
            "revenue": 4093903
        },
        "2016-10": {
            "month": "2016-10",
            "price": "15.26",
            "revenue": 4386303
        },
        "2016-11": {
            "month": "2016-11",
            "price": "15.56",
            "revenue": 4990324
        },
        "2016-12": {
            "month": "2016-12",
            "price": "16.18",
            "revenue": 4966681
        },
        "2017-01": {
            "month": "2017-01",
            "price": "15.81",
            "revenue": 4301214
        },
        "2017-02": {
            "month": "2017-02",
            "price": "16.81",
            "revenue": 4465094
        },
        "2017-03": {
            "month": "2017-03",
            "price": "16.15",
            "revenue": 5134632
        },
        "2017-04": {
            "month": "2017-04",
            "price": "15.44",
            "revenue": 4640413
        },
        "2017-05": {
            "month": "2017-05",
            "price": "15.04",
            "revenue": 4476009
        },
        "2017-06": {
            "month": "2017-06",
            "price": "15.23",
            "revenue": 4842862
        },
        "2017-07": {
            "month": "2017-07",
            "price": "15.44",
            "revenue": 4711283
        },
        "2017-08": {
            "month": "2017-08",
            "price": "14.90",
            "revenue": 5002910
        },
        "2017-09": {
            "month": "2017-09",
            "price": "15.11",
            "revenue": 5279293
        },
        "2017-10": {
            "month": "2017-10",
            "price": "14.92",
            "revenue": 4754780
        },
        "2017-11": {
            "month": "2017-11",
            "price": "15.29",
            "revenue": 5204398
        },
        "2017-12": {
            "month": "2017-12",
            "price": "16.04",
            "revenue": 5325861
        },
        "2018-01": {
            "month": "2018-01",
            "price": "16.15",
            "revenue": 5546802
        },
        "2018-02": {
            "month": "2018-02",
            "price": "14.95",
            "revenue": 3891148
        },
        "2018-03": {
            "month": "2018-03",
            "price": "14.85",
            "revenue": 5226687
        },
        "2018-04": {
            "month": "2018-04",
            "price": "14.57",
            "revenue": 5025991
        },
        "2018-05": {
            "month": "2018-05",
            "price": "14.74",
            "revenue": 5599285
        },
        "2018-06": {
            "month": "2018-06",
            "price": "14.54",
            "revenue": 5048260
        },
        "2018-07": {
            "month": "2018-07",
            "price": "13.90",
            "revenue": 5326175
        },
        "2018-08": {
            "month": "2018-08",
            "price": "13.77",
            "revenue": 5093455
        },
        "2018-09": {
            "month": "2018-09",
            "price": "13.81",
            "revenue": 4880457
        },
        "2018-10": {
            "month": "2018-10",
            "price": "12.61",
            "revenue": 5189645
        },
        "2018-11": {
            "month": "2018-11",
            "price": "12.47",
            "revenue": 5089877
        },
        "2018-12": {
            "month": "2018-12",
            "price": "12.06",
            "revenue": 4968846
        },
        "2019-01": {
            "month": "2019-01",
            "price": "11.82",
            "revenue": 5004581
        },
        "2019-02": {
            "month": "2019-02",
            "price": "12.25",
            "revenue": 3725362
        },
        "2019-03": {
            "month": "2019-03",
            "price": "12.10",
            "revenue": 4757905
        },
        "2019-04": {
            "month": "2019-04",
            "price": "11.96",
            "revenue": 4838177
        },
        "2019-05": {
            "month": "2019-05",
            "price": "11.84",
            "revenue": 5127061
        },
        "2019-06": {
            "month": "2019-06",
            "price": "11.78",
            "revenue": 4541760
        },
        "2019-07": {
            "month": "2019-07",
            "price": "12.05",
            "revenue": 4769245
        },
        "2019-08": {
            "month": "2019-08",
            "price": "12.07",
            "revenue": 4735910
        },
        "2019-09": {
            "month": "2019-09",
            "price": "13.06",
            "revenue": 4484846
        },
        "2019-10": {
            "month": "2019-10",
            "price": "12.88",
            "revenue": 4560162
        },
        "2019-11": {
            "month": "2019-11",
            "price": "13.66",
            "revenue": 4549681
        },
        "2019-12": {
            "month": "2019-12",
            "price": "13.95",
            "revenue": 4568559
        },
        "2020-01": {
            "month": "2020-01",
            "price": "13.67",
            "revenue": 3557870
        },
        "2020-02": {
            "month": "2020-02",
            "price": "12.31",
            "revenue": 3643881
        },
        "2020-03": {
            "month": "2020-03",
            "price": "10.40",
            "revenue": 4154619
        },
        "2020-04": {
            "month": "2020-04",
            "price": "11.24",
            "revenue": 3505359
        },
        "2020-05": {
            "month": "2020-05",
            "price": "12.06",
            "revenue": 3401050
        },
        "2020-06": {
            "month": "2020-06",
            "price": "12.22",
            "revenue": 3952131
        },
        "2020-07": {
            "month": "2020-07",
            "price": "12.19",
            "revenue": 4099746
        },
        "2020-08": {
            "month": "2020-08",
            "price": "12.44",
            "revenue": 4006402
        },
        "2020-09": {
            "month": "2020-09",
            "price": "15.78",
            "revenue": 4307703
        },
        "2020-10": {
            "month": "2020-10",
            "price": "16.95",
            "revenue": 4622066
        },
        "2020-11": {
            "month": "2020-11",
            "price": "19.32",
            "revenue": 5133507
        },
        "2020-12": {
            "month": "2020-12",
            "price": "20.91",
            "revenue": 5820253
        },
        "2021-01": {
            "month": "2021-01",
            "price": "20.88",
            "revenue": 5316928
        },
        "2021-02": {
            "month": "2021-02",
            "price": "21.48",
            "revenue": 4669544
        },
        "2021-03": {
            "month": "2021-03",
            "price": "23.90",
            "revenue": 6209704
        },
        "2021-04": {
            "month": "2021-04",
            "price": "32.77",
            "revenue": 6028023
        },
        "2021-05": {
            "month": "2021-05",
            "price": "33.35",
            "revenue": 5665595
        },
        "2021-06": {
            "month": "2021-06",
            "price": "36.49",
            "revenue": 6053540
        },
        "2021-07": {
            "month": "2021-07",
            "price": "35.76",
            "revenue": 5995006
        },
        "2021-08": {
            "month": "2021-08",
            "price": "32.25",
            "revenue": 6074485
        },
        "2021-09": {
            "month": "2021-09",
            "price": "35.25",
            "revenue": 6396966
        },
        "2021-10": {
            "month": "2021-10",
            "price": "36.74",
            "revenue": 6733585
        },
        "2021-11": {
            "month": "2021-11",
            "price": "33.60",
            "revenue": 6835786
        },
        "2021-12": {
            "month": "2021-12",
            "price": "31.43",
            "revenue": 5787813
        },
        "2022-01": {
            "month": "2022-01",
            "price": "29.22",
            "revenue": 6100816
        },
        "2022-02": {
            "month": "2022-02",
            "price": "29.11",
            "revenue": 5270388
        },
        "2022-03": {
            "month": "2022-03",
            "price": "29.56",
            "revenue": 5732214
        },
        "2022-04": {
            "month": "2022-04",
            "price": "28.87",
            "revenue": 5718382
        },
        "2022-05": {
            "month": "2022-05",
            "price": "25.72",
            "revenue": 6065369
        },
        "2022-06": {
            "month": "2022-06",
            "price": "25.61",
            "revenue": 6140523
        },
        "2022-07": {
            "month": "2022-07",
            "price": "24.37",
            "revenue": 5657528
        },
        "2022-08": {
            "month": "2022-08",
            "price": "23.23",
            "revenue": 5215901
        },
        "2022-09": {
            "month": "2022-09",
            "price": "22.15",
            "revenue": 5389936
        },
        "2022-10": {
            "month": "2022-10",
            "price": "20.49",
            "revenue": 5068232
        },
        "2022-11": {
            "month": "2022-11",
            "price": "20.65",
            "revenue": 4697381
        },
        "2022-12": {
            "month": "2022-12",
            "price": "21.55",
            "revenue": 5385876
        },
        "2023-01": {
            "month": "2023-01",
            "price": "22.88",
            "revenue": 3931572
        },
        "2023-02": {
            "month": "2023-02",
            "price": "24.42",
            "revenue": 4507156
        },
        "2023-03": {
            "month": "2023-03",
            "price": "25.52",
            "revenue": 4735505
        },
        "2023-04": {
            "month": "2023-04",
            "price": "26.08",
            "revenue": 4274766
        }
    }
}
