{
    "summary": {
        "stock_name": "華夏",
        "stock_id": "1305",
        "category": "塑膠",
        "main_business": "從事生產與銷售塑膠布，塑膠皮，塑膠管，塑膠粒<br>塑膠粉，鹼氯品及其它有關產品為主要業務",
        "website_url": "https://www.cgpc.com.tw",
        "ceo": "林漢福",
        "pe_ratio": 34,
        "report_year_from": 2001,
        "report_year_to": 2023,
        "age": 23,
        "eps_negative_percentage": 26,
        "eps_growth_avg": {
            "last_all": -16.54,
            "last_2y": -27.68,
            "last_4y": -1.88,
            "last_8y": 20.08,
            "last_12y": -2.92,
            "last_16y": -18.9,
            "last_20y": -16.54,
            "at_2006_last_3y": 0,
            "at_2007_last_3y": -11.11,
            "at_2008_last_3y": -77.78,
            "at_2009_last_3y": -66.67,
            "at_2010_last_3y": -77.5,
            "at_2011_last_3y": -99.72,
            "at_2012_last_3y": -99.58,
            "at_2013_last_3y": -69.23,
            "at_2014_last_3y": -64.27,
            "at_2015_last_3y": 2.4,
            "at_2016_last_3y": 23.01,
            "at_2017_last_3y": 21.45,
            "at_2018_last_3y": 42.04,
            "at_2019_last_3y": 4,
            "at_2020_last_3y": 7.79,
            "at_2021_last_3y": 22.64,
            "at_2022_last_3y": -1.88,
            "at_2023_last_3y": 14.88,
            "at_2024_last_3y": 14.88,
            "at_2006_last_all": 0,
            "at_2007_last_all": -11.11,
            "at_2008_last_all": -33.33,
            "at_2009_last_all": -33.33,
            "at_2010_last_all": -46.5,
            "at_2011_last_all": -55.42,
            "at_2012_last_all": -55.42,
            "at_2013_last_all": -48.72,
            "at_2014_last_all": -53.16,
            "at_2015_last_all": -36.15,
            "at_2016_last_all": -24.05,
            "at_2017_last_all": -23.2,
            "at_2018_last_all": -21.43,
            "at_2019_last_all": -23.79,
            "at_2020_last_all": -14.95,
            "at_2021_last_all": -10.98,
            "at_2022_last_all": -16.54,
            "at_2023_last_all": -16.54,
            "at_2024_last_all": -16.54
        },
        "latest_eps": 0.56,
        "latest_price": 19.15,
        "latest_roe": 3.84,
        "latest_gross_margin": 14.01,
        "latest_equity": 10296761,
        "latest_revenue": 3365608,
        "latest_gross_profit": 471621,
        "latest_net_income": 151935,
        "latest_debt_ratio": 41.19,
        "latest_current_ratio": 222.48,
        "latest_account_receivable_turnover_ratio": 2.38,
        "latest_inventory_turnover_ratio": 1.17,
        "latest_reinvestment_rate": 75.34,
        "latest_research_to_sale_ratio": 0.57
    },
    "eps_dividends": {
        "1990": {
            "cash": 0,
            "stock": 1.25,
            "eps": 0
        },
        "1991": {
            "cash": 0.7,
            "stock": 0.8,
            "eps": 0
        },
        "1992": {
            "cash": 0.4,
            "stock": 0.75,
            "eps": 0
        },
        "1993": {
            "cash": 0.4,
            "stock": 0.5,
            "eps": 0
        },
        "1995": {
            "cash": 0.8,
            "stock": 0,
            "eps": 0
        },
        "1996": {
            "cash": 0.45,
            "stock": 0,
            "eps": 0
        },
        "1997": {
            "cash": 0,
            "stock": 1,
            "eps": 0
        },
        "2001": {
            "cash": 0,
            "stock": 0,
            "eps": -2.35
        },
        "2002": {
            "cash": 0,
            "stock": 0,
            "eps": -0.51
        },
        "2003": {
            "cash": 0,
            "stock": 0,
            "eps": 0.01
        },
        "2004": {
            "cash": 0,
            "stock": 0,
            "eps": 2
        },
        "2005": {
            "cash": 0,
            "stock": 0,
            "eps": -1.31
        },
        "2006": {
            "cash": 0,
            "stock": 0,
            "eps": 0.15
        },
        "2007": {
            "cash": 0,
            "stock": 0,
            "eps": 0.1
        },
        "2008": {
            "cash": 0,
            "stock": 0,
            "eps": -0.77
        },
        "2009": {
            "cash": 0,
            "stock": 0,
            "eps": 1.2
        },
        "2010": {
            "cash": 0.3,
            "stock": 0,
            "eps": 0.01
        },
        "2011": {
            "cash": 0,
            "stock": 0,
            "eps": -0.22
        },
        "2012": {
            "cash": 0,
            "stock": 0,
            "eps": 1.88
        },
        "2013": {
            "cash": 0.4,
            "stock": 0.6,
            "eps": 1.72
        },
        "2014": {
            "cash": 0.8,
            "stock": 0.4,
            "eps": 0.27
        },
        "2015": {
            "cash": 0.2,
            "stock": 0,
            "eps": 1.65
        },
        "2016": {
            "cash": 1,
            "stock": 0.2,
            "eps": 3.05
        },
        "2017": {
            "cash": 1.7,
            "stock": 0.3,
            "eps": 2.6
        },
        "2018": {
            "cash": 1.5,
            "stock": 0.3,
            "eps": 2.55
        },
        "2019": {
            "cash": 1.5,
            "stock": 0.4,
            "eps": 1.22
        },
        "2020": {
            "cash": 0.5,
            "stock": 0.5,
            "eps": 2.98
        },
        "2021": {
            "cash": 1.8,
            "stock": 0.5,
            "eps": 4.31
        },
        "2022": {
            "cash": 2.5,
            "stock": 0,
            "eps": -0.63
        },
        "2023": {
            "cash": 0.3,
            "stock": 0,
            "eps": 0.65
        },
        "2024": {
            "cash": 0.35,
            "stock": 0,
            "eps": 0
        }
    },
    "dividends": {
        "1990-04-19": {
            "cash": 0,
            "stock": 1.25
        },
        "1991-04-26": {
            "cash": 0.7,
            "stock": 0.8
        },
        "1992-05-08": {
            "cash": 0.4,
            "stock": 0.75
        },
        "1993-05-21": {
            "cash": 0.4,
            "stock": 0.5
        },
        "1995-05-31": {
            "cash": 0.8,
            "stock": 0
        },
        "1996-05-29": {
            "cash": 0.45,
            "stock": 0
        },
        "1997-06-11": {
            "cash": 0,
            "stock": 1
        },
        "2010-03-15": {
            "cash": 0.3,
            "stock": 0
        },
        "2013-03-20": {
            "cash": 0.4,
            "stock": 0.6
        },
        "2014-08-22": {
            "cash": 0.8,
            "stock": 0.4
        },
        "2015-08-28": {
            "cash": 0.2,
            "stock": 0
        },
        "2016-09-10": {
            "cash": 1,
            "stock": 0.2
        },
        "2017-08-25": {
            "cash": 1.7,
            "stock": 0.3
        },
        "2018-08-24": {
            "cash": 1.5,
            "stock": 0.3
        },
        "2019-08-23": {
            "cash": 1.5,
            "stock": 0.4
        },
        "2020-08-28": {
            "cash": 0.5,
            "stock": 0.5
        },
        "2021-10-07": {
            "cash": 1.8,
            "stock": 0.5
        },
        "2022-08-31": {
            "cash": 2.5,
            "stock": 0
        },
        "2023-07-27": {
            "cash": 0.3,
            "stock": 0
        },
        "2024-03-05": {
            "cash": 0.35,
            "stock": 0
        }
    },
    "prices": {
        "200101": "4.69",
        "200102": "5.69",
        "200103": "4.98",
        "200104": "4.54",
        "200105": "3.23",
        "200106": "3.19",
        "200107": "2.61",
        "200108": "2.84",
        "200109": "2.87",
        "200110": "2.60",
        "200111": "2.42",
        "200112": "3.00",
        "200201": "5.26",
        "200202": "6.65",
        "200203": "11.82",
        "200204": "11.32",
        "200205": "8.69",
        "200206": "8.80",
        "200207": "11.46",
        "200208": "11.32",
        "200209": "8.98",
        "200210": "7.58",
        "200211": "11.05",
        "200212": "14.01",
        "200301": "14.63",
        "200302": "10.97",
        "200303": "8.75",
        "200304": "9.01",
        "200305": "9.81",
        "200306": "11.02",
        "200307": "11.57",
        "200308": "12.37",
        "200309": "11.09",
        "200310": "12.03",
        "200311": "11.96",
        "200312": "13.32",
        "200401": "14.30",
        "200402": "13.24",
        "200403": "13.12",
        "200404": "13.33",
        "200405": "12.55",
        "200406": "12.05",
        "200407": "12.25",
        "200408": "11.68",
        "200409": "13.87",
        "200410": "15.16",
        "200411": "13.87",
        "200412": "14.27",
        "200501": "15.11",
        "200502": "15.39",
        "200503": "13.84",
        "200504": "9.78",
        "200505": "8.52",
        "200506": "10.55",
        "200507": "10.16",
        "200508": "9.53",
        "200509": "8.40",
        "200510": "8.75",
        "200511": "8.59",
        "200512": "8.76",
        "200601": "9.50",
        "200602": "8.88",
        "200603": "7.72",
        "200604": "8.11",
        "200605": "8.35",
        "200606": "7.02",
        "200607": "6.81",
        "200608": "6.79",
        "200609": "6.86",
        "200610": "7.74",
        "200611": "8.10",
        "200612": "8.61",
        "200701": "8.47",
        "200702": "8.31",
        "200703": "7.93",
        "200704": "8.49",
        "200705": "8.01",
        "200706": "8.11",
        "200707": "9.84",
        "200708": "8.62",
        "200709": "9.76",
        "200710": "11.62",
        "200711": "9.52",
        "200712": "9.11",
        "200801": "9.27",
        "200802": "9.60",
        "200803": "10.47",
        "200804": "11.28",
        "200805": "14.64",
        "200806": "12.93",
        "200807": "10.91",
        "200808": "10.05",
        "200809": "8.25",
        "200810": "5.11",
        "200811": "5.71",
        "200812": "7.00",
        "200901": "8.39",
        "200902": "7.67",
        "200903": "8.14",
        "200904": "9.88",
        "200905": "11.98",
        "200906": "11.77",
        "200907": "11.71",
        "200908": "11.07",
        "200909": "11.42",
        "200910": "12.16",
        "200911": "12.00",
        "200912": "12.05",
        "201001": "13.30",
        "201002": "12.33",
        "201003": "12.80",
        "201004": "12.93",
        "201005": "10.65",
        "201006": "9.76",
        "201007": "10.34",
        "201008": "11.54",
        "201009": "11.85",
        "201010": "12.03",
        "201011": "11.50",
        "201012": "12.42",
        "201101": "12.76",
        "201102": "13.35",
        "201103": "12.73",
        "201104": "14.99",
        "201105": "13.35",
        "201106": "12.82",
        "201107": "12.84",
        "201108": "12.25",
        "201109": "10.29",
        "201110": "8.27",
        "201111": "8.96",
        "201112": "9.28",
        "201201": "9.68",
        "201202": "11.58",
        "201203": "11.49",
        "201204": "11.34",
        "201205": "10.40",
        "201206": "9.13",
        "201207": "10.44",
        "201208": "11.68",
        "201209": "13.19",
        "201210": "12.91",
        "201211": "12.79",
        "201212": "14.77",
        "201301": "15.91",
        "201302": "15.80",
        "201303": "14.92",
        "201304": "14.68",
        "201305": "16.35",
        "201306": "17.52",
        "201307": "19.58",
        "201308": "17.91",
        "201309": "17.24",
        "201310": "18.57",
        "201311": "17.42",
        "201312": "16.96",
        "201401": "16.66",
        "201402": "14.90",
        "201403": "15.18",
        "201404": "15.80",
        "201405": "15.61",
        "201406": "16.36",
        "201407": "15.64",
        "201408": "12.84",
        "201409": "12.16",
        "201410": "10.69",
        "201411": "10.60",
        "201412": "12.17",
        "201501": "14.38",
        "201502": "15.18",
        "201503": "14.33",
        "201504": "13.83",
        "201505": "12.56",
        "201506": "11.31",
        "201507": "10.54",
        "201508": "11.51",
        "201509": "13.05",
        "201510": "14.10",
        "201511": "15.16",
        "201512": "14.37",
        "201601": "13.55",
        "201602": "14.05",
        "201603": "15.46",
        "201604": "15.89",
        "201605": "14.92",
        "201606": "14.75",
        "201607": "15.96",
        "201608": "17.89",
        "201609": "19.41",
        "201610": "22.92",
        "201611": "25.48",
        "201612": "25.68",
        "201701": "24.00",
        "201702": "26.20",
        "201703": "28.02",
        "201704": "28.88",
        "201705": "27.27",
        "201706": "28.35",
        "201707": "30.08",
        "201708": "33.06",
        "201709": "33.35",
        "201710": "29.40",
        "201711": "28.45",
        "201712": "29.54",
        "201801": "32.87",
        "201802": "32.48",
        "201803": "32.23",
        "201804": "32.85",
        "201805": "31.08",
        "201806": "29.71",
        "201807": "29.43",
        "201808": "29.69",
        "201809": "26.30",
        "201810": "21.40",
        "201811": "20.17",
        "201812": "22.48",
        "201901": "22.67",
        "201902": "23.78",
        "201903": "23.08",
        "201904": "22.78",
        "201905": "22.14",
        "201906": "22.85",
        "201907": "23.40",
        "201908": "19.36",
        "201909": "19.74",
        "201910": "20.70",
        "201911": "22.02",
        "201912": "20.93",
        "202001": "20.94",
        "202002": "19.14",
        "202003": "15.92",
        "202004": "16.18",
        "202005": "18.70",
        "202006": "19.14",
        "202007": "18.62",
        "202008": "18.61",
        "202009": "20.28",
        "202010": "21.23",
        "202011": "22.94",
        "202012": "23.78",
        "202101": "25.11",
        "202102": "26.14",
        "202103": "33.20",
        "202104": "40.58",
        "202105": "34.68",
        "202106": "36.64",
        "202107": "38.78",
        "202108": "38.20",
        "202109": "37.79",
        "202110": "40.46",
        "202111": "35.66",
        "202112": "34.22",
        "202201": "34.06",
        "202202": "34.99",
        "202203": "34.92",
        "202204": "33.69",
        "202205": "31.17",
        "202206": "31.68",
        "202207": "27.79",
        "202208": "23.90",
        "202209": "22.19",
        "202210": "19.98",
        "202211": "20.61",
        "202212": "24.67",
        "202301": "27.63",
        "202302": "27.85",
        "202303": "26.73",
        "202304": "26.12",
        "202305": "24.04",
        "202306": "23.92",
        "202307": "22.84",
        "202308": "24.24",
        "202309": "25.46",
        "202310": "22.68",
        "202311": "22.85",
        "202312": "22.88"
    },
    "quarters": {
        "20011": {
            "year_quarter": 20011,
            "year": 2001,
            "quarter": 1,
            "eps": -0.42,
            "eps_growth_year": null,
            "eps_4q": -1.8,
            "eps_4q_growth_year": -615.23,
            "roe": -3.45,
            "roe_4q": -3.45,
            "gross_profit": 100145,
            "gross_margin": 6.36,
            "gross_margin_4q_avg": 6.36,
            "net_income": -179865,
            "net_income_4q": null,
            "revenue": 1574846,
            "revenue_4q": null,
            "common_shares": 4248035,
            "book_valuer_per_share": 11.72,
            "book_valuer_per_share_4q_avg": 11.72,
            "equity": 4977667,
            "current_ratio": 80.78,
            "debt_ratio": 49.73,
            "inventory_turnover_ratio": 1.39,
            "account_receivable_turnover_ratio": null,
            "reinvestment_rate": null,
            "research_to_sale_ratio": null,
            "price_fair": 0,
            "eps_avg_yearly": 0,
            "eps_latest_yearly": 0,
            "eps_growth_yearly": 0
        },
        "20012": {
            "year_quarter": 20012,
            "year": 2001,
            "quarter": 2,
            "eps": -0.66,
            "eps_growth_year": null,
            "eps_4q": -2.37,
            "eps_4q_growth_year": null,
            "roe": -5.75,
            "roe_4q": -9.2,
            "gross_profit": 95351,
            "gross_margin": 6.62,
            "gross_margin_4q_avg": 6.49,
            "net_income": -279091,
            "net_income_4q": null,
            "revenue": 1440914,
            "revenue_4q": null,
            "common_shares": 4248035,
            "book_valuer_per_share": 11.12,
            "book_valuer_per_share_4q_avg": 11.42,
            "equity": 4723997,
            "current_ratio": 134.33,
            "debt_ratio": 51.34,
            "inventory_turnover_ratio": 2.08,
            "account_receivable_turnover_ratio": null,
            "reinvestment_rate": null,
            "research_to_sale_ratio": null,
            "price_fair": 0,
            "eps_avg_yearly": 0,
            "eps_latest_yearly": 0,
            "eps_growth_yearly": 0
        },
        "20013": {
            "year_quarter": 20013,
            "year": 2001,
            "quarter": 3,
            "eps": -0.58,
            "eps_growth_year": null,
            "eps_4q": -2.37,
            "eps_4q_growth_year": null,
            "roe": -5.38,
            "roe_4q": -14.579999999999998,
            "gross_profit": 136211,
            "gross_margin": 8.89,
            "gross_margin_4q_avg": 7.29,
            "net_income": -247384,
            "net_income_4q": null,
            "revenue": 1531362,
            "revenue_4q": null,
            "common_shares": 4248035,
            "book_valuer_per_share": 10.55,
            "book_valuer_per_share_4q_avg": 11.13,
            "equity": 4480120,
            "current_ratio": 143.46,
            "debt_ratio": 51.5,
            "inventory_turnover_ratio": 2.65,
            "account_receivable_turnover_ratio": null,
            "reinvestment_rate": null,
            "research_to_sale_ratio": null,
            "price_fair": 0,
            "eps_avg_yearly": 0,
            "eps_latest_yearly": 0,
            "eps_growth_yearly": 0
        },
        "20014": {
            "year_quarter": 20014,
            "year": 2001,
            "quarter": 4,
            "eps": -0.69,
            "eps_growth_year": null,
            "eps_4q": -2.21,
            "eps_4q_growth_year": null,
            "roe": -6.64,
            "roe_4q": -21.22,
            "gross_profit": 225726,
            "gross_margin": 15.23,
            "gross_margin_4q_avg": 9.28,
            "net_income": -293314,
            "net_income_4q": null,
            "revenue": 1482235,
            "revenue_4q": null,
            "common_shares": 4248035,
            "book_valuer_per_share": 9.74,
            "book_valuer_per_share_4q_avg": 10.78,
            "equity": 4358953,
            "current_ratio": 133.3,
            "debt_ratio": 60.29,
            "inventory_turnover_ratio": 1.6,
            "account_receivable_turnover_ratio": null,
            "reinvestment_rate": null,
            "research_to_sale_ratio": null,
            "price_fair": 0,
            "eps_avg_yearly": 0,
            "eps_latest_yearly": 0,
            "eps_growth_yearly": 0
        },
        "20021": {
            "year_quarter": 20021,
            "year": 2002,
            "quarter": 1,
            "eps": 0.16,
            "eps_growth_year": null,
            "eps_4q": -1.82,
            "eps_4q_growth_year": null,
            "roe": 1.55,
            "roe_4q": -16.22,
            "gross_profit": 128581,
            "gross_margin": 8.66,
            "gross_margin_4q_avg": 9.85,
            "net_income": 66387,
            "net_income_4q": null,
            "revenue": 1485029,
            "revenue_4q": null,
            "common_shares": 4248035,
            "book_valuer_per_share": 9.9,
            "book_valuer_per_share_4q_avg": 10.33,
            "equity": 4204277,
            "current_ratio": 158.88,
            "debt_ratio": 53.13,
            "inventory_turnover_ratio": 1.51,
            "account_receivable_turnover_ratio": null,
            "reinvestment_rate": null,
            "research_to_sale_ratio": null,
            "price_fair": 0,
            "eps_avg_yearly": 0,
            "eps_latest_yearly": 0,
            "eps_growth_yearly": 0
        },
        "20022": {
            "year_quarter": 20022,
            "year": 2002,
            "quarter": 2,
            "eps": 0.11,
            "eps_growth_year": null,
            "eps_4q": -1.02,
            "eps_4q_growth_year": null,
            "roe": 1.1,
            "roe_4q": -9.37,
            "gross_profit": 112996,
            "gross_margin": 7.09,
            "gross_margin_4q_avg": 9.97,
            "net_income": 46132,
            "net_income_4q": null,
            "revenue": 1593933,
            "revenue_4q": null,
            "common_shares": 4248035,
            "book_valuer_per_share": 9.92,
            "book_valuer_per_share_4q_avg": 10.03,
            "equity": 4214607,
            "current_ratio": 147.35,
            "debt_ratio": 53.4,
            "inventory_turnover_ratio": 2.24,
            "account_receivable_turnover_ratio": null,
            "reinvestment_rate": null,
            "research_to_sale_ratio": null,
            "price_fair": 1.32,
            "eps_avg_yearly": 0.44,
            "eps_latest_yearly": 0.44,
            "eps_growth_yearly": -125
        },
        "20023": {
            "year_quarter": 20023,
            "year": 2002,
            "quarter": 3,
            "eps": -0.01,
            "eps_growth_year": null,
            "eps_4q": -0.44,
            "eps_4q_growth_year": null,
            "roe": -0.14,
            "roe_4q": -4.129999999999999,
            "gross_profit": 76800,
            "gross_margin": 5.14,
            "gross_margin_4q_avg": 9.03,
            "net_income": -5911,
            "net_income_4q": null,
            "revenue": 1493017,
            "revenue_4q": null,
            "common_shares": 4248035,
            "book_valuer_per_share": 10,
            "book_valuer_per_share_4q_avg": 9.89,
            "equity": 4247454,
            "current_ratio": 167.16,
            "debt_ratio": 52.56,
            "inventory_turnover_ratio": 1.98,
            "account_receivable_turnover_ratio": null,
            "reinvestment_rate": null,
            "research_to_sale_ratio": null,
            "price_fair": 1.32,
            "eps_avg_yearly": 0.44,
            "eps_latest_yearly": 0.44,
            "eps_growth_yearly": -125
        },
        "20024": {
            "year_quarter": 20024,
            "year": 2002,
            "quarter": 4,
            "eps": -0.77,
            "eps_growth_year": null,
            "eps_4q": -0.46,
            "eps_4q_growth_year": null,
            "roe": -7.71,
            "roe_4q": -5.2,
            "gross_profit": 75234,
            "gross_margin": 5.1,
            "gross_margin_4q_avg": 6.5,
            "net_income": -325710,
            "net_income_4q": null,
            "revenue": 1473912,
            "revenue_4q": null,
            "common_shares": 4248035,
            "book_valuer_per_share": 9.44,
            "book_valuer_per_share_4q_avg": 9.82,
            "equity": 4205066,
            "current_ratio": 173.96,
            "debt_ratio": 62.31,
            "inventory_turnover_ratio": 1.22,
            "account_receivable_turnover_ratio": null,
            "reinvestment_rate": null,
            "research_to_sale_ratio": null,
            "price_fair": 1.32,
            "eps_avg_yearly": 0.44,
            "eps_latest_yearly": 0.44,
            "eps_growth_yearly": -125
        },
        "20031": {
            "year_quarter": 20031,
            "year": 2003,
            "quarter": 1,
            "eps": 0.12,
            "eps_growth_year": -25,
            "eps_4q": -0.55,
            "eps_4q_growth_year": null,
            "roe": 1.23,
            "roe_4q": -5.52,
            "gross_profit": 108291,
            "gross_margin": 6.76,
            "gross_margin_4q_avg": 6.02,
            "net_income": 50909,
            "net_income_4q": null,
            "revenue": 1601719,
            "revenue_4q": null,
            "common_shares": 4248035,
            "book_valuer_per_share": 9.56,
            "book_valuer_per_share_4q_avg": 9.73,
            "equity": 4061678,
            "current_ratio": 250.88,
            "debt_ratio": 54.57,
            "inventory_turnover_ratio": 1.28,
            "account_receivable_turnover_ratio": null,
            "reinvestment_rate": null,
            "research_to_sale_ratio": null,
            "price_fair": 1.32,
            "eps_avg_yearly": 0.44,
            "eps_latest_yearly": 0.44,
            "eps_growth_yearly": -125
        },
        "20032": {
            "year_quarter": 20032,
            "year": 2003,
            "quarter": 2,
            "eps": -0.32,
            "eps_growth_year": -390.91,
            "eps_4q": -0.98,
            "eps_4q_growth_year": null,
            "roe": -3.39,
            "roe_4q": -10.010000000000002,
            "gross_profit": 93722,
            "gross_margin": 6.56,
            "gross_margin_4q_avg": 5.89,
            "net_income": -135498,
            "net_income_4q": null,
            "revenue": 1429702,
            "revenue_4q": null,
            "common_shares": 4248035,
            "book_valuer_per_share": 9.24,
            "book_valuer_per_share_4q_avg": 9.56,
            "equity": 3924339,
            "current_ratio": 221.94,
            "debt_ratio": 53.75,
            "inventory_turnover_ratio": 1.84,
            "account_receivable_turnover_ratio": null,
            "reinvestment_rate": null,
            "research_to_sale_ratio": null,
            "price_fair": 1.32,
            "eps_avg_yearly": 0.44,
            "eps_latest_yearly": 0.44,
            "eps_growth_yearly": -125
        },
        "20033": {
            "year_quarter": 20033,
            "year": 2003,
            "quarter": 3,
            "eps": -0.41,
            "eps_growth_year": null,
            "eps_4q": -1.38,
            "eps_4q_growth_year": null,
            "roe": -4.57,
            "roe_4q": -14.440000000000001,
            "gross_profit": 88617,
            "gross_margin": 5.55,
            "gross_margin_4q_avg": 5.99,
            "net_income": -175012,
            "net_income_4q": null,
            "revenue": 1597662,
            "revenue_4q": null,
            "common_shares": 4248035,
            "book_valuer_per_share": 8.78,
            "book_valuer_per_share_4q_avg": 9.26,
            "equity": 3731501,
            "current_ratio": 198.47,
            "debt_ratio": 56.34,
            "inventory_turnover_ratio": 2.25,
            "account_receivable_turnover_ratio": null,
            "reinvestment_rate": null,
            "research_to_sale_ratio": null,
            "price_fair": 1.32,
            "eps_avg_yearly": 0.44,
            "eps_latest_yearly": 0.44,
            "eps_growth_yearly": -125
        },
        "20034": {
            "year_quarter": 20034,
            "year": 2003,
            "quarter": 4,
            "eps": 0.62,
            "eps_growth_year": null,
            "eps_4q": 0.01,
            "eps_4q_growth_year": null,
            "roe": 6.6,
            "roe_4q": -0.13000000000000078,
            "gross_profit": 195062,
            "gross_margin": 10.63,
            "gross_margin_4q_avg": 7.38,
            "net_income": 263606,
            "net_income_4q": null,
            "revenue": 1835458,
            "revenue_4q": null,
            "common_shares": 4248035,
            "book_valuer_per_share": 9.6,
            "book_valuer_per_share_4q_avg": 9.3,
            "equity": 4261367,
            "current_ratio": 152.33,
            "debt_ratio": 61.61,
            "inventory_turnover_ratio": 1.52,
            "account_receivable_turnover_ratio": null,
            "reinvestment_rate": null,
            "research_to_sale_ratio": null,
            "price_fair": 1.32,
            "eps_avg_yearly": 0.44,
            "eps_latest_yearly": 0.44,
            "eps_growth_yearly": -125
        },
        "20041": {
            "year_quarter": 20041,
            "year": 2004,
            "quarter": 1,
            "eps": 0.57,
            "eps_growth_year": 375,
            "eps_4q": 0.46,
            "eps_4q_growth_year": null,
            "roe": 5.66,
            "roe_4q": 4.299999999999999,
            "gross_profit": 226657,
            "gross_margin": 11.69,
            "gross_margin_4q_avg": 8.61,
            "net_income": 242316,
            "net_income_4q": null,
            "revenue": 1938786,
            "revenue_4q": null,
            "common_shares": 4248035,
            "book_valuer_per_share": 10.13,
            "book_valuer_per_share_4q_avg": 9.44,
            "equity": 4303412,
            "current_ratio": 180.18,
            "debt_ratio": 53.25,
            "inventory_turnover_ratio": 1.54,
            "account_receivable_turnover_ratio": null,
            "reinvestment_rate": null,
            "research_to_sale_ratio": null,
            "price_fair": 4.08,
            "eps_avg_yearly": 1.36,
            "eps_latest_yearly": 2.28,
            "eps_growth_yearly": -78.63
        },
        "20042": {
            "year_quarter": 20042,
            "year": 2004,
            "quarter": 2,
            "eps": 0.47,
            "eps_growth_year": null,
            "eps_4q": 1.25,
            "eps_4q_growth_year": null,
            "roe": 4.53,
            "roe_4q": 12.219999999999999,
            "gross_profit": 147807,
            "gross_margin": 7.49,
            "gross_margin_4q_avg": 8.84,
            "net_income": 199627,
            "net_income_4q": null,
            "revenue": 1974476,
            "revenue_4q": null,
            "common_shares": 4248035,
            "book_valuer_per_share": 10.63,
            "book_valuer_per_share_4q_avg": 9.79,
            "equity": 4517413,
            "current_ratio": 170.71,
            "debt_ratio": 49.65,
            "inventory_turnover_ratio": 2.69,
            "account_receivable_turnover_ratio": null,
            "reinvestment_rate": null,
            "research_to_sale_ratio": null,
            "price_fair": 4.6,
            "eps_avg_yearly": 1.53,
            "eps_latest_yearly": 1.88,
            "eps_growth_yearly": -75.81
        },
        "20043": {
            "year_quarter": 20043,
            "year": 2004,
            "quarter": 3,
            "eps": 0.62,
            "eps_growth_year": null,
            "eps_4q": 2.28,
            "eps_4q_growth_year": null,
            "roe": 5.66,
            "roe_4q": 22.450000000000003,
            "gross_profit": 217507,
            "gross_margin": 10.24,
            "gross_margin_4q_avg": 10.01,
            "net_income": 263461,
            "net_income_4q": null,
            "revenue": 2124895,
            "revenue_4q": null,
            "common_shares": 4248035,
            "book_valuer_per_share": 11.26,
            "book_valuer_per_share_4q_avg": 10.41,
            "equity": 4785130,
            "current_ratio": 180.08,
            "debt_ratio": 52.61,
            "inventory_turnover_ratio": 2.79,
            "account_receivable_turnover_ratio": null,
            "reinvestment_rate": null,
            "research_to_sale_ratio": null,
            "price_fair": 5.31,
            "eps_avg_yearly": 1.77,
            "eps_latest_yearly": 2.48,
            "eps_growth_yearly": -24.94
        },
        "20044": {
            "year_quarter": 20044,
            "year": 2004,
            "quarter": 4,
            "eps": 0.34,
            "eps_growth_year": -45.16,
            "eps_4q": 2.02,
            "eps_4q_growth_year": 21324.18,
            "roe": 2.79,
            "roe_4q": 18.64,
            "gross_profit": 262362,
            "gross_margin": 12.63,
            "gross_margin_4q_avg": 10.51,
            "net_income": 142917,
            "net_income_4q": null,
            "revenue": 2077141,
            "revenue_4q": null,
            "common_shares": 4248035,
            "book_valuer_per_share": 11.49,
            "book_valuer_per_share_4q_avg": 10.88,
            "equity": 5461617,
            "current_ratio": 173.47,
            "debt_ratio": 59.93,
            "inventory_turnover_ratio": 1.03,
            "account_receivable_turnover_ratio": null,
            "reinvestment_rate": null,
            "research_to_sale_ratio": null,
            "price_fair": 5.06,
            "eps_avg_yearly": 1.69,
            "eps_latest_yearly": 1.36,
            "eps_growth_yearly": -56.08
        },
        "20051": {
            "year_quarter": 20051,
            "year": 2005,
            "quarter": 1,
            "eps": -0.03,
            "eps_growth_year": -105.26,
            "eps_4q": 1.39,
            "eps_4q_growth_year": 203.41,
            "roe": -0.24,
            "roe_4q": 12.740000000000002,
            "gross_profit": 197656,
            "gross_margin": 10.66,
            "gross_margin_4q_avg": 10.26,
            "net_income": -12761,
            "net_income_4q": null,
            "revenue": 1854112,
            "revenue_4q": null,
            "common_shares": 4248035,
            "book_valuer_per_share": 12.33,
            "book_valuer_per_share_4q_avg": 11.43,
            "equity": 5239393,
            "current_ratio": 174.78,
            "debt_ratio": 48.73,
            "inventory_turnover_ratio": 0.88,
            "account_receivable_turnover_ratio": null,
            "reinvestment_rate": null,
            "research_to_sale_ratio": null,
            "price_fair": 5.06,
            "eps_avg_yearly": 1.69,
            "eps_latest_yearly": 1.36,
            "eps_growth_yearly": -56.08
        },
        "20052": {
            "year_quarter": 20052,
            "year": 2005,
            "quarter": 2,
            "eps": -1.39,
            "eps_growth_year": -395.74,
            "eps_4q": -0.46,
            "eps_4q_growth_year": -137.13,
            "roe": -11.95,
            "roe_4q": -3.7399999999999984,
            "gross_profit": 47227,
            "gross_margin": 2.8,
            "gross_margin_4q_avg": 9.08,
            "net_income": -590655,
            "net_income_4q": null,
            "revenue": 1687778,
            "revenue_4q": null,
            "common_shares": 4248035,
            "book_valuer_per_share": 10.94,
            "book_valuer_per_share_4q_avg": 11.51,
            "equity": 4648647,
            "current_ratio": 177.22,
            "debt_ratio": 47.96,
            "inventory_turnover_ratio": 1.77,
            "account_receivable_turnover_ratio": null,
            "reinvestment_rate": null,
            "research_to_sale_ratio": null,
            "price_fair": 5.06,
            "eps_avg_yearly": 1.69,
            "eps_latest_yearly": 1.36,
            "eps_growth_yearly": -56.08
        },
        "20053": {
            "year_quarter": 20053,
            "year": 2005,
            "quarter": 3,
            "eps": -0.18,
            "eps_growth_year": -129.03,
            "eps_4q": -1.26,
            "eps_4q_growth_year": -155.36,
            "roe": -1.64,
            "roe_4q": -11.04,
            "gross_profit": 302623,
            "gross_margin": 15.5,
            "gross_margin_4q_avg": 10.4,
            "net_income": -75791,
            "net_income_4q": null,
            "revenue": 1952289,
            "revenue_4q": null,
            "common_shares": 4248035,
            "book_valuer_per_share": 10.86,
            "book_valuer_per_share_4q_avg": 11.41,
            "equity": 4614027,
            "current_ratio": 204.24,
            "debt_ratio": 46.91,
            "inventory_turnover_ratio": 1.92,
            "account_receivable_turnover_ratio": null,
            "reinvestment_rate": null,
            "research_to_sale_ratio": null,
            "price_fair": 5.06,
            "eps_avg_yearly": 1.69,
            "eps_latest_yearly": 1.36,
            "eps_growth_yearly": -56.08
        },
        "20054": {
            "year_quarter": 20054,
            "year": 2005,
            "quarter": 4,
            "eps": 0.29,
            "eps_growth_year": -14.71,
            "eps_4q": -1.31,
            "eps_4q_growth_year": -164.73,
            "roe": 2.51,
            "roe_4q": -11.32,
            "gross_profit": 229062,
            "gross_margin": 11.99,
            "gross_margin_4q_avg": 10.24,
            "net_income": 123389,
            "net_income_4q": null,
            "revenue": 1911174,
            "revenue_4q": null,
            "common_shares": 4248035,
            "book_valuer_per_share": 11.17,
            "book_valuer_per_share_4q_avg": 11.33,
            "equity": 5236893,
            "current_ratio": 266.42,
            "debt_ratio": 57.67,
            "inventory_turnover_ratio": 1.22,
            "account_receivable_turnover_ratio": null,
            "reinvestment_rate": -1908.51,
            "research_to_sale_ratio": null,
            "price_fair": 5.06,
            "eps_avg_yearly": 1.69,
            "eps_latest_yearly": 1.36,
            "eps_growth_yearly": -56.08
        },
        "20061": {
            "year_quarter": 20061,
            "year": 2006,
            "quarter": 1,
            "eps": -0.06,
            "eps_growth_year": null,
            "eps_4q": -1.34,
            "eps_4q_growth_year": -195.73,
            "roe": -0.51,
            "roe_4q": -11.59,
            "gross_profit": 188843,
            "gross_margin": 11.83,
            "gross_margin_4q_avg": 10.53,
            "net_income": -25552,
            "net_income_4q": null,
            "revenue": 1595730,
            "revenue_4q": null,
            "common_shares": 4248035,
            "book_valuer_per_share": 11.09,
            "book_valuer_per_share_4q_avg": 11.02,
            "equity": 4713189,
            "current_ratio": 271.13,
            "debt_ratio": 52.17,
            "inventory_turnover_ratio": 1.01,
            "account_receivable_turnover_ratio": null,
            "reinvestment_rate": null,
            "research_to_sale_ratio": null,
            "price_fair": 5.06,
            "eps_avg_yearly": 1.69,
            "eps_latest_yearly": 1.36,
            "eps_growth_yearly": -56.08
        },
        "20062": {
            "year_quarter": 20062,
            "year": 2006,
            "quarter": 2,
            "eps": 0.17,
            "eps_growth_year": null,
            "eps_4q": 0.22,
            "eps_4q_growth_year": null,
            "roe": 1.53,
            "roe_4q": 1.89,
            "gross_profit": 203678,
            "gross_margin": 10.62,
            "gross_margin_4q_avg": 12.49,
            "net_income": 72850,
            "net_income_4q": null,
            "revenue": 1917809,
            "revenue_4q": null,
            "common_shares": 4248035,
            "book_valuer_per_share": 11.27,
            "book_valuer_per_share_4q_avg": 11.1,
            "equity": 4788157,
            "current_ratio": 343.06,
            "debt_ratio": 49.56,
            "inventory_turnover_ratio": 2.24,
            "account_receivable_turnover_ratio": null,
            "reinvestment_rate": -5414.54,
            "research_to_sale_ratio": null,
            "price_fair": 6,
            "eps_avg_yearly": 2,
            "eps_latest_yearly": 1.36,
            "eps_growth_yearly": -38.85
        },
        "20063": {
            "year_quarter": 20063,
            "year": 2006,
            "quarter": 3,
            "eps": 0.23,
            "eps_growth_year": null,
            "eps_4q": 0.64,
            "eps_4q_growth_year": null,
            "roe": 1.98,
            "roe_4q": 5.51,
            "gross_profit": 196713,
            "gross_margin": 9.46,
            "gross_margin_4q_avg": 10.98,
            "net_income": 95878,
            "net_income_4q": null,
            "revenue": 2079344,
            "revenue_4q": null,
            "common_shares": 4248035,
            "book_valuer_per_share": 11.55,
            "book_valuer_per_share_4q_avg": 11.27,
            "equity": 4907821,
            "current_ratio": 286.26,
            "debt_ratio": 51.15,
            "inventory_turnover_ratio": 2.86,
            "account_receivable_turnover_ratio": null,
            "reinvestment_rate": -555.51,
            "research_to_sale_ratio": null,
            "price_fair": 5.35,
            "eps_avg_yearly": 1.78,
            "eps_latest_yearly": 0.92,
            "eps_growth_yearly": -2.85
        },
        "20064": {
            "year_quarter": 20064,
            "year": 2006,
            "quarter": 4,
            "eps": -0.19,
            "eps_growth_year": -165.52,
            "eps_4q": 0.17,
            "eps_4q_growth_year": null,
            "roe": -1.57,
            "roe_4q": 1.43,
            "gross_profit": 133126,
            "gross_margin": 7.37,
            "gross_margin_4q_avg": 9.82,
            "net_income": -79631,
            "net_income_4q": null,
            "revenue": 1806765,
            "revenue_4q": null,
            "common_shares": 4248035,
            "book_valuer_per_share": 11.23,
            "book_valuer_per_share_4q_avg": 11.29,
            "equity": 5247582,
            "current_ratio": 235.98,
            "debt_ratio": 56.84,
            "inventory_turnover_ratio": 1.53,
            "account_receivable_turnover_ratio": null,
            "reinvestment_rate": -358.94,
            "research_to_sale_ratio": null,
            "price_fair": 5.35,
            "eps_avg_yearly": 1.78,
            "eps_latest_yearly": 0.92,
            "eps_growth_yearly": -2.85
        },
        "20071": {
            "year_quarter": 20071,
            "year": 2007,
            "quarter": 1,
            "eps": -0.26,
            "eps_growth_year": null,
            "eps_4q": -0.05,
            "eps_4q_growth_year": null,
            "roe": -2.19,
            "roe_4q": -0.24999999999999978,
            "gross_profit": 132271,
            "gross_margin": 7.09,
            "gross_margin_4q_avg": 8.64,
            "net_income": -108680,
            "net_income_4q": null,
            "revenue": 1865839,
            "revenue_4q": null,
            "common_shares": 4248035,
            "book_valuer_per_share": 11.01,
            "book_valuer_per_share_4q_avg": 11.27,
            "equity": 4677563,
            "current_ratio": 366.17,
            "debt_ratio": 50.15,
            "inventory_turnover_ratio": 1.5,
            "account_receivable_turnover_ratio": null,
            "reinvestment_rate": -293.24,
            "research_to_sale_ratio": null,
            "price_fair": 5.35,
            "eps_avg_yearly": 1.78,
            "eps_latest_yearly": 0.92,
            "eps_growth_yearly": -2.85
        },
        "20072": {
            "year_quarter": 20072,
            "year": 2007,
            "quarter": 2,
            "eps": 0.15,
            "eps_growth_year": -11.76,
            "eps_4q": -0.07,
            "eps_4q_growth_year": -130.76,
            "roe": 1.35,
            "roe_4q": -0.43000000000000016,
            "gross_profit": 213639,
            "gross_margin": 9.09,
            "gross_margin_4q_avg": 8.25,
            "net_income": 63565,
            "net_income_4q": null,
            "revenue": 2349787,
            "revenue_4q": null,
            "common_shares": 4248035,
            "book_valuer_per_share": 11.18,
            "book_valuer_per_share_4q_avg": 11.24,
            "equity": 4747418,
            "current_ratio": 379.64,
            "debt_ratio": 49.75,
            "inventory_turnover_ratio": 2.85,
            "account_receivable_turnover_ratio": null,
            "reinvestment_rate": -137.68,
            "research_to_sale_ratio": null,
            "price_fair": 5.35,
            "eps_avg_yearly": 1.78,
            "eps_latest_yearly": 0.92,
            "eps_growth_yearly": -2.85
        },
        "20073": {
            "year_quarter": 20073,
            "year": 2007,
            "quarter": 3,
            "eps": 0.24,
            "eps_growth_year": 4.35,
            "eps_4q": -0.05,
            "eps_4q_growth_year": -107.63,
            "roe": 2.16,
            "roe_4q": -0.24999999999999978,
            "gross_profit": 214427,
            "gross_margin": 9.29,
            "gross_margin_4q_avg": 8.21,
            "net_income": 103670,
            "net_income_4q": null,
            "revenue": 2309302,
            "revenue_4q": null,
            "common_shares": 4248035,
            "book_valuer_per_share": 11.43,
            "book_valuer_per_share_4q_avg": 11.21,
            "equity": 4855564,
            "current_ratio": 233.15,
            "debt_ratio": 51,
            "inventory_turnover_ratio": 2.91,
            "account_receivable_turnover_ratio": null,
            "reinvestment_rate": -72.32,
            "research_to_sale_ratio": null,
            "price_fair": 57.63,
            "eps_avg_yearly": 1.65,
            "eps_latest_yearly": 0.96,
            "eps_growth_yearly": 37.63
        },
        "20074": {
            "year_quarter": 20074,
            "year": 2007,
            "quarter": 4,
            "eps": -0.03,
            "eps_growth_year": null,
            "eps_4q": 0.12,
            "eps_4q_growth_year": -27.25,
            "roe": -0.24,
            "roe_4q": 1.0800000000000005,
            "gross_profit": 199570,
            "gross_margin": 8.97,
            "gross_margin_4q_avg": 8.61,
            "net_income": -11989,
            "net_income_4q": null,
            "revenue": 2223741,
            "revenue_4q": null,
            "common_shares": 4248035,
            "book_valuer_per_share": 11.35,
            "book_valuer_per_share_4q_avg": 11.24,
            "equity": 4967574,
            "current_ratio": 219.21,
            "debt_ratio": 58.39,
            "inventory_turnover_ratio": 1.4,
            "account_receivable_turnover_ratio": null,
            "reinvestment_rate": -323.18,
            "research_to_sale_ratio": null,
            "price_fair": 57.63,
            "eps_avg_yearly": 1.65,
            "eps_latest_yearly": 0.96,
            "eps_growth_yearly": 37.63
        },
        "20081": {
            "year_quarter": 20081,
            "year": 2008,
            "quarter": 1,
            "eps": 0.27,
            "eps_growth_year": null,
            "eps_4q": 0.63,
            "eps_4q_growth_year": null,
            "roe": 2.29,
            "roe_4q": 5.5600000000000005,
            "gross_profit": 357945,
            "gross_margin": 10.57,
            "gross_margin_4q_avg": 9.48,
            "net_income": 114659,
            "net_income_4q": null,
            "revenue": 3387561,
            "revenue_4q": null,
            "common_shares": 4248035,
            "book_valuer_per_share": 11.55,
            "book_valuer_per_share_4q_avg": 11.38,
            "equity": 5053762,
            "current_ratio": 227.45,
            "debt_ratio": 57.75,
            "inventory_turnover_ratio": 1.46,
            "account_receivable_turnover_ratio": null,
            "reinvestment_rate": 351.58,
            "research_to_sale_ratio": null,
            "price_fair": 53.2,
            "eps_avg_yearly": 1.52,
            "eps_latest_yearly": 0.96,
            "eps_growth_yearly": 51.6
        },
        "20082": {
            "year_quarter": 20082,
            "year": 2008,
            "quarter": 2,
            "eps": 0.63,
            "eps_growth_year": 320,
            "eps_4q": 1.04,
            "eps_4q_growth_year": null,
            "roe": 5.49,
            "roe_4q": 9.7,
            "gross_profit": 551908,
            "gross_margin": 13.97,
            "gross_margin_4q_avg": 10.7,
            "net_income": 285527,
            "net_income_4q": null,
            "revenue": 3950240,
            "revenue_4q": null,
            "common_shares": 4248035,
            "book_valuer_per_share": 12.18,
            "book_valuer_per_share_4q_avg": 11.63,
            "equity": 5342740,
            "current_ratio": 233.51,
            "debt_ratio": 56.69,
            "inventory_turnover_ratio": 1.68,
            "account_receivable_turnover_ratio": null,
            "reinvestment_rate": 266.35,
            "research_to_sale_ratio": null,
            "price_fair": 57.68,
            "eps_avg_yearly": 1.65,
            "eps_latest_yearly": 2.52,
            "eps_growth_yearly": 172.3
        },
        "20083": {
            "year_quarter": 20083,
            "year": 2008,
            "quarter": 3,
            "eps": 0.17,
            "eps_growth_year": -29.17,
            "eps_4q": 1.06,
            "eps_4q_growth_year": null,
            "roe": 1.31,
            "roe_4q": 8.85,
            "gross_profit": 361304,
            "gross_margin": 12.82,
            "gross_margin_4q_avg": 11.58,
            "net_income": 70492,
            "net_income_4q": null,
            "revenue": 2817317,
            "revenue_4q": null,
            "common_shares": 4248035,
            "book_valuer_per_share": 12.42,
            "book_valuer_per_share_4q_avg": 11.88,
            "equity": 5441661,
            "current_ratio": 244.23,
            "debt_ratio": 53.29,
            "inventory_turnover_ratio": 1.08,
            "account_receivable_turnover_ratio": null,
            "reinvestment_rate": 586.15,
            "research_to_sale_ratio": null,
            "price_fair": 45.08,
            "eps_avg_yearly": 1.29,
            "eps_latest_yearly": 0.68,
            "eps_growth_yearly": 88.36
        },
        "20084": {
            "year_quarter": 20084,
            "year": 2008,
            "quarter": 4,
            "eps": -1.84,
            "eps_growth_year": null,
            "eps_4q": -0.65,
            "eps_4q_growth_year": -627.96,
            "roe": -17.22,
            "roe_4q": -8.129999999999999,
            "gross_profit": -659326,
            "gross_margin": -28.45,
            "gross_margin_4q_avg": 2.23,
            "net_income": -863898,
            "net_income_4q": null,
            "revenue": 2317589,
            "revenue_4q": null,
            "common_shares": 4248035,
            "book_valuer_per_share": 10.61,
            "book_valuer_per_share_4q_avg": 11.69,
            "equity": 4589278,
            "current_ratio": 239.29,
            "debt_ratio": 54.64,
            "inventory_turnover_ratio": 1.6,
            "account_receivable_turnover_ratio": 3.98,
            "reinvestment_rate": null,
            "research_to_sale_ratio": null,
            "price_fair": 44.45,
            "eps_avg_yearly": 1.27,
            "eps_latest_yearly": 0.68,
            "eps_growth_yearly": 155.61
        },
        "20091": {
            "year_quarter": 20091,
            "year": 2009,
            "quarter": 1,
            "eps": 0.63,
            "eps_growth_year": 133.33,
            "eps_4q": -0.37,
            "eps_4q_growth_year": -157.78,
            "roe": 6.32,
            "roe_4q": -4.099999999999998,
            "gross_profit": 535442,
            "gross_margin": 21.93,
            "gross_margin_4q_avg": 5.07,
            "net_income": 300265,
            "net_income_4q": null,
            "revenue": 2441334,
            "revenue_4q": null,
            "common_shares": 4248035,
            "book_valuer_per_share": 11.3,
            "book_valuer_per_share_4q_avg": 11.63,
            "equity": 4913283,
            "current_ratio": 245.95,
            "debt_ratio": 53.05,
            "inventory_turnover_ratio": 1.5,
            "account_receivable_turnover_ratio": 2.01,
            "reinvestment_rate": null,
            "research_to_sale_ratio": null,
            "price_fair": 44.45,
            "eps_avg_yearly": 1.27,
            "eps_latest_yearly": 0.68,
            "eps_growth_yearly": 155.61
        },
        "20092": {
            "year_quarter": 20092,
            "year": 2009,
            "quarter": 2,
            "eps": 0.44,
            "eps_growth_year": -30.16,
            "eps_4q": -0.55,
            "eps_4q_growth_year": -152.46,
            "roe": 4.04,
            "roe_4q": -5.549999999999999,
            "gross_profit": 553861,
            "gross_margin": 19.45,
            "gross_margin_4q_avg": 6.44,
            "net_income": 202712,
            "net_income_4q": null,
            "revenue": 2847925,
            "revenue_4q": null,
            "common_shares": 4248035,
            "book_valuer_per_share": 11.73,
            "book_valuer_per_share_4q_avg": 11.52,
            "equity": 5111574,
            "current_ratio": 259.24,
            "debt_ratio": 53.26,
            "inventory_turnover_ratio": 1.69,
            "account_receivable_turnover_ratio": 2.31,
            "reinvestment_rate": 442.35,
            "research_to_sale_ratio": null,
            "price_fair": 47.88,
            "eps_avg_yearly": 1.37,
            "eps_latest_yearly": 1.76,
            "eps_growth_yearly": 100.36
        },
        "20093": {
            "year_quarter": 20093,
            "year": 2009,
            "quarter": 3,
            "eps": 0.26,
            "eps_growth_year": 52.94,
            "eps_4q": -0.48,
            "eps_4q_growth_year": -145.48,
            "roe": 2.21,
            "roe_4q": -4.649999999999999,
            "gross_profit": 392613,
            "gross_margin": 13.89,
            "gross_margin_4q_avg": 6.71,
            "net_income": 114088,
            "net_income_4q": null,
            "revenue": 2825790,
            "revenue_4q": null,
            "common_shares": 4248035,
            "book_valuer_per_share": 11.96,
            "book_valuer_per_share_4q_avg": 11.4,
            "equity": 5211710,
            "current_ratio": 225.2,
            "debt_ratio": 53.06,
            "inventory_turnover_ratio": 1.69,
            "account_receivable_turnover_ratio": 2.23,
            "reinvestment_rate": 281.26,
            "research_to_sale_ratio": null,
            "price_fair": 45.97,
            "eps_avg_yearly": 1.31,
            "eps_latest_yearly": 1.04,
            "eps_growth_yearly": 56.36
        },
        "20094": {
            "year_quarter": 20094,
            "year": 2009,
            "quarter": 4,
            "eps": -0.13,
            "eps_growth_year": null,
            "eps_4q": 1.21,
            "eps_4q_growth_year": null,
            "roe": -1.38,
            "roe_4q": 11.190000000000001,
            "gross_profit": 203350,
            "gross_margin": 6.26,
            "gross_margin_4q_avg": 15.38,
            "net_income": -70949,
            "net_income_4q": null,
            "revenue": 3250607,
            "revenue_4q": null,
            "common_shares": 4248035,
            "book_valuer_per_share": 11.61,
            "book_valuer_per_share_4q_avg": 11.65,
            "equity": 5049065,
            "current_ratio": 181.8,
            "debt_ratio": 53.28,
            "inventory_turnover_ratio": 2.25,
            "account_receivable_turnover_ratio": 4.59,
            "reinvestment_rate": -284.37,
            "research_to_sale_ratio": null,
            "price_fair": 45.97,
            "eps_avg_yearly": 1.31,
            "eps_latest_yearly": 1.04,
            "eps_growth_yearly": 56.36
        },
        "20101": {
            "year_quarter": 20101,
            "year": 2010,
            "quarter": 1,
            "eps": 0.19,
            "eps_growth_year": -69.84,
            "eps_4q": 0.76,
            "eps_4q_growth_year": null,
            "roe": 1.75,
            "roe_4q": 6.62,
            "gross_profit": 354952,
            "gross_margin": 11.68,
            "gross_margin_4q_avg": 12.82,
            "net_income": 89098,
            "net_income_4q": null,
            "revenue": 3038759,
            "revenue_4q": null,
            "common_shares": 4248035,
            "book_valuer_per_share": 11.78,
            "book_valuer_per_share_4q_avg": 11.77,
            "equity": 5130358,
            "current_ratio": 177.88,
            "debt_ratio": 52.05,
            "inventory_turnover_ratio": 1.89,
            "account_receivable_turnover_ratio": 2.36,
            "reinvestment_rate": 433.24,
            "research_to_sale_ratio": 0.4,
            "price_fair": 45.97,
            "eps_avg_yearly": 1.31,
            "eps_latest_yearly": 1.04,
            "eps_growth_yearly": 56.36
        },
        "20102": {
            "year_quarter": 20102,
            "year": 2010,
            "quarter": 2,
            "eps": -0.15,
            "eps_growth_year": -134.15,
            "eps_4q": 0.17,
            "eps_4q_growth_year": null,
            "roe": -1.39,
            "roe_4q": 1.1900000000000002,
            "gross_profit": 179764,
            "gross_margin": 5.62,
            "gross_margin_4q_avg": 9.36,
            "net_income": -70050,
            "net_income_4q": null,
            "revenue": 3196091,
            "revenue_4q": null,
            "common_shares": 4248035,
            "book_valuer_per_share": 11.35,
            "book_valuer_per_share_4q_avg": 11.68,
            "equity": 4940492,
            "current_ratio": 168.31,
            "debt_ratio": 54.45,
            "inventory_turnover_ratio": 1.73,
            "account_receivable_turnover_ratio": 2.55,
            "reinvestment_rate": 762.28,
            "research_to_sale_ratio": 0.37,
            "price_fair": 45.97,
            "eps_avg_yearly": 1.31,
            "eps_latest_yearly": 1.04,
            "eps_growth_yearly": 56.36
        },
        "20103": {
            "year_quarter": 20103,
            "year": 2010,
            "quarter": 3,
            "eps": -0.12,
            "eps_growth_year": -144.81,
            "eps_4q": -0.21,
            "eps_4q_growth_year": null,
            "roe": -1.21,
            "roe_4q": -2.2299999999999995,
            "gross_profit": 172972,
            "gross_margin": 5.2,
            "gross_margin_4q_avg": 7.19,
            "net_income": -59439,
            "net_income_4q": null,
            "revenue": 3326423,
            "revenue_4q": null,
            "common_shares": 4248035,
            "book_valuer_per_share": 11.23,
            "book_valuer_per_share_4q_avg": 11.49,
            "equity": 4878270,
            "current_ratio": 159.92,
            "debt_ratio": 56.82,
            "inventory_turnover_ratio": 1.67,
            "account_receivable_turnover_ratio": 2.42,
            "reinvestment_rate": 3275.49,
            "research_to_sale_ratio": 0.42,
            "price_fair": 48.72,
            "eps_avg_yearly": 1.39,
            "eps_latest_yearly": 1.04,
            "eps_growth_yearly": 39.4
        },
        "20104": {
            "year_quarter": 20104,
            "year": 2010,
            "quarter": 4,
            "eps": 0.09,
            "eps_growth_year": null,
            "eps_4q": 0.01,
            "eps_4q_growth_year": -99.12,
            "roe": 0.93,
            "roe_4q": 0.08000000000000007,
            "gross_profit": 292329,
            "gross_margin": 8.61,
            "gross_margin_4q_avg": 7.78,
            "net_income": 46029,
            "net_income_4q": null,
            "revenue": 3394577,
            "revenue_4q": null,
            "common_shares": 4248035,
            "book_valuer_per_share": 11.44,
            "book_valuer_per_share_4q_avg": 11.45,
            "equity": 4975953,
            "current_ratio": 210.51,
            "debt_ratio": 53.32,
            "inventory_turnover_ratio": 1.6,
            "account_receivable_turnover_ratio": 2.58,
            "reinvestment_rate": 55.66,
            "research_to_sale_ratio": 0.41,
            "price_fair": 48.72,
            "eps_avg_yearly": 1.39,
            "eps_latest_yearly": 1.04,
            "eps_growth_yearly": 39.4
        },
        "20111": {
            "year_quarter": 20111,
            "year": 2011,
            "quarter": 1,
            "eps": 0.08,
            "eps_growth_year": -57.89,
            "eps_4q": -0.09,
            "eps_4q_growth_year": -112,
            "roe": 0.64,
            "roe_4q": -1.0299999999999998,
            "gross_profit": 290429,
            "gross_margin": 8.19,
            "gross_margin_4q_avg": 6.91,
            "net_income": 32012,
            "net_income_4q": null,
            "revenue": 3546497,
            "revenue_4q": null,
            "common_shares": 4248035,
            "book_valuer_per_share": 11.56,
            "book_valuer_per_share_4q_avg": 11.4,
            "equity": 5025837,
            "current_ratio": 184.82,
            "debt_ratio": 56.33,
            "inventory_turnover_ratio": 1.6,
            "account_receivable_turnover_ratio": 2.54,
            "reinvestment_rate": 680.69,
            "research_to_sale_ratio": 0.38,
            "price_fair": 42.47,
            "eps_avg_yearly": 1.21,
            "eps_latest_yearly": 0.32,
            "eps_growth_yearly": 25.43
        },
        "20112": {
            "year_quarter": 20112,
            "year": 2011,
            "quarter": 2,
            "eps": 0.51,
            "eps_growth_year": null,
            "eps_4q": 0.57,
            "eps_4q_growth_year": 243.41,
            "roe": 4.67,
            "roe_4q": 5.029999999999999,
            "gross_profit": 497928,
            "gross_margin": 13.32,
            "gross_margin_4q_avg": 8.83,
            "net_income": 239723,
            "net_income_4q": null,
            "revenue": 3737671,
            "revenue_4q": null,
            "common_shares": 4248035,
            "book_valuer_per_share": 12.03,
            "book_valuer_per_share_4q_avg": 11.57,
            "equity": 5246495,
            "current_ratio": 233.51,
            "debt_ratio": 53.3,
            "inventory_turnover_ratio": 1.61,
            "account_receivable_turnover_ratio": 2.64,
            "reinvestment_rate": 515.43,
            "research_to_sale_ratio": 0.37,
            "price_fair": 46.6,
            "eps_avg_yearly": 1.33,
            "eps_latest_yearly": 2.04,
            "eps_growth_yearly": 328.94
        },
        "20113": {
            "year_quarter": 20113,
            "year": 2011,
            "quarter": 3,
            "eps": -0.42,
            "eps_growth_year": null,
            "eps_4q": 0.26,
            "eps_4q_growth_year": null,
            "roe": -3.81,
            "roe_4q": 2.43,
            "gross_profit": 127668,
            "gross_margin": 4.67,
            "gross_margin_4q_avg": 8.7,
            "net_income": -196602,
            "net_income_4q": null,
            "revenue": 2734986,
            "revenue_4q": null,
            "common_shares": 4248035,
            "book_valuer_per_share": 11.69,
            "book_valuer_per_share_4q_avg": 11.68,
            "equity": 5084420,
            "current_ratio": 166.33,
            "debt_ratio": 56.44,
            "inventory_turnover_ratio": 1.33,
            "account_receivable_turnover_ratio": 2.25,
            "reinvestment_rate": 1365.29,
            "research_to_sale_ratio": 0.53,
            "price_fair": 48.77,
            "eps_avg_yearly": 1.39,
            "eps_latest_yearly": 2.04,
            "eps_growth_yearly": 343.76
        },
        "20114": {
            "year_quarter": 20114,
            "year": 2011,
            "quarter": 4,
            "eps": -0.39,
            "eps_growth_year": -530.16,
            "eps_4q": -0.22,
            "eps_4q_growth_year": -2130.59,
            "roe": -3.79,
            "roe_4q": -2.2899999999999996,
            "gross_profit": 44634,
            "gross_margin": 1.83,
            "gross_margin_4q_avg": 7,
            "net_income": -189820,
            "net_income_4q": null,
            "revenue": 2444436,
            "revenue_4q": null,
            "common_shares": 4248035,
            "book_valuer_per_share": 11.37,
            "book_valuer_per_share_4q_avg": 11.66,
            "equity": 4924500,
            "current_ratio": 183.34,
            "debt_ratio": 55.62,
            "inventory_turnover_ratio": 1.35,
            "account_receivable_turnover_ratio": 1.8,
            "reinvestment_rate": 3710.48,
            "research_to_sale_ratio": 0.61,
            "price_fair": 48.77,
            "eps_avg_yearly": 1.39,
            "eps_latest_yearly": 2.04,
            "eps_growth_yearly": 343.76
        },
        "20121": {
            "year_quarter": 20121,
            "year": 2012,
            "quarter": 1,
            "eps": 0.73,
            "eps_growth_year": 812.5,
            "eps_4q": 0.43,
            "eps_4q_growth_year": null,
            "roe": 7.06,
            "roe_4q": 4.129999999999999,
            "gross_profit": 617854,
            "gross_margin": 17.15,
            "gross_margin_4q_avg": 9.24,
            "net_income": 360089,
            "net_income_4q": null,
            "revenue": 3603669,
            "revenue_4q": null,
            "common_shares": 4248035,
            "book_valuer_per_share": 12.09,
            "book_valuer_per_share_4q_avg": 11.8,
            "equity": 5282323,
            "current_ratio": 232.3,
            "debt_ratio": 53.98,
            "inventory_turnover_ratio": 1.74,
            "account_receivable_turnover_ratio": 2.33,
            "reinvestment_rate": 572.65,
            "research_to_sale_ratio": 0.38,
            "price_fair": 48.77,
            "eps_avg_yearly": 1.39,
            "eps_latest_yearly": 2.04,
            "eps_growth_yearly": 343.76
        },
        "20122": {
            "year_quarter": 20122,
            "year": 2012,
            "quarter": 2,
            "eps": 0.33,
            "eps_growth_year": -35.49,
            "eps_4q": 0.25,
            "eps_4q_growth_year": -56.8,
            "roe": 3.09,
            "roe_4q": 2.5499999999999985,
            "gross_profit": 418319,
            "gross_margin": 11.82,
            "gross_margin_4q_avg": 8.87,
            "net_income": 165791,
            "net_income_4q": null,
            "revenue": 3539228,
            "revenue_4q": null,
            "common_shares": 4248035,
            "book_valuer_per_share": 12.41,
            "book_valuer_per_share_4q_avg": 11.89,
            "equity": 5443163,
            "current_ratio": 211.38,
            "debt_ratio": 51.63,
            "inventory_turnover_ratio": 1.76,
            "account_receivable_turnover_ratio": 2.34,
            "reinvestment_rate": 1569.27,
            "research_to_sale_ratio": 0.43,
            "price_fair": 41.77,
            "eps_avg_yearly": 1.19,
            "eps_latest_yearly": 1.32,
            "eps_growth_yearly": 218.34
        },
        "20123": {
            "year_quarter": 20123,
            "year": 2012,
            "quarter": 3,
            "eps": 0.51,
            "eps_growth_year": null,
            "eps_4q": 1.18,
            "eps_4q_growth_year": 344.67,
            "roe": 4.23,
            "roe_4q": 10.59,
            "gross_profit": 560863,
            "gross_margin": 15.76,
            "gross_margin_4q_avg": 11.64,
            "net_income": 235084,
            "net_income_4q": null,
            "revenue": 3557786,
            "revenue_4q": null,
            "common_shares": 4248035,
            "book_valuer_per_share": 12.9,
            "book_valuer_per_share_4q_avg": 12.19,
            "equity": 5670323,
            "current_ratio": 222.54,
            "debt_ratio": 49.18,
            "inventory_turnover_ratio": 1.9,
            "account_receivable_turnover_ratio": 2.35,
            "reinvestment_rate": 594.06,
            "research_to_sale_ratio": 0.44,
            "price_fair": 49.7,
            "eps_avg_yearly": 1.42,
            "eps_latest_yearly": 2.04,
            "eps_growth_yearly": 303.38
        },
        "20124": {
            "year_quarter": 20124,
            "year": 2012,
            "quarter": 4,
            "eps": 0.31,
            "eps_growth_year": null,
            "eps_4q": 1.88,
            "eps_4q_growth_year": null,
            "roe": 2.61,
            "roe_4q": 16.99,
            "gross_profit": 419797,
            "gross_margin": 12.11,
            "gross_margin_4q_avg": 14.21,
            "net_income": 149667,
            "net_income_4q": null,
            "revenue": 3465475,
            "revenue_4q": null,
            "common_shares": 4248035,
            "book_valuer_per_share": 13.17,
            "book_valuer_per_share_4q_avg": 12.64,
            "equity": 5799715,
            "current_ratio": 226.21,
            "debt_ratio": 47.71,
            "inventory_turnover_ratio": 2.2,
            "account_receivable_turnover_ratio": 2.39,
            "reinvestment_rate": 88.86,
            "research_to_sale_ratio": 0.46,
            "price_fair": 48.8,
            "eps_avg_yearly": 1.39,
            "eps_latest_yearly": 1.24,
            "eps_growth_yearly": 237.63
        },
        "20131": {
            "year_quarter": 20131,
            "year": 2013,
            "quarter": 1,
            "eps": 0.76,
            "eps_growth_year": 4.11,
            "eps_4q": 1.91,
            "eps_4q_growth_year": 346.1,
            "roe": 5.96,
            "roe_4q": 15.89,
            "gross_profit": 600157,
            "gross_margin": 18.74,
            "gross_margin_4q_avg": 14.61,
            "net_income": 352668,
            "net_income_4q": null,
            "revenue": 3201923,
            "revenue_4q": null,
            "common_shares": 4248035,
            "book_valuer_per_share": 13.67,
            "book_valuer_per_share_4q_avg": 13.04,
            "equity": 6035540,
            "current_ratio": 229.14,
            "debt_ratio": 47.94,
            "inventory_turnover_ratio": 1.62,
            "account_receivable_turnover_ratio": 2.43,
            "reinvestment_rate": 113.33,
            "research_to_sale_ratio": 0.33,
            "price_fair": 56,
            "eps_avg_yearly": 1.6,
            "eps_latest_yearly": 3.04,
            "eps_growth_yearly": 280.51
        },
        "20132": {
            "year_quarter": 20132,
            "year": 2013,
            "quarter": 2,
            "eps": 0.35,
            "eps_growth_year": 5.9,
            "eps_4q": 1.84,
            "eps_4q_growth_year": 645.6,
            "roe": 2.76,
            "roe_4q": 15.559999999999999,
            "gross_profit": 474301,
            "gross_margin": 11.89,
            "gross_margin_4q_avg": 14.63,
            "net_income": 166695,
            "net_income_4q": null,
            "revenue": 3988361,
            "revenue_4q": null,
            "common_shares": 4248035,
            "book_valuer_per_share": 13.65,
            "book_valuer_per_share_4q_avg": 13.35,
            "equity": 6038642,
            "current_ratio": 216,
            "debt_ratio": 49.21,
            "inventory_turnover_ratio": 2.04,
            "account_receivable_turnover_ratio": 2.71,
            "reinvestment_rate": 131.16,
            "research_to_sale_ratio": 0.24,
            "price_fair": 54.43,
            "eps_avg_yearly": 1.56,
            "eps_latest_yearly": 1.4,
            "eps_growth_yearly": 268.61
        },
        "20133": {
            "year_quarter": 20133,
            "year": 2013,
            "quarter": 3,
            "eps": 0.29,
            "eps_growth_year": -42.58,
            "eps_4q": 1.65,
            "eps_4q_growth_year": 40.39,
            "roe": 2.3,
            "roe_4q": 13.629999999999999,
            "gross_profit": 460556,
            "gross_margin": 13.06,
            "gross_margin_4q_avg": 13.95,
            "net_income": 140222,
            "net_income_4q": null,
            "revenue": 3526525,
            "revenue_4q": null,
            "common_shares": 4502917,
            "book_valuer_per_share": 13.17,
            "book_valuer_per_share_4q_avg": 13.42,
            "equity": 6178675,
            "current_ratio": 247.28,
            "debt_ratio": 46.35,
            "inventory_turnover_ratio": 2.09,
            "account_receivable_turnover_ratio": 2.36,
            "reinvestment_rate": 123.46,
            "research_to_sale_ratio": 0.28,
            "price_fair": 54.95,
            "eps_avg_yearly": 1.57,
            "eps_latest_yearly": 1.16,
            "eps_growth_yearly": 280.5
        },
        "20134": {
            "year_quarter": 20134,
            "year": 2013,
            "quarter": 4,
            "eps": 0.32,
            "eps_growth_year": 1.61,
            "eps_4q": 1.67,
            "eps_4q_growth_year": -10.91,
            "roe": 2.49,
            "roe_4q": 13.51,
            "gross_profit": 428300,
            "gross_margin": 12.33,
            "gross_margin_4q_avg": 14.01,
            "net_income": 155251,
            "net_income_4q": null,
            "revenue": 3474510,
            "revenue_4q": null,
            "common_shares": 4502917,
            "book_valuer_per_share": 13.44,
            "book_valuer_per_share_4q_avg": 13.48,
            "equity": 6312819,
            "current_ratio": 269.14,
            "debt_ratio": 45.07,
            "inventory_turnover_ratio": 2,
            "account_receivable_turnover_ratio": 2.59,
            "reinvestment_rate": 93.35,
            "research_to_sale_ratio": 0.71,
            "price_fair": 53.82,
            "eps_avg_yearly": 1.54,
            "eps_latest_yearly": 1.28,
            "eps_growth_yearly": 253.93
        },
        "20141": {
            "year_quarter": 20141,
            "year": 2014,
            "quarter": 1,
            "eps": 0.34,
            "eps_growth_year": -55.26,
            "eps_4q": 1.29,
            "eps_4q_growth_year": -32.32,
            "roe": 2.53,
            "roe_4q": 10.079999999999998,
            "gross_profit": 434615,
            "gross_margin": 12.32,
            "gross_margin_4q_avg": 12.4,
            "net_income": 161904,
            "net_income_4q": null,
            "revenue": 3528563,
            "revenue_4q": null,
            "common_shares": 4502917,
            "book_valuer_per_share": 13.79,
            "book_valuer_per_share_4q_avg": 13.51,
            "equity": 6479445,
            "current_ratio": 227.83,
            "debt_ratio": 46.34,
            "inventory_turnover_ratio": 1.8,
            "account_receivable_turnover_ratio": 2.58,
            "reinvestment_rate": 85.96,
            "research_to_sale_ratio": 0.32,
            "price_fair": 53.2,
            "eps_avg_yearly": 1.52,
            "eps_latest_yearly": 1.36,
            "eps_growth_yearly": 231.04
        },
        "20142": {
            "year_quarter": 20142,
            "year": 2014,
            "quarter": 2,
            "eps": -0.05,
            "eps_growth_year": -114.29,
            "eps_4q": 0.86,
            "eps_4q_growth_year": -53.08,
            "roe": -0.4,
            "roe_4q": 6.92,
            "gross_profit": 298091,
            "gross_margin": 7.14,
            "gross_margin_4q_avg": 11.21,
            "net_income": -25259,
            "net_income_4q": null,
            "revenue": 4177709,
            "revenue_4q": null,
            "common_shares": 4502917,
            "book_valuer_per_share": 12.92,
            "book_valuer_per_share_4q_avg": 13.33,
            "equity": 6084764,
            "current_ratio": 202.38,
            "debt_ratio": 48.84,
            "inventory_turnover_ratio": 2.27,
            "account_receivable_turnover_ratio": 2.71,
            "reinvestment_rate": 84.83,
            "research_to_sale_ratio": 0.28,
            "price_fair": 53.2,
            "eps_avg_yearly": 1.52,
            "eps_latest_yearly": 1.36,
            "eps_growth_yearly": 231.04
        },
        "20143": {
            "year_quarter": 20143,
            "year": 2014,
            "quarter": 3,
            "eps": 0.1,
            "eps_growth_year": -65.52,
            "eps_4q": 0.68,
            "eps_4q_growth_year": -58.6,
            "roe": 0.78,
            "roe_4q": 5.4,
            "gross_profit": 294988,
            "gross_margin": 8.12,
            "gross_margin_4q_avg": 9.98,
            "net_income": 47656,
            "net_income_4q": null,
            "revenue": 3633713,
            "revenue_4q": null,
            "common_shares": 4683034,
            "book_valuer_per_share": 12.52,
            "book_valuer_per_share_4q_avg": 13.17,
            "equity": 6131984,
            "current_ratio": 199.66,
            "debt_ratio": 49.24,
            "inventory_turnover_ratio": 1.86,
            "account_receivable_turnover_ratio": 2.13,
            "reinvestment_rate": 65.73,
            "research_to_sale_ratio": 0.33,
            "price_fair": 53.2,
            "eps_avg_yearly": 1.52,
            "eps_latest_yearly": 1.36,
            "eps_growth_yearly": 231.04
        },
        "20144": {
            "year_quarter": 20144,
            "year": 2014,
            "quarter": 4,
            "eps": -0.12,
            "eps_growth_year": -139.18,
            "eps_4q": 0.25,
            "eps_4q_growth_year": -84.82,
            "roe": -1.01,
            "roe_4q": 1.9,
            "gross_profit": 109203,
            "gross_margin": 3.39,
            "gross_margin_4q_avg": 7.74,
            "net_income": -61906,
            "net_income_4q": null,
            "revenue": 3219846,
            "revenue_4q": null,
            "common_shares": 4683034,
            "book_valuer_per_share": 12.41,
            "book_valuer_per_share_4q_avg": 12.91,
            "equity": 6078322,
            "current_ratio": 213.44,
            "debt_ratio": 46.53,
            "inventory_turnover_ratio": 1.56,
            "account_receivable_turnover_ratio": 2.13,
            "reinvestment_rate": 58.83,
            "research_to_sale_ratio": 0.37,
            "price_fair": 53.2,
            "eps_avg_yearly": 1.52,
            "eps_latest_yearly": 1.36,
            "eps_growth_yearly": 231.04
        },
        "20151": {
            "year_quarter": 20151,
            "year": 2015,
            "quarter": 1,
            "eps": 0.35,
            "eps_growth_year": 2.94,
            "eps_4q": 0.27,
            "eps_4q_growth_year": -79.11,
            "roe": 2.76,
            "roe_4q": 2.13,
            "gross_profit": 502393,
            "gross_margin": 13.72,
            "gross_margin_4q_avg": 8.09,
            "net_income": 169793,
            "net_income_4q": null,
            "revenue": 3661067,
            "revenue_4q": null,
            "common_shares": 4683034,
            "book_valuer_per_share": 12.73,
            "book_valuer_per_share_4q_avg": 12.65,
            "equity": 6233736,
            "current_ratio": 221.97,
            "debt_ratio": 46.49,
            "inventory_turnover_ratio": 1.73,
            "account_receivable_turnover_ratio": 2.61,
            "reinvestment_rate": 37.46,
            "research_to_sale_ratio": 0.34,
            "price_fair": 57.87,
            "eps_avg_yearly": 1.65,
            "eps_latest_yearly": 1.36,
            "eps_growth_yearly": 261.64
        },
        "20152": {
            "year_quarter": 20152,
            "year": 2015,
            "quarter": 2,
            "eps": 0.54,
            "eps_growth_year": null,
            "eps_4q": 0.86,
            "eps_4q_growth_year": -0.8,
            "roe": 4.26,
            "roe_4q": 6.79,
            "gross_profit": 596924,
            "gross_margin": 16.2,
            "gross_margin_4q_avg": 10.36,
            "net_income": 268713,
            "net_income_4q": null,
            "revenue": 3684854,
            "revenue_4q": null,
            "common_shares": 4683034,
            "book_valuer_per_share": 13.04,
            "book_valuer_per_share_4q_avg": 12.68,
            "equity": 6393814,
            "current_ratio": 202.19,
            "debt_ratio": 50.08,
            "inventory_turnover_ratio": 1.79,
            "account_receivable_turnover_ratio": 2.44,
            "reinvestment_rate": 18.46,
            "research_to_sale_ratio": 0.33,
            "price_fair": 58.33,
            "eps_avg_yearly": 1.67,
            "eps_latest_yearly": 2.16,
            "eps_growth_yearly": 46.88
        },
        "20153": {
            "year_quarter": 20153,
            "year": 2015,
            "quarter": 3,
            "eps": 0.18,
            "eps_growth_year": 80,
            "eps_4q": 0.94,
            "eps_4q_growth_year": 37.39,
            "roe": 1.29,
            "roe_4q": 7.299999999999999,
            "gross_profit": 306153,
            "gross_margin": 10.33,
            "gross_margin_4q_avg": 10.91,
            "net_income": 83207,
            "net_income_4q": null,
            "revenue": 2964122,
            "revenue_4q": null,
            "common_shares": 4683034,
            "book_valuer_per_share": 13.28,
            "book_valuer_per_share_4q_avg": 12.87,
            "equity": 6506971,
            "current_ratio": 214.7,
            "debt_ratio": 46.05,
            "inventory_turnover_ratio": 1.46,
            "account_receivable_turnover_ratio": 1.95,
            "reinvestment_rate": 10.02,
            "research_to_sale_ratio": 0.4,
            "price_fair": 40.13,
            "eps_avg_yearly": 1.57,
            "eps_latest_yearly": 0.72,
            "eps_growth_yearly": 15.53
        },
        "20154": {
            "year_quarter": 20154,
            "year": 2015,
            "quarter": 4,
            "eps": 0.58,
            "eps_growth_year": null,
            "eps_4q": 1.64,
            "eps_4q_growth_year": 545.52,
            "roe": 4.37,
            "roe_4q": 12.68,
            "gross_profit": 543002,
            "gross_margin": 15.37,
            "gross_margin_4q_avg": 13.91,
            "net_income": 290705,
            "net_income_4q": null,
            "revenue": 3532112,
            "revenue_4q": null,
            "common_shares": 4683034,
            "book_valuer_per_share": 13.83,
            "book_valuer_per_share_4q_avg": 13.22,
            "equity": 6785176,
            "current_ratio": 245,
            "debt_ratio": 45.16,
            "inventory_turnover_ratio": 1.65,
            "account_receivable_turnover_ratio": 2.48,
            "reinvestment_rate": 6.48,
            "research_to_sale_ratio": 0.35,
            "price_fair": 57.4,
            "eps_avg_yearly": 1.64,
            "eps_latest_yearly": 2.32,
            "eps_growth_yearly": 94.92
        },
        "20161": {
            "year_quarter": 20161,
            "year": 2016,
            "quarter": 1,
            "eps": 0.38,
            "eps_growth_year": 8.57,
            "eps_4q": 1.67,
            "eps_4q_growth_year": 518.63,
            "roe": 2.79,
            "roe_4q": 12.709999999999999,
            "gross_profit": 566300,
            "gross_margin": 15.04,
            "gross_margin_4q_avg": 14.24,
            "net_income": 191844,
            "net_income_4q": null,
            "revenue": 3765844,
            "revenue_4q": null,
            "common_shares": 4683034,
            "book_valuer_per_share": 14.19,
            "book_valuer_per_share_4q_avg": 13.59,
            "equity": 6968803,
            "current_ratio": 233.18,
            "debt_ratio": 44.71,
            "inventory_turnover_ratio": 1.88,
            "account_receivable_turnover_ratio": 2.67,
            "reinvestment_rate": 2.61,
            "research_to_sale_ratio": 0.3,
            "price_fair": 57.05,
            "eps_avg_yearly": 1.63,
            "eps_latest_yearly": 1.52,
            "eps_growth_yearly": 75.52
        },
        "20162": {
            "year_quarter": 20162,
            "year": 2016,
            "quarter": 2,
            "eps": 0.86,
            "eps_growth_year": 59.26,
            "eps_4q": 1.95,
            "eps_4q_growth_year": 127.69,
            "roe": 6.13,
            "roe_4q": 14.579999999999998,
            "gross_profit": 777632,
            "gross_margin": 22.04,
            "gross_margin_4q_avg": 15.7,
            "net_income": 424404,
            "net_income_4q": null,
            "revenue": 3527506,
            "revenue_4q": null,
            "common_shares": 4683034,
            "book_valuer_per_share": 14.03,
            "book_valuer_per_share_4q_avg": 13.83,
            "equity": 6889023,
            "current_ratio": 226.26,
            "debt_ratio": 45.28,
            "inventory_turnover_ratio": 1.76,
            "account_receivable_turnover_ratio": 2.54,
            "reinvestment_rate": 6.82,
            "research_to_sale_ratio": 0.34,
            "price_fair": 63.23,
            "eps_avg_yearly": 1.81,
            "eps_latest_yearly": 3.44,
            "eps_growth_yearly": 135.89
        },
        "20163": {
            "year_quarter": 20163,
            "year": 2016,
            "quarter": 3,
            "eps": 0.6,
            "eps_growth_year": 233.33,
            "eps_4q": 2.38,
            "eps_4q_growth_year": 153.64,
            "roe": 4.28,
            "roe_4q": 17.57,
            "gross_profit": 642169,
            "gross_margin": 19.11,
            "gross_margin_4q_avg": 17.89,
            "net_income": 301095,
            "net_income_4q": null,
            "revenue": 3360245,
            "revenue_4q": null,
            "common_shares": 4776695,
            "book_valuer_per_share": 14.33,
            "book_valuer_per_share_4q_avg": 14.1,
            "equity": 7179538,
            "current_ratio": 293.18,
            "debt_ratio": 39.98,
            "inventory_turnover_ratio": 1.87,
            "account_receivable_turnover_ratio": 2.71,
            "reinvestment_rate": 8.62,
            "research_to_sale_ratio": 0.35,
            "price_fair": 64.28,
            "eps_avg_yearly": 1.84,
            "eps_latest_yearly": 2.4,
            "eps_growth_yearly": 107.63
        },
        "20164": {
            "year_quarter": 20164,
            "year": 2016,
            "quarter": 4,
            "eps": 1.21,
            "eps_growth_year": 109.26,
            "eps_4q": 3.02,
            "eps_4q_growth_year": 84.33,
            "roe": 8.38,
            "roe_4q": 21.58,
            "gross_profit": 954268,
            "gross_margin": 27.24,
            "gross_margin_4q_avg": 20.86,
            "net_income": 625741,
            "net_income_4q": null,
            "revenue": 3503794,
            "revenue_4q": null,
            "common_shares": 4776695,
            "book_valuer_per_share": 15.44,
            "book_valuer_per_share_4q_avg": 14.5,
            "equity": 7755820,
            "current_ratio": 290.31,
            "debt_ratio": 41.72,
            "inventory_turnover_ratio": 1.66,
            "account_receivable_turnover_ratio": 2.7,
            "reinvestment_rate": 19.2,
            "research_to_sale_ratio": 0.41,
            "price_fair": 74.78,
            "eps_avg_yearly": 2.14,
            "eps_latest_yearly": 4.84,
            "eps_growth_yearly": 154.59
        },
        "20171": {
            "year_quarter": 20171,
            "year": 2017,
            "quarter": 1,
            "eps": 0.79,
            "eps_growth_year": 107.89,
            "eps_4q": 3.44,
            "eps_4q_growth_year": 105.88,
            "roe": 5.28,
            "roe_4q": 24.07,
            "gross_profit": 852880,
            "gross_margin": 23.11,
            "gross_margin_4q_avg": 22.88,
            "net_income": 420083,
            "net_income_4q": null,
            "revenue": 3691270,
            "revenue_4q": null,
            "common_shares": 4776695,
            "book_valuer_per_share": 16.17,
            "book_valuer_per_share_4q_avg": 14.99,
            "equity": 8144794,
            "current_ratio": 317.15,
            "debt_ratio": 39.21,
            "inventory_turnover_ratio": 1.51,
            "account_receivable_turnover_ratio": 2.49,
            "reinvestment_rate": 3.22,
            "research_to_sale_ratio": 0.34,
            "price_fair": 75.13,
            "eps_avg_yearly": 2.15,
            "eps_latest_yearly": 3.16,
            "eps_growth_yearly": 94.63
        },
        "20172": {
            "year_quarter": 20172,
            "year": 2017,
            "quarter": 2,
            "eps": 0.51,
            "eps_growth_year": -40.7,
            "eps_4q": 3.04,
            "eps_4q_growth_year": 55.9,
            "roe": 3.29,
            "roe_4q": 21.230000000000004,
            "gross_profit": 602176,
            "gross_margin": 16.62,
            "gross_margin_4q_avg": 21.52,
            "net_income": 257884,
            "net_income_4q": null,
            "revenue": 3623331,
            "revenue_4q": null,
            "common_shares": 4776695,
            "book_valuer_per_share": 15,
            "book_valuer_per_share_4q_avg": 15.24,
            "equity": 7539826,
            "current_ratio": 239.03,
            "debt_ratio": 41.91,
            "inventory_turnover_ratio": 1.37,
            "account_receivable_turnover_ratio": 2.45,
            "reinvestment_rate": 16.22,
            "research_to_sale_ratio": 0.31,
            "price_fair": 77,
            "eps_avg_yearly": 2.2,
            "eps_latest_yearly": 2.04,
            "eps_growth_yearly": 100.8
        },
        "20173": {
            "year_quarter": 20173,
            "year": 2017,
            "quarter": 3,
            "eps": 0.56,
            "eps_growth_year": -6.67,
            "eps_4q": 3.01,
            "eps_4q_growth_year": 26.51,
            "roe": 3.56,
            "roe_4q": 20.509999999999998,
            "gross_profit": 570940,
            "gross_margin": 15.8,
            "gross_margin_4q_avg": 20.69,
            "net_income": 273645,
            "net_income_4q": null,
            "revenue": 3613528,
            "revenue_4q": null,
            "common_shares": 4919996,
            "book_valuer_per_share": 15.14,
            "book_valuer_per_share_4q_avg": 15.44,
            "equity": 7821192,
            "current_ratio": 340.64,
            "debt_ratio": 35.63,
            "inventory_turnover_ratio": 1.43,
            "account_receivable_turnover_ratio": 2.61,
            "reinvestment_rate": 14.93,
            "research_to_sale_ratio": 0.33,
            "price_fair": 80.15,
            "eps_avg_yearly": 2.29,
            "eps_latest_yearly": 2.24,
            "eps_growth_yearly": 109.78
        },
        "20174": {
            "year_quarter": 20174,
            "year": 2017,
            "quarter": 4,
            "eps": 0.74,
            "eps_growth_year": -38.55,
            "eps_4q": 2.58,
            "eps_4q_growth_year": -14.57,
            "roe": 4.84,
            "roe_4q": 16.970000000000002,
            "gross_profit": 750935,
            "gross_margin": 19.9,
            "gross_margin_4q_avg": 18.86,
            "net_income": 387662,
            "net_income_4q": null,
            "revenue": 3773612,
            "revenue_4q": null,
            "common_shares": 4919996,
            "book_valuer_per_share": 15.87,
            "book_valuer_per_share_4q_avg": 15.55,
            "equity": 8200848,
            "current_ratio": 335.6,
            "debt_ratio": 35.29,
            "inventory_turnover_ratio": 1.6,
            "account_receivable_turnover_ratio": 2.5,
            "reinvestment_rate": 17.25,
            "research_to_sale_ratio": 0.33,
            "price_fair": 85.05,
            "eps_avg_yearly": 2.43,
            "eps_latest_yearly": 2.96,
            "eps_growth_yearly": 117.05
        },
        "20181": {
            "year_quarter": 20181,
            "year": 2018,
            "quarter": 1,
            "eps": 1.1,
            "eps_growth_year": 39.24,
            "eps_4q": 2.91,
            "eps_4q_growth_year": -15.37,
            "roe": 6.87,
            "roe_4q": 18.560000000000002,
            "gross_profit": 970114,
            "gross_margin": 23.41,
            "gross_margin_4q_avg": 18.93,
            "net_income": 583638,
            "net_income_4q": null,
            "revenue": 4144200,
            "revenue_4q": null,
            "common_shares": 4919996,
            "book_valuer_per_share": 16.99,
            "book_valuer_per_share_4q_avg": 15.75,
            "equity": 8795297,
            "current_ratio": 368.67,
            "debt_ratio": 31.47,
            "inventory_turnover_ratio": 1.82,
            "account_receivable_turnover_ratio": 2.6,
            "reinvestment_rate": 13.41,
            "research_to_sale_ratio": 0.34,
            "price_fair": 93.92,
            "eps_avg_yearly": 2.68,
            "eps_latest_yearly": 4.4,
            "eps_growth_yearly": 131.18
        },
        "20182": {
            "year_quarter": 20182,
            "year": 2018,
            "quarter": 2,
            "eps": 0.76,
            "eps_growth_year": 49.02,
            "eps_4q": 3.09,
            "eps_4q_growth_year": 1.54,
            "roe": 4.85,
            "roe_4q": 20.119999999999997,
            "gross_profit": 799668,
            "gross_margin": 21.74,
            "gross_margin_4q_avg": 20.21,
            "net_income": 418306,
            "net_income_4q": null,
            "revenue": 3678358,
            "revenue_4q": null,
            "common_shares": 4919996,
            "book_valuer_per_share": 16.3,
            "book_valuer_per_share_4q_avg": 16.08,
            "equity": 8455664,
            "current_ratio": 269.12,
            "debt_ratio": 36.37,
            "inventory_turnover_ratio": 1.74,
            "account_receivable_turnover_ratio": 2.38,
            "reinvestment_rate": 9.84,
            "research_to_sale_ratio": 0.37,
            "price_fair": 94.88,
            "eps_avg_yearly": 2.71,
            "eps_latest_yearly": 3.04,
            "eps_growth_yearly": 111.58
        },
        "20183": {
            "year_quarter": 20183,
            "year": 2018,
            "quarter": 3,
            "eps": 0.47,
            "eps_growth_year": -16.07,
            "eps_4q": 3.01,
            "eps_4q_growth_year": 0.13,
            "roe": 2.88,
            "roe_4q": 19.439999999999998,
            "gross_profit": 535326,
            "gross_margin": 15.4,
            "gross_margin_4q_avg": 20.11,
            "net_income": 247530,
            "net_income_4q": null,
            "revenue": 3475990,
            "revenue_4q": null,
            "common_shares": 5067596,
            "book_valuer_per_share": 16.32,
            "book_valuer_per_share_4q_avg": 16.37,
            "equity": 8711429,
            "current_ratio": 307.67,
            "debt_ratio": 33.61,
            "inventory_turnover_ratio": 1.56,
            "account_receivable_turnover_ratio": 2.23,
            "reinvestment_rate": 10.49,
            "research_to_sale_ratio": 0.38,
            "price_fair": 92.8,
            "eps_avg_yearly": 2.65,
            "eps_latest_yearly": 1.88,
            "eps_growth_yearly": 92.71
        },
        "20184": {
            "year_quarter": 20184,
            "year": 2018,
            "quarter": 4,
            "eps": 0.22,
            "eps_growth_year": -69.89,
            "eps_4q": 2.52,
            "eps_4q_growth_year": -2.43,
            "roe": 1.22,
            "roe_4q": 15.82,
            "gross_profit": 397455,
            "gross_margin": 10.21,
            "gross_margin_4q_avg": 17.69,
            "net_income": 106646,
            "net_income_4q": null,
            "revenue": 3894073,
            "revenue_4q": null,
            "common_shares": 5067596,
            "book_valuer_per_share": 16.53,
            "book_valuer_per_share_4q_avg": 16.54,
            "equity": 8811104,
            "current_ratio": 299.58,
            "debt_ratio": 33.37,
            "inventory_turnover_ratio": 1.84,
            "account_receivable_turnover_ratio": 2.33,
            "reinvestment_rate": 16.03,
            "research_to_sale_ratio": 0.31,
            "price_fair": 88.67,
            "eps_avg_yearly": 2.53,
            "eps_latest_yearly": 0.88,
            "eps_growth_yearly": 72.34
        },
        "20191": {
            "year_quarter": 20191,
            "year": 2019,
            "quarter": 1,
            "eps": 0.36,
            "eps_growth_year": -67.27,
            "eps_4q": 1.81,
            "eps_4q_growth_year": -37.75,
            "roe": 2.14,
            "roe_4q": 11.09,
            "gross_profit": 448517,
            "gross_margin": 13.9,
            "gross_margin_4q_avg": 15.31,
            "net_income": 190968,
            "net_income_4q": null,
            "revenue": 3227707,
            "revenue_4q": null,
            "common_shares": 5067596,
            "book_valuer_per_share": 16.89,
            "book_valuer_per_share_4q_avg": 16.51,
            "equity": 9002011,
            "current_ratio": 295.26,
            "debt_ratio": 32.03,
            "inventory_turnover_ratio": 1.3,
            "account_receivable_turnover_ratio": 1.87,
            "reinvestment_rate": 16.88,
            "research_to_sale_ratio": 0.43,
            "price_fair": 86.28,
            "eps_avg_yearly": 2.47,
            "eps_latest_yearly": 1.44,
            "eps_growth_yearly": 83.73
        },
        "20192": {
            "year_quarter": 20192,
            "year": 2019,
            "quarter": 2,
            "eps": 0.09,
            "eps_growth_year": -88.16,
            "eps_4q": 1.11,
            "eps_4q_growth_year": -63.99,
            "roe": 0.55,
            "roe_4q": 6.79,
            "gross_profit": 355625,
            "gross_margin": 8.17,
            "gross_margin_4q_avg": 11.92,
            "net_income": 47728,
            "net_income_4q": null,
            "revenue": 4354571,
            "revenue_4q": null,
            "common_shares": 5067596,
            "book_valuer_per_share": 15.51,
            "book_valuer_per_share_4q_avg": 16.31,
            "equity": 8273051,
            "current_ratio": 222.5,
            "debt_ratio": 37.01,
            "inventory_turnover_ratio": 1.79,
            "account_receivable_turnover_ratio": 2.39,
            "reinvestment_rate": 18.56,
            "research_to_sale_ratio": 0.32,
            "price_fair": 82.34,
            "eps_avg_yearly": 2.35,
            "eps_latest_yearly": 0.36,
            "eps_growth_yearly": 51.41
        },
        "20193": {
            "year_quarter": 20193,
            "year": 2019,
            "quarter": 3,
            "eps": 0.32,
            "eps_growth_year": -31.91,
            "eps_4q": 0.98,
            "eps_4q_growth_year": -67.46,
            "roe": 2.25,
            "roe_4q": 6.159999999999999,
            "gross_profit": 523791,
            "gross_margin": 13.69,
            "gross_margin_4q_avg": 11.49,
            "net_income": 187920,
            "net_income_4q": null,
            "revenue": 3824886,
            "revenue_4q": null,
            "common_shares": 5270299,
            "book_valuer_per_share": 15.21,
            "book_valuer_per_share_4q_avg": 16.04,
            "equity": 8446249,
            "current_ratio": 298.43,
            "debt_ratio": 31.43,
            "inventory_turnover_ratio": 1.88,
            "account_receivable_turnover_ratio": 2.04,
            "reinvestment_rate": 15.7,
            "research_to_sale_ratio": 0.39,
            "price_fair": 83.56,
            "eps_avg_yearly": 2.39,
            "eps_latest_yearly": 1.28,
            "eps_growth_yearly": 131.97
        },
        "20194": {
            "year_quarter": 20194,
            "year": 2019,
            "quarter": 4,
            "eps": 0.45,
            "eps_growth_year": 102.94,
            "eps_4q": 1.22,
            "eps_4q_growth_year": -51.58,
            "roe": 3.16,
            "roe_4q": 8.1,
            "gross_profit": 641547,
            "gross_margin": 17.29,
            "gross_margin_4q_avg": 13.26,
            "net_income": 271374,
            "net_income_4q": null,
            "revenue": 3710691,
            "revenue_4q": null,
            "common_shares": 5270299,
            "book_valuer_per_share": 15.66,
            "book_valuer_per_share_4q_avg": 15.82,
            "equity": 8712566,
            "current_ratio": 287.7,
            "debt_ratio": 29.35,
            "inventory_turnover_ratio": 1.98,
            "account_receivable_turnover_ratio": 2.3,
            "reinvestment_rate": 21.56,
            "research_to_sale_ratio": 0.46,
            "price_fair": 82.43,
            "eps_avg_yearly": 2.36,
            "eps_latest_yearly": 1.8,
            "eps_growth_yearly": 86.57
        },
        "20201": {
            "year_quarter": 20201,
            "year": 2020,
            "quarter": 1,
            "eps": 0.59,
            "eps_growth_year": 63.89,
            "eps_4q": 1.46,
            "eps_4q_growth_year": -19.48,
            "roe": 3.92,
            "roe_4q": 9.88,
            "gross_profit": 720231,
            "gross_margin": 20.06,
            "gross_margin_4q_avg": 14.8,
            "net_income": 348704,
            "net_income_4q": null,
            "revenue": 3591214,
            "revenue_4q": null,
            "common_shares": 5270299,
            "book_valuer_per_share": 16.24,
            "book_valuer_per_share_4q_avg": 15.66,
            "equity": 9058348,
            "current_ratio": 313.63,
            "debt_ratio": 28.12,
            "inventory_turnover_ratio": 1.82,
            "account_receivable_turnover_ratio": 2.33,
            "reinvestment_rate": 22.54,
            "research_to_sale_ratio": 0.48,
            "price_fair": 84.26,
            "eps_avg_yearly": 2.41,
            "eps_latest_yearly": 2.36,
            "eps_growth_yearly": 102.97
        },
        "20202": {
            "year_quarter": 20202,
            "year": 2020,
            "quarter": 2,
            "eps": -0.1,
            "eps_growth_year": -211.11,
            "eps_4q": 1.2,
            "eps_4q_growth_year": 8.09,
            "roe": -0.73,
            "roe_4q": 8.6,
            "gross_profit": 113635,
            "gross_margin": 4.97,
            "gross_margin_4q_avg": 14,
            "net_income": -64699,
            "net_income_4q": null,
            "revenue": 2287056,
            "revenue_4q": null,
            "common_shares": 5270299,
            "book_valuer_per_share": 15.67,
            "book_valuer_per_share_4q_avg": 15.7,
            "equity": 8728894,
            "current_ratio": 259.91,
            "debt_ratio": 30.07,
            "inventory_turnover_ratio": 1.49,
            "account_receivable_turnover_ratio": 1.69,
            "reinvestment_rate": 27.88,
            "research_to_sale_ratio": 0.59,
            "price_fair": 81.85,
            "eps_avg_yearly": 2.34,
            "eps_latest_yearly": 2.36,
            "eps_growth_yearly": 76.15
        },
        "20203": {
            "year_quarter": 20203,
            "year": 2020,
            "quarter": 3,
            "eps": 0.65,
            "eps_growth_year": 103.12,
            "eps_4q": 1.54,
            "eps_4q_growth_year": 56.98,
            "roe": 4.34,
            "roe_4q": 10.69,
            "gross_profit": 751045,
            "gross_margin": 23.02,
            "gross_margin_4q_avg": 16.34,
            "net_income": 388290,
            "net_income_4q": null,
            "revenue": 3262308,
            "revenue_4q": null,
            "common_shares": 5533814,
            "book_valuer_per_share": 15.65,
            "book_valuer_per_share_4q_avg": 15.81,
            "equity": 9158568,
            "current_ratio": 277.12,
            "debt_ratio": 28.91,
            "inventory_turnover_ratio": 2.07,
            "account_receivable_turnover_ratio": 2.66,
            "reinvestment_rate": 29.73,
            "research_to_sale_ratio": 0.57,
            "price_fair": 81.7,
            "eps_avg_yearly": 2.33,
            "eps_latest_yearly": 2.36,
            "eps_growth_yearly": 90.22
        },
        "20204": {
            "year_quarter": 20204,
            "year": 2020,
            "quarter": 4,
            "eps": 1.84,
            "eps_growth_year": 307.13,
            "eps_4q": 2.95,
            "eps_4q_growth_year": 142.17,
            "roe": 11.5,
            "roe_4q": 19.03,
            "gross_profit": 1774379,
            "gross_margin": 38.64,
            "gross_margin_4q_avg": 21.67,
            "net_income": 1119415,
            "net_income_4q": null,
            "revenue": 4592570,
            "revenue_4q": null,
            "common_shares": 5533814,
            "book_valuer_per_share": 17.53,
            "book_valuer_per_share_4q_avg": 16.27,
            "equity": 10303758,
            "current_ratio": 264.55,
            "debt_ratio": 25.84,
            "inventory_turnover_ratio": 2.35,
            "account_receivable_turnover_ratio": 2.82,
            "reinvestment_rate": 28.88,
            "research_to_sale_ratio": 0.42,
            "price_fair": 88,
            "eps_avg_yearly": 2.51,
            "eps_latest_yearly": 7.36,
            "eps_growth_yearly": 113.48
        },
        "20211": {
            "year_quarter": 20211,
            "year": 2021,
            "quarter": 1,
            "eps": 1.49,
            "eps_growth_year": 152.54,
            "eps_4q": 3.88,
            "eps_4q_growth_year": 166.07,
            "roe": 8.24,
            "roe_4q": 23.35,
            "gross_profit": 1596991,
            "gross_margin": 32.08,
            "gross_margin_4q_avg": 24.68,
            "net_income": 886776,
            "net_income_4q": null,
            "revenue": 4978665,
            "revenue_4q": null,
            "common_shares": 5533814,
            "book_valuer_per_share": 19.09,
            "book_valuer_per_share_4q_avg": 16.99,
            "equity": 11224634,
            "current_ratio": 268.77,
            "debt_ratio": 25.75,
            "inventory_turnover_ratio": 2.52,
            "account_receivable_turnover_ratio": 2.32,
            "reinvestment_rate": 29.45,
            "research_to_sale_ratio": 0.36,
            "price_fair": 95,
            "eps_avg_yearly": 2.71,
            "eps_latest_yearly": 5.96,
            "eps_growth_yearly": 117.96
        },
        "20212": {
            "year_quarter": 20212,
            "year": 2021,
            "quarter": 2,
            "eps": 0.94,
            "eps_growth_year": null,
            "eps_4q": 4.74,
            "eps_4q_growth_year": 294.22,
            "roe": 5.4,
            "roe_4q": 29.48,
            "gross_profit": 1186066,
            "gross_margin": 25.92,
            "gross_margin_4q_avg": 29.92,
            "net_income": 593284,
            "net_income_4q": null,
            "revenue": 4575908,
            "revenue_4q": null,
            "common_shares": 5533814,
            "book_valuer_per_share": 18.29,
            "book_valuer_per_share_4q_avg": 17.64,
            "equity": 10738372,
            "current_ratio": 191.79,
            "debt_ratio": 32.38,
            "inventory_turnover_ratio": 1.94,
            "account_receivable_turnover_ratio": 1.97,
            "reinvestment_rate": 26.17,
            "research_to_sale_ratio": 0.43,
            "price_fair": 99.3,
            "eps_avg_yearly": 2.84,
            "eps_latest_yearly": 3.76,
            "eps_growth_yearly": 117.54
        },
        "20213": {
            "year_quarter": 20213,
            "year": 2021,
            "quarter": 3,
            "eps": 0.85,
            "eps_growth_year": 30.77,
            "eps_4q": 4.97,
            "eps_4q_growth_year": 222.83,
            "roe": 4.73,
            "roe_4q": 29.87,
            "gross_profit": 1053030,
            "gross_margin": 18.99,
            "gross_margin_4q_avg": 28.91,
            "net_income": 520150,
            "net_income_4q": null,
            "revenue": 5545124,
            "revenue_4q": null,
            "common_shares": 5810505,
            "book_valuer_per_share": 18.27,
            "book_valuer_per_share_4q_avg": 18.3,
            "equity": 11258097,
            "current_ratio": 190.94,
            "debt_ratio": 34.73,
            "inventory_turnover_ratio": 2.11,
            "account_receivable_turnover_ratio": 2.31,
            "reinvestment_rate": 31.74,
            "research_to_sale_ratio": 0.37,
            "price_fair": 102.2,
            "eps_avg_yearly": 2.92,
            "eps_latest_yearly": 3.4,
            "eps_growth_yearly": 112.01
        },
        "20214": {
            "year_quarter": 20214,
            "year": 2021,
            "quarter": 4,
            "eps": 1.03,
            "eps_growth_year": -43.97,
            "eps_4q": 4.25,
            "eps_4q_growth_year": 43.87,
            "roe": 5.47,
            "roe_4q": 23.84,
            "gross_profit": 1204293,
            "gross_margin": 23.51,
            "gross_margin_4q_avg": 25.13,
            "net_income": 631208,
            "net_income_4q": null,
            "revenue": 5121827,
            "revenue_4q": null,
            "common_shares": 5810505,
            "book_valuer_per_share": 19.21,
            "book_valuer_per_share_4q_avg": 18.72,
            "equity": 11835269,
            "current_ratio": 263.6,
            "debt_ratio": 30.28,
            "inventory_turnover_ratio": 1.47,
            "account_receivable_turnover_ratio": 2.24,
            "reinvestment_rate": 32.24,
            "research_to_sale_ratio": 0.37,
            "price_fair": 105.1,
            "eps_avg_yearly": 3,
            "eps_latest_yearly": 4.12,
            "eps_growth_yearly": 108.88
        },
        "20221": {
            "year_quarter": 20221,
            "year": 2022,
            "quarter": 1,
            "eps": 0.78,
            "eps_growth_year": -47.65,
            "eps_4q": 3.6,
            "eps_4q_growth_year": -7.29,
            "roe": 4.13,
            "roe_4q": 19.73,
            "gross_profit": 750905,
            "gross_margin": 14.15,
            "gross_margin_4q_avg": 20.64,
            "net_income": 499029,
            "net_income_4q": null,
            "revenue": 5307072,
            "revenue_4q": null,
            "common_shares": 5810505,
            "book_valuer_per_share": 20,
            "book_valuer_per_share_4q_avg": 18.94,
            "equity": 12343283,
            "current_ratio": 295.17,
            "debt_ratio": 28.21,
            "inventory_turnover_ratio": 1.39,
            "account_receivable_turnover_ratio": 2.87,
            "reinvestment_rate": 37.54,
            "research_to_sale_ratio": 0.33,
            "price_fair": 101.9,
            "eps_avg_yearly": 2.91,
            "eps_latest_yearly": 3.12,
            "eps_growth_yearly": 88.04
        },
        "20222": {
            "year_quarter": 20222,
            "year": 2022,
            "quarter": 2,
            "eps": -0.15,
            "eps_growth_year": -115.96,
            "eps_4q": 2.51,
            "eps_4q_growth_year": -47,
            "roe": -0.75,
            "roe_4q": 13.58,
            "gross_profit": 249328,
            "gross_margin": 5.15,
            "gross_margin_4q_avg": 15.45,
            "net_income": -86781,
            "net_income_4q": null,
            "revenue": 4839691,
            "revenue_4q": null,
            "common_shares": 5810505,
            "book_valuer_per_share": 17.3,
            "book_valuer_per_share_4q_avg": 18.7,
            "equity": 10658374,
            "current_ratio": 191.29,
            "debt_ratio": 37.17,
            "inventory_turnover_ratio": 1.29,
            "account_receivable_turnover_ratio": 2.94,
            "reinvestment_rate": 46.2,
            "research_to_sale_ratio": 0.39,
            "price_fair": 101.55,
            "eps_avg_yearly": 2.9,
            "eps_latest_yearly": 3.12,
            "eps_growth_yearly": 104.32
        },
        "20223": {
            "year_quarter": 20223,
            "year": 2022,
            "quarter": 3,
            "eps": -1.17,
            "eps_growth_year": -237.65,
            "eps_4q": 0.49,
            "eps_4q_growth_year": -90.22,
            "roe": -6.91,
            "roe_4q": 1.9399999999999995,
            "gross_profit": -583787,
            "gross_margin": -14.65,
            "gross_margin_4q_avg": 7.04,
            "net_income": -712472,
            "net_income_4q": null,
            "revenue": 3983857,
            "revenue_4q": null,
            "common_shares": 5810505,
            "book_valuer_per_share": 16.16,
            "book_valuer_per_share_4q_avg": 18.17,
            "equity": 9966169,
            "current_ratio": 220.98,
            "debt_ratio": 39.49,
            "inventory_turnover_ratio": 1.44,
            "account_receivable_turnover_ratio": 2.6,
            "reinvestment_rate": 58.38,
            "research_to_sale_ratio": 0.44,
            "price_fair": 104.53,
            "eps_avg_yearly": 2.99,
            "eps_latest_yearly": 3.12,
            "eps_growth_yearly": 125.74
        },
        "20224": {
            "year_quarter": 20224,
            "year": 2022,
            "quarter": 4,
            "eps": -0.09,
            "eps_growth_year": -108.72,
            "eps_4q": -0.64,
            "eps_4q_growth_year": -115,
            "roe": -0.37,
            "roe_4q": -3.9000000000000012,
            "gross_profit": 261715,
            "gross_margin": 7.46,
            "gross_margin_4q_avg": 3.03,
            "net_income": -37493,
            "net_income_4q": null,
            "revenue": 3506859,
            "revenue_4q": null,
            "common_shares": 5810505,
            "book_valuer_per_share": 16.26,
            "book_valuer_per_share_4q_avg": 17.43,
            "equity": 10041228,
            "current_ratio": 217.3,
            "debt_ratio": 39.81,
            "inventory_turnover_ratio": 1.23,
            "account_receivable_turnover_ratio": 2.47,
            "reinvestment_rate": 58.58,
            "research_to_sale_ratio": 0.53,
            "price_fair": 111.24,
            "eps_avg_yearly": 3.18,
            "eps_latest_yearly": 3.12,
            "eps_growth_yearly": 156.51
        },
        "20231": {
            "year_quarter": 20231,
            "year": 2023,
            "quarter": 1,
            "eps": 0.4,
            "eps_growth_year": -48.72,
            "eps_4q": -1.01,
            "eps_4q_growth_year": -128.13,
            "roe": 2.5,
            "roe_4q": -5.53,
            "gross_profit": 699751,
            "gross_margin": 18.51,
            "gross_margin_4q_avg": 4.12,
            "net_income": 254078,
            "net_income_4q": null,
            "revenue": 3780066,
            "revenue_4q": null,
            "common_shares": 5810505,
            "book_valuer_per_share": 16.66,
            "book_valuer_per_share_4q_avg": 16.6,
            "equity": 10294506,
            "current_ratio": 261.18,
            "debt_ratio": 39.76,
            "inventory_turnover_ratio": 1.17,
            "account_receivable_turnover_ratio": 2.69,
            "reinvestment_rate": 61.94,
            "research_to_sale_ratio": 0.53,
            "price_fair": 117.32,
            "eps_avg_yearly": 3.35,
            "eps_latest_yearly": 3.12,
            "eps_growth_yearly": 146.71
        },
        "20232": {
            "year_quarter": 20232,
            "year": 2023,
            "quarter": 2,
            "eps": 0,
            "eps_growth_year": null,
            "eps_4q": -0.86,
            "eps_4q_growth_year": -134.3,
            "roe": 0.2,
            "roe_4q": -4.58,
            "gross_profit": 274228,
            "gross_margin": 8.21,
            "gross_margin_4q_avg": 4.88,
            "net_income": 20113,
            "net_income_4q": null,
            "revenue": 3339951,
            "revenue_4q": null,
            "common_shares": 5810505,
            "book_valuer_per_share": 16.34,
            "book_valuer_per_share_4q_avg": 16.36,
            "equity": 10128829,
            "current_ratio": 251.51,
            "debt_ratio": 43.07,
            "inventory_turnover_ratio": 1.17,
            "account_receivable_turnover_ratio": 2.34,
            "reinvestment_rate": 67.16,
            "research_to_sale_ratio": 0.63,
            "price_fair": 128.96,
            "eps_avg_yearly": 3.68,
            "eps_latest_yearly": 3.12,
            "eps_growth_yearly": 196.34
        },
        "20233": {
            "year_quarter": 20233,
            "year": 2023,
            "quarter": 3,
            "eps": 0.25,
            "eps_growth_year": null,
            "eps_4q": 0.56,
            "eps_4q_growth_year": 16.07,
            "roe": 1.49,
            "roe_4q": 3.8199999999999994,
            "gross_profit": 471621,
            "gross_margin": 14.01,
            "gross_margin_4q_avg": 12.05,
            "net_income": 151935,
            "net_income_4q": null,
            "revenue": 3365608,
            "revenue_4q": null,
            "common_shares": 5810505,
            "book_valuer_per_share": 16.62,
            "book_valuer_per_share_4q_avg": 16.47,
            "equity": 10296761,
            "current_ratio": 222.48,
            "debt_ratio": 41.19,
            "inventory_turnover_ratio": 1.17,
            "account_receivable_turnover_ratio": 2.38,
            "reinvestment_rate": 75.34,
            "research_to_sale_ratio": 0.57,
            "price_fair": 139.48,
            "eps_avg_yearly": 3.99,
            "eps_latest_yearly": 3.12,
            "eps_growth_yearly": 93.1
        }
    },
    "months": {
        "2001-06": {
            "month": "2001-06",
            "price": "3.19",
            "revenue": 447174
        },
        "2001-07": {
            "month": "2001-07",
            "price": "2.61",
            "revenue": 510430
        },
        "2001-08": {
            "month": "2001-08",
            "price": "2.84",
            "revenue": 552574
        },
        "2001-09": {
            "month": "2001-09",
            "price": "2.87",
            "revenue": 468358
        },
        "2001-10": {
            "month": "2001-10",
            "price": "2.60",
            "revenue": 524347
        },
        "2001-11": {
            "month": "2001-11",
            "price": "2.42",
            "revenue": 522668
        },
        "2001-12": {
            "month": "2001-12",
            "price": "3.00",
            "revenue": 435220
        },
        "2002-01": {
            "month": "2002-01",
            "price": "5.26",
            "revenue": 513293
        },
        "2002-02": {
            "month": "2002-02",
            "price": "6.65",
            "revenue": 365643
        },
        "2002-03": {
            "month": "2002-03",
            "price": "11.82",
            "revenue": 606182
        },
        "2002-04": {
            "month": "2002-04",
            "price": "11.32",
            "revenue": 556244
        },
        "2002-05": {
            "month": "2002-05",
            "price": "8.69",
            "revenue": 555519
        },
        "2002-06": {
            "month": "2002-06",
            "price": "8.80",
            "revenue": 478580
        },
        "2002-07": {
            "month": "2002-07",
            "price": "11.46",
            "revenue": 497439
        },
        "2002-08": {
            "month": "2002-08",
            "price": "11.32",
            "revenue": 499330
        },
        "2002-09": {
            "month": "2002-09",
            "price": "8.98",
            "revenue": 499748
        },
        "2002-10": {
            "month": "2002-10",
            "price": "7.58",
            "revenue": 459609
        },
        "2002-11": {
            "month": "2002-11",
            "price": "11.05",
            "revenue": 485945
        },
        "2002-12": {
            "month": "2002-12",
            "price": "14.01",
            "revenue": 528357
        },
        "2003-01": {
            "month": "2003-01",
            "price": "14.63",
            "revenue": 571556
        },
        "2003-02": {
            "month": "2003-02",
            "price": "10.97",
            "revenue": 449023
        },
        "2003-03": {
            "month": "2003-03",
            "price": "8.75",
            "revenue": 581140
        },
        "2003-04": {
            "month": "2003-04",
            "price": "9.01",
            "revenue": 494099
        },
        "2003-05": {
            "month": "2003-05",
            "price": "9.81",
            "revenue": 478156
        },
        "2003-06": {
            "month": "2003-06",
            "price": "11.02",
            "revenue": 460446
        },
        "2003-07": {
            "month": "2003-07",
            "price": "11.57",
            "revenue": 516399
        },
        "2003-08": {
            "month": "2003-08",
            "price": "12.37",
            "revenue": 541625
        },
        "2003-09": {
            "month": "2003-09",
            "price": "11.09",
            "revenue": 539637
        },
        "2003-10": {
            "month": "2003-10",
            "price": "12.03",
            "revenue": 586523
        },
        "2003-11": {
            "month": "2003-11",
            "price": "11.96",
            "revenue": 575880
        },
        "2003-12": {
            "month": "2003-12",
            "price": "13.32",
            "revenue": 673055
        },
        "2004-01": {
            "month": "2004-01",
            "price": "14.30",
            "revenue": 566111
        },
        "2004-02": {
            "month": "2004-02",
            "price": "13.24",
            "revenue": 659346
        },
        "2004-03": {
            "month": "2004-03",
            "price": "13.12",
            "revenue": 713329
        },
        "2004-04": {
            "month": "2004-04",
            "price": "13.33",
            "revenue": 651894
        },
        "2004-05": {
            "month": "2004-05",
            "price": "12.55",
            "revenue": 648075
        },
        "2004-06": {
            "month": "2004-06",
            "price": "12.05",
            "revenue": 674508
        },
        "2004-07": {
            "month": "2004-07",
            "price": "12.25",
            "revenue": 610370
        },
        "2004-08": {
            "month": "2004-08",
            "price": "11.68",
            "revenue": 733156
        },
        "2004-09": {
            "month": "2004-09",
            "price": "13.87",
            "revenue": 781368
        },
        "2004-10": {
            "month": "2004-10",
            "price": "15.16",
            "revenue": 777519
        },
        "2004-11": {
            "month": "2004-11",
            "price": "13.87",
            "revenue": 685110
        },
        "2004-12": {
            "month": "2004-12",
            "price": "14.27",
            "revenue": 617712
        },
        "2005-01": {
            "month": "2005-01",
            "price": "15.11",
            "revenue": 656510
        },
        "2005-02": {
            "month": "2005-02",
            "price": "15.39",
            "revenue": 547050
        },
        "2005-03": {
            "month": "2005-03",
            "price": "13.84",
            "revenue": 650553
        },
        "2005-04": {
            "month": "2005-04",
            "price": "9.78",
            "revenue": 520251
        },
        "2005-05": {
            "month": "2005-05",
            "price": "8.52",
            "revenue": 528992
        },
        "2005-06": {
            "month": "2005-06",
            "price": "10.55",
            "revenue": 638535
        },
        "2005-07": {
            "month": "2005-07",
            "price": "10.16",
            "revenue": 606205
        },
        "2005-08": {
            "month": "2005-08",
            "price": "9.53",
            "revenue": 632753
        },
        "2005-09": {
            "month": "2005-09",
            "price": "8.40",
            "revenue": 713332
        },
        "2005-10": {
            "month": "2005-10",
            "price": "8.75",
            "revenue": 745558
        },
        "2005-11": {
            "month": "2005-11",
            "price": "8.59",
            "revenue": 627819
        },
        "2005-12": {
            "month": "2005-12",
            "price": "8.76",
            "revenue": 537797
        },
        "2006-01": {
            "month": "2006-01",
            "price": "9.50",
            "revenue": 562158
        },
        "2006-02": {
            "month": "2006-02",
            "price": "8.88",
            "revenue": 496629
        },
        "2006-03": {
            "month": "2006-03",
            "price": "7.72",
            "revenue": 536942
        },
        "2006-04": {
            "month": "2006-04",
            "price": "8.11",
            "revenue": 628081
        },
        "2006-05": {
            "month": "2006-05",
            "price": "8.35",
            "revenue": 644886
        },
        "2006-06": {
            "month": "2006-06",
            "price": "7.02",
            "revenue": 644842
        },
        "2006-07": {
            "month": "2006-07",
            "price": "6.81",
            "revenue": 585998
        },
        "2006-08": {
            "month": "2006-08",
            "price": "6.79",
            "revenue": 781019
        },
        "2006-09": {
            "month": "2006-09",
            "price": "6.86",
            "revenue": 712327
        },
        "2006-10": {
            "month": "2006-10",
            "price": "7.74",
            "revenue": 577576
        },
        "2006-11": {
            "month": "2006-11",
            "price": "8.10",
            "revenue": 645679
        },
        "2006-12": {
            "month": "2006-12",
            "price": "8.61",
            "revenue": 583511
        },
        "2007-01": {
            "month": "2007-01",
            "price": "8.47",
            "revenue": 650589
        },
        "2007-02": {
            "month": "2007-02",
            "price": "8.31",
            "revenue": 410587
        },
        "2007-03": {
            "month": "2007-03",
            "price": "7.93",
            "revenue": 804664
        },
        "2007-04": {
            "month": "2007-04",
            "price": "8.49",
            "revenue": 763698
        },
        "2007-05": {
            "month": "2007-05",
            "price": "8.01",
            "revenue": 794633
        },
        "2007-06": {
            "month": "2007-06",
            "price": "8.11",
            "revenue": 791456
        },
        "2007-07": {
            "month": "2007-07",
            "price": "9.84",
            "revenue": 777512
        },
        "2007-08": {
            "month": "2007-08",
            "price": "8.62",
            "revenue": 793278
        },
        "2007-09": {
            "month": "2007-09",
            "price": "9.76",
            "revenue": 738512
        },
        "2007-10": {
            "month": "2007-10",
            "price": "11.62",
            "revenue": 689967
        },
        "2007-11": {
            "month": "2007-11",
            "price": "9.52",
            "revenue": 684852
        },
        "2007-12": {
            "month": "2007-12",
            "price": "9.11",
            "revenue": 848921
        },
        "2008-01": {
            "month": "2008-01",
            "price": "9.27",
            "revenue": 891387
        },
        "2008-02": {
            "month": "2008-02",
            "price": "9.60",
            "revenue": 667125
        },
        "2008-03": {
            "month": "2008-03",
            "price": "10.47",
            "revenue": 890715
        },
        "2008-04": {
            "month": "2008-04",
            "price": "11.28",
            "revenue": 888146
        },
        "2008-05": {
            "month": "2008-05",
            "price": "14.64",
            "revenue": 857658
        },
        "2008-06": {
            "month": "2008-06",
            "price": "12.93",
            "revenue": 844810
        },
        "2008-07": {
            "month": "2008-07",
            "price": "10.91",
            "revenue": 876332
        },
        "2008-08": {
            "month": "2008-08",
            "price": "10.05",
            "revenue": 745217
        },
        "2008-09": {
            "month": "2008-09",
            "price": "8.25",
            "revenue": 613554
        },
        "2008-10": {
            "month": "2008-10",
            "price": "5.11",
            "revenue": 548540
        },
        "2008-11": {
            "month": "2008-11",
            "price": "5.71",
            "revenue": 433629
        },
        "2008-12": {
            "month": "2008-12",
            "price": "7.00",
            "revenue": 559790
        },
        "2009-01": {
            "month": "2009-01",
            "price": "8.39",
            "revenue": 405743
        },
        "2009-02": {
            "month": "2009-02",
            "price": "7.67",
            "revenue": 559535
        },
        "2009-03": {
            "month": "2009-03",
            "price": "8.14",
            "revenue": 559794
        },
        "2009-04": {
            "month": "2009-04",
            "price": "9.88",
            "revenue": 671914
        },
        "2009-05": {
            "month": "2009-05",
            "price": "11.98",
            "revenue": 620103
        },
        "2009-06": {
            "month": "2009-06",
            "price": "11.77",
            "revenue": 702449
        },
        "2009-07": {
            "month": "2009-07",
            "price": "11.71",
            "revenue": 705036
        },
        "2009-08": {
            "month": "2009-08",
            "price": "11.07",
            "revenue": 684275
        },
        "2009-09": {
            "month": "2009-09",
            "price": "11.42",
            "revenue": 633517
        },
        "2009-10": {
            "month": "2009-10",
            "price": "12.16",
            "revenue": 685281
        },
        "2009-11": {
            "month": "2009-11",
            "price": "12.00",
            "revenue": 671366
        },
        "2009-12": {
            "month": "2009-12",
            "price": "12.05",
            "revenue": 805529
        },
        "2010-01": {
            "month": "2010-01",
            "price": "13.30",
            "revenue": 737620
        },
        "2010-02": {
            "month": "2010-02",
            "price": "12.33",
            "revenue": 546976
        },
        "2010-03": {
            "month": "2010-03",
            "price": "12.80",
            "revenue": 785211
        },
        "2010-04": {
            "month": "2010-04",
            "price": "12.93",
            "revenue": 727421
        },
        "2010-05": {
            "month": "2010-05",
            "price": "10.65",
            "revenue": 720827
        },
        "2010-06": {
            "month": "2010-06",
            "price": "9.76",
            "revenue": 674839
        },
        "2010-07": {
            "month": "2010-07",
            "price": "10.34",
            "revenue": 698674
        },
        "2010-08": {
            "month": "2010-08",
            "price": "11.54",
            "revenue": 744004
        },
        "2010-09": {
            "month": "2010-09",
            "price": "11.85",
            "revenue": 715257
        },
        "2010-10": {
            "month": "2010-10",
            "price": "12.03",
            "revenue": 758558
        },
        "2010-11": {
            "month": "2010-11",
            "price": "11.50",
            "revenue": 713051
        },
        "2010-12": {
            "month": "2010-12",
            "price": "12.42",
            "revenue": 667922
        },
        "2011-01": {
            "month": "2011-01",
            "price": "12.76",
            "revenue": 713003
        },
        "2011-02": {
            "month": "2011-02",
            "price": "13.35",
            "revenue": 668122
        },
        "2011-03": {
            "month": "2011-03",
            "price": "12.73",
            "revenue": 1013636
        },
        "2011-04": {
            "month": "2011-04",
            "price": "14.99",
            "revenue": 918915
        },
        "2011-05": {
            "month": "2011-05",
            "price": "13.35",
            "revenue": 831675
        },
        "2011-06": {
            "month": "2011-06",
            "price": "12.82",
            "revenue": 837574
        },
        "2011-07": {
            "month": "2011-07",
            "price": "12.84",
            "revenue": 817576
        },
        "2011-08": {
            "month": "2011-08",
            "price": "12.25",
            "revenue": 742042
        },
        "2011-09": {
            "month": "2011-09",
            "price": "10.29",
            "revenue": 616802
        },
        "2011-10": {
            "month": "2011-10",
            "price": "8.27",
            "revenue": 602964
        },
        "2011-11": {
            "month": "2011-11",
            "price": "8.96",
            "revenue": 736249
        },
        "2011-12": {
            "month": "2011-12",
            "price": "9.28",
            "revenue": 719212
        },
        "2012-01": {
            "month": "2012-01",
            "price": "9.68",
            "revenue": 588418
        },
        "2012-02": {
            "month": "2012-02",
            "price": "11.58",
            "revenue": 783964
        },
        "2012-03": {
            "month": "2012-03",
            "price": "11.49",
            "revenue": 744747
        },
        "2012-04": {
            "month": "2012-04",
            "price": "11.34",
            "revenue": 624330
        },
        "2012-05": {
            "month": "2012-05",
            "price": "10.40",
            "revenue": 586110
        },
        "2012-06": {
            "month": "2012-06",
            "price": "9.13",
            "revenue": 663584
        },
        "2012-07": {
            "month": "2012-07",
            "price": "10.44",
            "revenue": 668619
        },
        "2012-08": {
            "month": "2012-08",
            "price": "11.68",
            "revenue": 737197
        },
        "2012-09": {
            "month": "2012-09",
            "price": "13.19",
            "revenue": 644003
        },
        "2012-10": {
            "month": "2012-10",
            "price": "12.91",
            "revenue": 588103
        },
        "2012-11": {
            "month": "2012-11",
            "price": "12.79",
            "revenue": 697146
        },
        "2012-12": {
            "month": "2012-12",
            "price": "14.77",
            "revenue": 641926
        },
        "2013-01": {
            "month": "2013-01",
            "price": "15.91",
            "revenue": 1197222
        },
        "2013-02": {
            "month": "2013-02",
            "price": "15.80",
            "revenue": 931275
        },
        "2013-03": {
            "month": "2013-03",
            "price": "14.92",
            "revenue": 1073372
        },
        "2013-04": {
            "month": "2013-04",
            "price": "14.68",
            "revenue": 1415728
        },
        "2013-05": {
            "month": "2013-05",
            "price": "16.35",
            "revenue": 1307673
        },
        "2013-06": {
            "month": "2013-06",
            "price": "17.52",
            "revenue": 1264862
        },
        "2013-07": {
            "month": "2013-07",
            "price": "19.58",
            "revenue": 1235010
        },
        "2013-08": {
            "month": "2013-08",
            "price": "17.91",
            "revenue": 1182094
        },
        "2013-09": {
            "month": "2013-09",
            "price": "17.24",
            "revenue": 1109555
        },
        "2013-10": {
            "month": "2013-10",
            "price": "18.57",
            "revenue": 1187528
        },
        "2013-11": {
            "month": "2013-11",
            "price": "17.42",
            "revenue": 1134886
        },
        "2013-12": {
            "month": "2013-12",
            "price": "16.96",
            "revenue": 1151987
        },
        "2014-01": {
            "month": "2014-01",
            "price": "16.66",
            "revenue": 1306803
        },
        "2014-02": {
            "month": "2014-02",
            "price": "14.90",
            "revenue": 1111776
        },
        "2014-03": {
            "month": "2014-03",
            "price": "15.18",
            "revenue": 1109998
        },
        "2014-04": {
            "month": "2014-04",
            "price": "15.80",
            "revenue": 1386752
        },
        "2014-05": {
            "month": "2014-05",
            "price": "15.61",
            "revenue": 1497032
        },
        "2014-06": {
            "month": "2014-06",
            "price": "16.36",
            "revenue": 1294015
        },
        "2014-07": {
            "month": "2014-07",
            "price": "15.64",
            "revenue": 1172871
        },
        "2014-08": {
            "month": "2014-08",
            "price": "12.84",
            "revenue": 1146468
        },
        "2014-09": {
            "month": "2014-09",
            "price": "12.16",
            "revenue": 1314360
        },
        "2014-10": {
            "month": "2014-10",
            "price": "10.69",
            "revenue": 1178772
        },
        "2014-11": {
            "month": "2014-11",
            "price": "10.60",
            "revenue": 1046003
        },
        "2014-12": {
            "month": "2014-12",
            "price": "12.17",
            "revenue": 995074
        },
        "2015-01": {
            "month": "2015-01",
            "price": "14.38",
            "revenue": 1116717
        },
        "2015-02": {
            "month": "2015-02",
            "price": "15.18",
            "revenue": 1189006
        },
        "2015-03": {
            "month": "2015-03",
            "price": "14.33",
            "revenue": 1355334
        },
        "2015-04": {
            "month": "2015-04",
            "price": "13.83",
            "revenue": 1155237
        },
        "2015-05": {
            "month": "2015-05",
            "price": "12.56",
            "revenue": 1342689
        },
        "2015-06": {
            "month": "2015-06",
            "price": "11.31",
            "revenue": 1186984
        },
        "2015-07": {
            "month": "2015-07",
            "price": "10.54",
            "revenue": 1021597
        },
        "2015-08": {
            "month": "2015-08",
            "price": "11.51",
            "revenue": 824651
        },
        "2015-09": {
            "month": "2015-09",
            "price": "13.05",
            "revenue": 1117747
        },
        "2015-10": {
            "month": "2015-10",
            "price": "14.10",
            "revenue": 1324146
        },
        "2015-11": {
            "month": "2015-11",
            "price": "15.16",
            "revenue": 1180349
        },
        "2015-12": {
            "month": "2015-12",
            "price": "14.37",
            "revenue": 1027555
        },
        "2016-01": {
            "month": "2016-01",
            "price": "13.55",
            "revenue": 1198151
        },
        "2016-02": {
            "month": "2016-02",
            "price": "14.05",
            "revenue": 1165411
        },
        "2016-03": {
            "month": "2016-03",
            "price": "15.46",
            "revenue": 1402179
        },
        "2016-04": {
            "month": "2016-04",
            "price": "15.89",
            "revenue": 1234798
        },
        "2016-05": {
            "month": "2016-05",
            "price": "14.92",
            "revenue": 1116532
        },
        "2016-06": {
            "month": "2016-06",
            "price": "14.75",
            "revenue": 1176219
        },
        "2016-07": {
            "month": "2016-07",
            "price": "15.96",
            "revenue": 1146141
        },
        "2016-08": {
            "month": "2016-08",
            "price": "17.89",
            "revenue": 1162677
        },
        "2016-09": {
            "month": "2016-09",
            "price": "19.41",
            "revenue": 1051260
        },
        "2016-10": {
            "month": "2016-10",
            "price": "22.92",
            "revenue": 1038061
        },
        "2016-11": {
            "month": "2016-11",
            "price": "25.48",
            "revenue": 1286253
        },
        "2016-12": {
            "month": "2016-12",
            "price": "25.68",
            "revenue": 1179377
        },
        "2017-01": {
            "month": "2017-01",
            "price": "24.00",
            "revenue": 1075589
        },
        "2017-02": {
            "month": "2017-02",
            "price": "26.20",
            "revenue": 1234618
        },
        "2017-03": {
            "month": "2017-03",
            "price": "28.02",
            "revenue": 1380986
        },
        "2017-04": {
            "month": "2017-04",
            "price": "28.88",
            "revenue": 1155362
        },
        "2017-05": {
            "month": "2017-05",
            "price": "27.27",
            "revenue": 1153453
        },
        "2017-06": {
            "month": "2017-06",
            "price": "28.35",
            "revenue": 1314431
        },
        "2017-07": {
            "month": "2017-07",
            "price": "30.08",
            "revenue": 1189222
        },
        "2017-08": {
            "month": "2017-08",
            "price": "33.06",
            "revenue": 1239926
        },
        "2017-09": {
            "month": "2017-09",
            "price": "33.35",
            "revenue": 1184397
        },
        "2017-10": {
            "month": "2017-10",
            "price": "29.40",
            "revenue": 1090093
        },
        "2017-11": {
            "month": "2017-11",
            "price": "28.45",
            "revenue": 1184875
        },
        "2017-12": {
            "month": "2017-12",
            "price": "29.54",
            "revenue": 1498559
        },
        "2018-01": {
            "month": "2018-01",
            "price": "32.87",
            "revenue": 1551201
        },
        "2018-02": {
            "month": "2018-02",
            "price": "32.48",
            "revenue": 1191222
        },
        "2018-03": {
            "month": "2018-03",
            "price": "32.23",
            "revenue": 1401774
        },
        "2018-04": {
            "month": "2018-04",
            "price": "32.85",
            "revenue": 1031531
        },
        "2018-05": {
            "month": "2018-05",
            "price": "31.08",
            "revenue": 1360529
        },
        "2018-06": {
            "month": "2018-06",
            "price": "29.71",
            "revenue": 1286392
        },
        "2018-07": {
            "month": "2018-07",
            "price": "29.43",
            "revenue": 1289182
        },
        "2018-08": {
            "month": "2018-08",
            "price": "29.69",
            "revenue": 1133349
        },
        "2018-09": {
            "month": "2018-09",
            "price": "26.30",
            "revenue": 1053448
        },
        "2018-10": {
            "month": "2018-10",
            "price": "21.40",
            "revenue": 1298161
        },
        "2018-11": {
            "month": "2018-11",
            "price": "20.17",
            "revenue": 1324029
        },
        "2018-12": {
            "month": "2018-12",
            "price": "22.48",
            "revenue": 1271926
        },
        "2019-01": {
            "month": "2019-01",
            "price": "22.67",
            "revenue": 1193236
        },
        "2019-02": {
            "month": "2019-02",
            "price": "23.78",
            "revenue": 881123
        },
        "2019-03": {
            "month": "2019-03",
            "price": "23.08",
            "revenue": 1153354
        },
        "2019-04": {
            "month": "2019-04",
            "price": "22.78",
            "revenue": 1322372
        },
        "2019-05": {
            "month": "2019-05",
            "price": "22.14",
            "revenue": 1645849
        },
        "2019-06": {
            "month": "2019-06",
            "price": "22.85",
            "revenue": 1386382
        },
        "2019-07": {
            "month": "2019-07",
            "price": "23.40",
            "revenue": 1320523
        },
        "2019-08": {
            "month": "2019-08",
            "price": "19.36",
            "revenue": 1381919
        },
        "2019-09": {
            "month": "2019-09",
            "price": "19.74",
            "revenue": 1122459
        },
        "2019-10": {
            "month": "2019-10",
            "price": "20.70",
            "revenue": 1248897
        },
        "2019-11": {
            "month": "2019-11",
            "price": "22.02",
            "revenue": 1229172
        },
        "2019-12": {
            "month": "2019-12",
            "price": "20.93",
            "revenue": 1233303
        },
        "2020-01": {
            "month": "2020-01",
            "price": "20.94",
            "revenue": 1042016
        },
        "2020-02": {
            "month": "2020-02",
            "price": "19.14",
            "revenue": 1269527
        },
        "2020-03": {
            "month": "2020-03",
            "price": "15.92",
            "revenue": 1279672
        },
        "2020-04": {
            "month": "2020-04",
            "price": "16.18",
            "revenue": 717906
        },
        "2020-05": {
            "month": "2020-05",
            "price": "18.70",
            "revenue": 620635
        },
        "2020-06": {
            "month": "2020-06",
            "price": "19.14",
            "revenue": 948423
        },
        "2020-07": {
            "month": "2020-07",
            "price": "18.62",
            "revenue": 1068490
        },
        "2020-08": {
            "month": "2020-08",
            "price": "18.61",
            "revenue": 1058853
        },
        "2020-09": {
            "month": "2020-09",
            "price": "20.28",
            "revenue": 1134914
        },
        "2020-10": {
            "month": "2020-10",
            "price": "21.23",
            "revenue": 1386393
        },
        "2020-11": {
            "month": "2020-11",
            "price": "22.94",
            "revenue": 1525029
        },
        "2020-12": {
            "month": "2020-12",
            "price": "23.78",
            "revenue": 1680981
        },
        "2021-01": {
            "month": "2021-01",
            "price": "25.11",
            "revenue": 1603671
        },
        "2021-02": {
            "month": "2021-02",
            "price": "26.14",
            "revenue": 1551446
        },
        "2021-03": {
            "month": "2021-03",
            "price": "33.20",
            "revenue": 1823567
        },
        "2021-04": {
            "month": "2021-04",
            "price": "40.58",
            "revenue": 1493823
        },
        "2021-05": {
            "month": "2021-05",
            "price": "34.68",
            "revenue": 1397334
        },
        "2021-06": {
            "month": "2021-06",
            "price": "36.64",
            "revenue": 1684606
        },
        "2021-07": {
            "month": "2021-07",
            "price": "38.78",
            "revenue": 1830303
        },
        "2021-08": {
            "month": "2021-08",
            "price": "38.20",
            "revenue": 1751859
        },
        "2021-09": {
            "month": "2021-09",
            "price": "37.79",
            "revenue": 1963157
        },
        "2021-10": {
            "month": "2021-10",
            "price": "40.46",
            "revenue": 2086017
        },
        "2021-11": {
            "month": "2021-11",
            "price": "35.66",
            "revenue": 1697043
        },
        "2021-12": {
            "month": "2021-12",
            "price": "34.22",
            "revenue": 1338864
        },
        "2022-01": {
            "month": "2022-01",
            "price": "34.06",
            "revenue": 1890241
        },
        "2022-02": {
            "month": "2022-02",
            "price": "34.99",
            "revenue": 1571715
        },
        "2022-03": {
            "month": "2022-03",
            "price": "34.92",
            "revenue": 1845700
        },
        "2022-04": {
            "month": "2022-04",
            "price": "33.69",
            "revenue": 1715260
        },
        "2022-05": {
            "month": "2022-05",
            "price": "31.17",
            "revenue": 1631728
        },
        "2022-06": {
            "month": "2022-06",
            "price": "31.68",
            "revenue": 1492779
        },
        "2022-07": {
            "month": "2022-07",
            "price": "27.79",
            "revenue": 1560080
        },
        "2022-08": {
            "month": "2022-08",
            "price": "23.90",
            "revenue": 1190704
        },
        "2022-09": {
            "month": "2022-09",
            "price": "22.19",
            "revenue": 1232717
        },
        "2022-10": {
            "month": "2022-10",
            "price": "19.98",
            "revenue": 1086250
        },
        "2022-11": {
            "month": "2022-11",
            "price": "20.61",
            "revenue": 1045011
        },
        "2022-12": {
            "month": "2022-12",
            "price": "24.67",
            "revenue": 1375854
        },
        "2023-01": {
            "month": "2023-01",
            "price": "27.63",
            "revenue": 1277800
        },
        "2023-02": {
            "month": "2023-02",
            "price": "27.85",
            "revenue": 1338693
        },
        "2023-03": {
            "month": "2023-03",
            "price": "26.73",
            "revenue": 1163684
        },
        "2023-04": {
            "month": "2023-04",
            "price": "26.12",
            "revenue": 1148546
        },
        "2023-05": {
            "month": "2023-05",
            "price": "24.04",
            "revenue": 1176829
        },
        "2023-06": {
            "month": "2023-06",
            "price": "23.92",
            "revenue": 1014593
        },
        "2023-07": {
            "month": "2023-07",
            "price": "22.84",
            "revenue": 1020444
        },
        "2023-08": {
            "month": "2023-08",
            "price": "24.24",
            "revenue": 1378646
        },
        "2023-09": {
            "month": "2023-09",
            "price": "25.46",
            "revenue": 966666
        },
        "2023-10": {
            "month": "2023-10",
            "price": "22.68",
            "revenue": 1046806
        },
        "2023-11": {
            "month": "2023-11",
            "price": "22.85",
            "revenue": 1174445
        },
        "2023-12": {
            "month": "2023-12",
            "price": "22.88",
            "revenue": 1019053
        }
    }
}
