{
    "summary": {
        "stock_name": "三芳",
        "stock_id": "1307",
        "category": "塑膠",
        "main_business": "聚氨基甲酸加工品之製銷事項不織布起毛布加工品製銷染整事項<br>聚氯乙烯加工之製銷事項塑膠加工品生產技術研究改良事項<br>各種皮革加工之製銷事項有關事業之投資經營事項",
        "website_url": "http://www.sanfang.com.tw",
        "ceo": "林至逸",
        "pe_ratio": 15,
        "report_year_from": 2001,
        "report_year_to": 2023,
        "age": 23,
        "eps_negative_percentage": 0,
        "eps_growth_avg": {
            "last_all": 9.84,
            "last_2y": 31.82,
            "last_4y": 17.7,
            "last_8y": 1.51,
            "last_12y": 0.31,
            "last_16y": 4.23,
            "last_20y": 5.55,
            "at_2006_last_3y": 11.16,
            "at_2007_last_3y": 10.76,
            "at_2008_last_3y": 21.49,
            "at_2009_last_3y": 23.71,
            "at_2010_last_3y": 16.98,
            "at_2011_last_3y": 3.57,
            "at_2012_last_3y": -6.5,
            "at_2013_last_3y": -6.73,
            "at_2014_last_3y": -2.39,
            "at_2015_last_3y": 9.34,
            "at_2016_last_3y": 11.93,
            "at_2017_last_3y": 2.13,
            "at_2018_last_3y": -18.73,
            "at_2019_last_3y": -10.79,
            "at_2020_last_3y": -25.4,
            "at_2021_last_3y": -30.15,
            "at_2022_last_3y": 11.44,
            "at_2023_last_3y": 11.6,
            "at_2024_last_3y": 11.6,
            "at_2006_last_all": 28.93,
            "at_2007_last_all": 26.95,
            "at_2008_last_all": 28.72,
            "at_2009_last_all": 26.61,
            "at_2010_last_all": 23.62,
            "at_2011_last_all": 17.6,
            "at_2012_last_all": 15.91,
            "at_2013_last_all": 15.5,
            "at_2014_last_all": 15.61,
            "at_2015_last_all": 15.24,
            "at_2016_last_all": 14.85,
            "at_2017_last_all": 12.15,
            "at_2018_last_all": 7.53,
            "at_2019_last_all": 9.46,
            "at_2020_last_all": 6.37,
            "at_2021_last_all": 3.69,
            "at_2022_last_all": 8.28,
            "at_2023_last_all": 9.84,
            "at_2024_last_all": 9.84
        },
        "latest_eps": 1.71,
        "latest_price": 26.4,
        "latest_roe": 7.63,
        "latest_gross_margin": 24.69,
        "latest_equity": 9139869,
        "latest_revenue": 2770162,
        "latest_gross_profit": 683821,
        "latest_net_income": 314676,
        "latest_debt_ratio": 42.97,
        "latest_current_ratio": 250.59,
        "latest_account_receivable_turnover_ratio": 1.84,
        "latest_inventory_turnover_ratio": 1.12,
        "latest_reinvestment_rate": -77.65,
        "latest_research_to_sale_ratio": 3.32
    },
    "eps_dividends": {
        "1990": {
            "cash": 0,
            "stock": 1,
            "eps": 0
        },
        "1991": {
            "cash": 0,
            "stock": 1,
            "eps": 0
        },
        "1992": {
            "cash": 0,
            "stock": 1.2,
            "eps": 0
        },
        "1993": {
            "cash": 0,
            "stock": 1.2,
            "eps": 0
        },
        "1994": {
            "cash": 0,
            "stock": 1.3,
            "eps": 0
        },
        "1995": {
            "cash": 0,
            "stock": 1,
            "eps": 0
        },
        "1998": {
            "cash": 0,
            "stock": 1,
            "eps": 0
        },
        "2001": {
            "cash": 0.4,
            "stock": 0,
            "eps": 0.38
        },
        "2002": {
            "cash": 0.4,
            "stock": 0,
            "eps": 1.18
        },
        "2003": {
            "cash": 0,
            "stock": 1,
            "eps": 1.4
        },
        "2004": {
            "cash": 0,
            "stock": 1,
            "eps": 1.35
        },
        "2005": {
            "cash": 0.7,
            "stock": 0,
            "eps": 1.39
        },
        "2006": {
            "cash": 1,
            "stock": 0,
            "eps": 1.76
        },
        "2007": {
            "cash": 1.5,
            "stock": 0,
            "eps": 2.06
        },
        "2008": {
            "cash": 1,
            "stock": 0.5,
            "eps": 2.87
        },
        "2009": {
            "cash": 0.3,
            "stock": 1.3,
            "eps": 3.21
        },
        "2010": {
            "cash": 1.5,
            "stock": 0.5,
            "eps": 3.2
        },
        "2011": {
            "cash": 2.4,
            "stock": 1.3,
            "eps": 2.03
        },
        "2012": {
            "cash": 0,
            "stock": 0,
            "eps": 2.01
        },
        "2013": {
            "cash": 1.4,
            "stock": 0.3,
            "eps": 2.23
        },
        "2014": {
            "cash": 1.4,
            "stock": 0.3,
            "eps": 2.61
        },
        "2015": {
            "cash": 1.6,
            "stock": 0.3,
            "eps": 2.88
        },
        "2016": {
            "cash": 1.7,
            "stock": 0.3,
            "eps": 3.15
        },
        "2017": {
            "cash": 2.2,
            "stock": 0,
            "eps": 2.26
        },
        "2018": {
            "cash": 1.7,
            "stock": 0,
            "eps": 0.76
        },
        "2019": {
            "cash": 0.5,
            "stock": 0,
            "eps": 1.08
        },
        "2020": {
            "cash": 0.8,
            "stock": 0,
            "eps": 0.55
        },
        "2021": {
            "cash": 0.5,
            "stock": 0,
            "eps": 0.29
        },
        "2022": {
            "cash": 0.5,
            "stock": 0,
            "eps": 1.17
        },
        "2023": {
            "cash": 0.8,
            "stock": 0,
            "eps": 1.67
        },
        "2024": {
            "cash": 1.5,
            "stock": 0,
            "eps": 0
        }
    },
    "dividends": {
        "1990-05-08": {
            "cash": 0,
            "stock": 1
        },
        "1991-04-20": {
            "cash": 0,
            "stock": 1
        },
        "1992-04-23": {
            "cash": 0,
            "stock": 1.2
        },
        "1993-05-12": {
            "cash": 0,
            "stock": 1.2
        },
        "1994-04-28": {
            "cash": 0,
            "stock": 1.3
        },
        "1995-05-02": {
            "cash": 0,
            "stock": 1
        },
        "1998-04-23": {
            "cash": 0,
            "stock": 1
        },
        "2001-05-25": {
            "cash": 0.4,
            "stock": 0
        },
        "2002-05-30": {
            "cash": 0.4,
            "stock": 0
        },
        "2003-05-13": {
            "cash": 0,
            "stock": 1
        },
        "2004-03-09": {
            "cash": 0,
            "stock": 1
        },
        "2005-03-08": {
            "cash": 0.7,
            "stock": 0
        },
        "2006-04-12": {
            "cash": 1,
            "stock": 0
        },
        "2007-03-13": {
            "cash": 1.5,
            "stock": 0
        },
        "2008-03-24": {
            "cash": 1,
            "stock": 0.5
        },
        "2009-03-25": {
            "cash": 0.3,
            "stock": 1.3
        },
        "2010-03-24": {
            "cash": 1.5,
            "stock": 0.5
        },
        "2011-01-01": {
            "cash": 1.2,
            "stock": 0.3
        },
        "2011-03-24": {
            "cash": 1.2,
            "stock": 1
        },
        "2013-03-14": {
            "cash": 1.4,
            "stock": 0.3
        },
        "2014-08-25": {
            "cash": 1.4,
            "stock": 0.3
        },
        "2015-08-21": {
            "cash": 1.6,
            "stock": 0.3
        },
        "2016-08-25": {
            "cash": 1.7,
            "stock": 0.3
        },
        "2017-07-21": {
            "cash": 2.2,
            "stock": 0
        },
        "2018-08-08": {
            "cash": 1.7,
            "stock": 0
        },
        "2019-08-07": {
            "cash": 0.5,
            "stock": 0
        },
        "2020-09-23": {
            "cash": 0.8,
            "stock": 0
        },
        "2021-09-24": {
            "cash": 0.5,
            "stock": 0
        },
        "2022-08-03": {
            "cash": 0.5,
            "stock": 0
        },
        "2023-07-03": {
            "cash": 0.8,
            "stock": 0
        },
        "2024-03-06": {
            "cash": 1.5,
            "stock": 0
        }
    },
    "prices": {
        "200101": "8.91",
        "200102": "9.84",
        "200103": "14.02",
        "200104": "12.35",
        "200105": "9.98",
        "200106": "9.65",
        "200107": "8.85",
        "200108": "9.15",
        "200109": "8.06",
        "200110": "7.04",
        "200111": "7.84",
        "200112": "9.23",
        "200201": "10.43",
        "200202": "12.26",
        "200203": "13.47",
        "200204": "14.01",
        "200205": "14.14",
        "200206": "14.89",
        "200207": "15.49",
        "200208": "15.66",
        "200209": "16.61",
        "200210": "16.42",
        "200211": "22.07",
        "200212": "27.36",
        "200301": "27.61",
        "200302": "22.86",
        "200303": "20.09",
        "200304": "20.53",
        "200305": "22.24",
        "200306": "23.68",
        "200307": "26.56",
        "200308": "31.56",
        "200309": "29.69",
        "200310": "28.74",
        "200311": "28.42",
        "200312": "27.00",
        "200401": "28.79",
        "200402": "28.76",
        "200403": "28.09",
        "200404": "26.55",
        "200405": "23.20",
        "200406": "22.76",
        "200407": "21.30",
        "200408": "21.46",
        "200409": "25.22",
        "200410": "23.88",
        "200411": "22.41",
        "200412": "23.37",
        "200501": "21.76",
        "200502": "20.37",
        "200503": "19.07",
        "200504": "17.36",
        "200505": "17.40",
        "200506": "18.07",
        "200507": "17.85",
        "200508": "17.55",
        "200509": "15.92",
        "200510": "15.59",
        "200511": "15.41",
        "200512": "17.01",
        "200601": "18.60",
        "200602": "17.86",
        "200603": "17.84",
        "200604": "18.08",
        "200605": "19.01",
        "200606": "16.70",
        "200607": "16.14",
        "200608": "16.83",
        "200609": "17.14",
        "200610": "19.04",
        "200611": "19.17",
        "200612": "21.27",
        "200701": "23.14",
        "200702": "24.20",
        "200703": "23.41",
        "200704": "28.00",
        "200705": "25.69",
        "200706": "26.18",
        "200707": "28.45",
        "200708": "26.39",
        "200709": "27.03",
        "200710": "29.23",
        "200711": "27.95",
        "200712": "26.40",
        "200801": "24.64",
        "200802": "22.68",
        "200803": "24.00",
        "200804": "25.05",
        "200805": "28.95",
        "200806": "26.99",
        "200807": "23.22",
        "200808": "22.49",
        "200809": "21.09",
        "200810": "18.83",
        "200811": "18.36",
        "200812": "18.13",
        "200901": "17.37",
        "200902": "16.86",
        "200903": "18.41",
        "200904": "23.11",
        "200905": "29.54",
        "200906": "28.31",
        "200907": "28.69",
        "200908": "26.98",
        "200909": "29.08",
        "200910": "34.92",
        "200911": "36.68",
        "200912": "35.75",
        "201001": "36.54",
        "201002": "33.93",
        "201003": "35.73",
        "201004": "37.28",
        "201005": "35.75",
        "201006": "34.22",
        "201007": "32.97",
        "201008": "36.21",
        "201009": "37.22",
        "201010": "37.52",
        "201011": "35.45",
        "201012": "34.84",
        "201101": "35.74",
        "201102": "35.21",
        "201103": "34.48",
        "201104": "35.37",
        "201105": "35.63",
        "201106": "34.50",
        "201107": "33.70",
        "201108": "28.53",
        "201109": "24.70",
        "201110": "24.54",
        "201111": "23.35",
        "201112": "22.04",
        "201201": "22.10",
        "201202": "24.56",
        "201203": "26.13",
        "201204": "24.76",
        "201205": "23.75",
        "201206": "22.67",
        "201207": "23.43",
        "201208": "23.72",
        "201209": "23.94",
        "201210": "23.29",
        "201211": "23.06",
        "201212": "23.60",
        "201301": "23.81",
        "201302": "24.19",
        "201303": "25.03",
        "201304": "26.38",
        "201305": "27.18",
        "201306": "26.88",
        "201307": "27.15",
        "201308": "27.35",
        "201309": "28.40",
        "201310": "28.61",
        "201311": "27.68",
        "201312": "29.36",
        "201401": "30.25",
        "201402": "29.38",
        "201403": "29.68",
        "201404": "30.43",
        "201405": "29.90",
        "201406": "30.43",
        "201407": "30.31",
        "201408": "29.00",
        "201409": "29.66",
        "201410": "29.06",
        "201411": "29.34",
        "201412": "29.84",
        "201501": "31.33",
        "201502": "34.93",
        "201503": "39.62",
        "201504": "45.61",
        "201505": "48.79",
        "201506": "43.07",
        "201507": "38.75",
        "201508": "34.74",
        "201509": "38.67",
        "201510": "43.38",
        "201511": "40.01",
        "201512": "39.30",
        "201601": "35.41",
        "201602": "36.59",
        "201603": "38.63",
        "201604": "38.82",
        "201605": "37.87",
        "201606": "38.11",
        "201607": "38.72",
        "201608": "37.25",
        "201609": "36.58",
        "201610": "35.80",
        "201611": "34.58",
        "201612": "35.39",
        "201701": "35.52",
        "201702": "36.01",
        "201703": "37.38",
        "201704": "37.37",
        "201705": "37.14",
        "201706": "37.41",
        "201707": "36.08",
        "201708": "35.69",
        "201709": "35.51",
        "201710": "35.17",
        "201711": "34.72",
        "201712": "33.73",
        "201801": "33.73",
        "201802": "32.98",
        "201803": "32.94",
        "201804": "32.30",
        "201805": "30.84",
        "201806": "30.19",
        "201807": "28.61",
        "201808": "27.95",
        "201809": "27.44",
        "201810": "24.43",
        "201811": "22.68",
        "201812": "22.75",
        "201901": "23.96",
        "201902": "25.41",
        "201903": "24.36",
        "201904": "23.70",
        "201905": "24.00",
        "201906": "24.59",
        "201907": "23.83",
        "201908": "22.68",
        "201909": "23.70",
        "201910": "24.32",
        "201911": "24.00",
        "201912": "23.75",
        "202001": "23.17",
        "202002": "22.13",
        "202003": "18.63",
        "202004": "19.33",
        "202005": "25.25",
        "202006": "22.41",
        "202007": "21.04",
        "202008": "21.39",
        "202009": "21.07",
        "202010": "21.07",
        "202011": "21.65",
        "202012": "22.45",
        "202101": "21.04",
        "202102": "20.54",
        "202103": "21.43",
        "202104": "22.73",
        "202105": "21.29",
        "202106": "22.83",
        "202107": "24.06",
        "202108": "22.24",
        "202109": "21.42",
        "202110": "21.55",
        "202111": "21.17",
        "202112": "20.70",
        "202201": "20.59",
        "202202": "20.70",
        "202203": "20.27",
        "202204": "20.19",
        "202205": "19.94",
        "202206": "20.14",
        "202207": "19.53",
        "202208": "20.37",
        "202209": "21.34",
        "202210": "20.35",
        "202211": "20.62",
        "202212": "20.94",
        "202301": "20.76",
        "202302": "20.91",
        "202303": "21.03",
        "202304": "20.99",
        "202305": "22.86",
        "202306": "25.15",
        "202307": "23.02",
        "202308": "23.88",
        "202309": "26.44",
        "202310": "24.85",
        "202311": "25.95",
        "202312": "26.52"
    },
    "quarters": {
        "20011": {
            "year_quarter": 20011,
            "year": 2001,
            "quarter": 1,
            "eps": 0.16,
            "eps_growth_year": -15.79,
            "eps_4q": 0.52,
            "eps_4q_growth_year": -25.43,
            "roe": 1.22,
            "roe_4q": 1.22,
            "gross_profit": 182894,
            "gross_margin": 18.88,
            "gross_margin_4q_avg": 18.88,
            "net_income": 32836,
            "net_income_4q": null,
            "revenue": 968733,
            "revenue_4q": null,
            "common_shares": 2069490,
            "book_valuer_per_share": 13.07,
            "book_valuer_per_share_4q_avg": 13.07,
            "equity": 2704825,
            "current_ratio": 189.41,
            "debt_ratio": 37.53,
            "inventory_turnover_ratio": 1.09,
            "account_receivable_turnover_ratio": null,
            "reinvestment_rate": null,
            "research_to_sale_ratio": null,
            "price_fair": 0,
            "eps_avg_yearly": 0,
            "eps_latest_yearly": 0,
            "eps_growth_yearly": 0
        },
        "20012": {
            "year_quarter": 20012,
            "year": 2001,
            "quarter": 2,
            "eps": 0,
            "eps_growth_year": -100,
            "eps_4q": 0.46,
            "eps_4q_growth_year": -32.17,
            "roe": 0,
            "roe_4q": 1.22,
            "gross_profit": 111618,
            "gross_margin": 12.16,
            "gross_margin_4q_avg": 15.52,
            "net_income": 51,
            "net_income_4q": null,
            "revenue": 917886,
            "revenue_4q": null,
            "common_shares": 2069490,
            "book_valuer_per_share": 12.66,
            "book_valuer_per_share_4q_avg": 12.87,
            "equity": 2620118,
            "current_ratio": 200.58,
            "debt_ratio": 37.93,
            "inventory_turnover_ratio": 1.14,
            "account_receivable_turnover_ratio": null,
            "reinvestment_rate": null,
            "research_to_sale_ratio": null,
            "price_fair": 0,
            "eps_avg_yearly": 0,
            "eps_latest_yearly": 0,
            "eps_growth_yearly": 0
        },
        "20013": {
            "year_quarter": 20013,
            "year": 2001,
            "quarter": 3,
            "eps": 0.01,
            "eps_growth_year": null,
            "eps_4q": 0.51,
            "eps_4q_growth_year": -9.64,
            "roe": 0.06,
            "roe_4q": 1.28,
            "gross_profit": 121724,
            "gross_margin": 13.83,
            "gross_margin_4q_avg": 14.96,
            "net_income": 1653,
            "net_income_4q": null,
            "revenue": 880269,
            "revenue_4q": null,
            "common_shares": 2069490,
            "book_valuer_per_share": 12.66,
            "book_valuer_per_share_4q_avg": 12.8,
            "equity": 2620129,
            "current_ratio": 226.48,
            "debt_ratio": 37.75,
            "inventory_turnover_ratio": 1.11,
            "account_receivable_turnover_ratio": null,
            "reinvestment_rate": null,
            "research_to_sale_ratio": null,
            "price_fair": 0,
            "eps_avg_yearly": 0,
            "eps_latest_yearly": 0,
            "eps_growth_yearly": 0
        },
        "20014": {
            "year_quarter": 20014,
            "year": 2001,
            "quarter": 4,
            "eps": 0.21,
            "eps_growth_year": -40,
            "eps_4q": 0.38,
            "eps_4q_growth_year": -32.14,
            "roe": 1.59,
            "roe_4q": 2.87,
            "gross_profit": 179188,
            "gross_margin": 18.17,
            "gross_margin_4q_avg": 15.76,
            "net_income": 42689,
            "net_income_4q": null,
            "revenue": 986124,
            "revenue_4q": null,
            "common_shares": 2069490,
            "book_valuer_per_share": 13.04,
            "book_valuer_per_share_4q_avg": 12.86,
            "equity": 2741293,
            "current_ratio": 226.2,
            "debt_ratio": 40.75,
            "inventory_turnover_ratio": 1.02,
            "account_receivable_turnover_ratio": null,
            "reinvestment_rate": null,
            "research_to_sale_ratio": null,
            "price_fair": 0,
            "eps_avg_yearly": 0,
            "eps_latest_yearly": 0,
            "eps_growth_yearly": 0
        },
        "20021": {
            "year_quarter": 20021,
            "year": 2002,
            "quarter": 1,
            "eps": 0.21,
            "eps_growth_year": 31.25,
            "eps_4q": 0.43,
            "eps_4q_growth_year": -18.19,
            "roe": 1.56,
            "roe_4q": 3.2100000000000004,
            "gross_profit": 171086,
            "gross_margin": 17.6,
            "gross_margin_4q_avg": 15.44,
            "net_income": 42840,
            "net_income_4q": null,
            "revenue": 971898,
            "revenue_4q": null,
            "common_shares": 2069490,
            "book_valuer_per_share": 13.25,
            "book_valuer_per_share_4q_avg": 12.9,
            "equity": 2742631,
            "current_ratio": 232.93,
            "debt_ratio": 36.96,
            "inventory_turnover_ratio": 1.05,
            "account_receivable_turnover_ratio": null,
            "reinvestment_rate": null,
            "research_to_sale_ratio": null,
            "price_fair": 8.4,
            "eps_avg_yearly": 0.84,
            "eps_latest_yearly": 0.84,
            "eps_growth_yearly": 0
        },
        "20022": {
            "year_quarter": 20022,
            "year": 2002,
            "quarter": 2,
            "eps": 0.45,
            "eps_growth_year": null,
            "eps_4q": 0.87,
            "eps_4q_growth_year": 89.11,
            "roe": 3.37,
            "roe_4q": 6.579999999999999,
            "gross_profit": 197783,
            "gross_margin": 19.05,
            "gross_margin_4q_avg": 17.16,
            "net_income": 92437,
            "net_income_4q": null,
            "revenue": 1038209,
            "revenue_4q": null,
            "common_shares": 2069490,
            "book_valuer_per_share": 13.25,
            "book_valuer_per_share_4q_avg": 13.05,
            "equity": 2742030,
            "current_ratio": 231.21,
            "debt_ratio": 36.87,
            "inventory_turnover_ratio": 1.39,
            "account_receivable_turnover_ratio": null,
            "reinvestment_rate": null,
            "research_to_sale_ratio": null,
            "price_fair": 46.2,
            "eps_avg_yearly": 1.32,
            "eps_latest_yearly": 1.8,
            "eps_growth_yearly": 228.57
        },
        "20023": {
            "year_quarter": 20023,
            "year": 2002,
            "quarter": 3,
            "eps": 0.11,
            "eps_growth_year": 1000,
            "eps_4q": 0.99,
            "eps_4q_growth_year": 93.17,
            "roe": 0.81,
            "roe_4q": 7.33,
            "gross_profit": 174456,
            "gross_margin": 17.73,
            "gross_margin_4q_avg": 18.14,
            "net_income": 22261,
            "net_income_4q": null,
            "revenue": 983808,
            "revenue_4q": null,
            "common_shares": 2069490,
            "book_valuer_per_share": 13.39,
            "book_valuer_per_share_4q_avg": 13.23,
            "equity": 2770112,
            "current_ratio": 223.69,
            "debt_ratio": 37.27,
            "inventory_turnover_ratio": 1.28,
            "account_receivable_turnover_ratio": null,
            "reinvestment_rate": null,
            "research_to_sale_ratio": null,
            "price_fair": 35.93,
            "eps_avg_yearly": 1.03,
            "eps_latest_yearly": 0.44,
            "eps_growth_yearly": 51.64
        },
        "20024": {
            "year_quarter": 20024,
            "year": 2002,
            "quarter": 4,
            "eps": 0.41,
            "eps_growth_year": 95.24,
            "eps_4q": 1.17,
            "eps_4q_growth_year": 208.15,
            "roe": 2.99,
            "roe_4q": 8.73,
            "gross_profit": 141480,
            "gross_margin": 12.29,
            "gross_margin_4q_avg": 16.67,
            "net_income": 84910,
            "net_income_4q": null,
            "revenue": 1150730,
            "revenue_4q": null,
            "common_shares": 2069490,
            "book_valuer_per_share": 13.79,
            "book_valuer_per_share_4q_avg": 13.42,
            "equity": 2912933,
            "current_ratio": 210.7,
            "debt_ratio": 40.84,
            "inventory_turnover_ratio": 1.4,
            "account_receivable_turnover_ratio": null,
            "reinvestment_rate": -61.76,
            "research_to_sale_ratio": null,
            "price_fair": 41.3,
            "eps_avg_yearly": 1.18,
            "eps_latest_yearly": 1.64,
            "eps_growth_yearly": 311.46
        },
        "20031": {
            "year_quarter": 20031,
            "year": 2003,
            "quarter": 1,
            "eps": 0.33,
            "eps_growth_year": 57.14,
            "eps_4q": 1.3,
            "eps_4q_growth_year": 203.66,
            "roe": 2.33,
            "roe_4q": 9.5,
            "gross_profit": 175327,
            "gross_margin": 15.93,
            "gross_margin_4q_avg": 16.25,
            "net_income": 68015,
            "net_income_4q": null,
            "revenue": 1100451,
            "revenue_4q": null,
            "common_shares": 2069490,
            "book_valuer_per_share": 14.12,
            "book_valuer_per_share_4q_avg": 13.64,
            "equity": 2921797,
            "current_ratio": 147.61,
            "debt_ratio": 40.71,
            "inventory_turnover_ratio": 1.33,
            "account_receivable_turnover_ratio": null,
            "reinvestment_rate": -66.5,
            "research_to_sale_ratio": null,
            "price_fair": 42.28,
            "eps_avg_yearly": 1.21,
            "eps_latest_yearly": 1.32,
            "eps_growth_yearly": 233.56
        },
        "20032": {
            "year_quarter": 20032,
            "year": 2003,
            "quarter": 2,
            "eps": 0.37,
            "eps_growth_year": -17.78,
            "eps_4q": 1.21,
            "eps_4q_growth_year": 38.59,
            "roe": 2.61,
            "roe_4q": 8.74,
            "gross_profit": 144850,
            "gross_margin": 13.81,
            "gross_margin_4q_avg": 14.94,
            "net_income": 76992,
            "net_income_4q": null,
            "revenue": 1048525,
            "revenue_4q": null,
            "common_shares": 2069490,
            "book_valuer_per_share": 14.39,
            "book_valuer_per_share_4q_avg": 13.92,
            "equity": 2978391,
            "current_ratio": 171.2,
            "debt_ratio": 39.91,
            "inventory_turnover_ratio": 1.42,
            "account_receivable_turnover_ratio": null,
            "reinvestment_rate": -54.99,
            "research_to_sale_ratio": null,
            "price_fair": 43.87,
            "eps_avg_yearly": 1.25,
            "eps_latest_yearly": 1.48,
            "eps_growth_yearly": 202.71
        },
        "20033": {
            "year_quarter": 20033,
            "year": 2003,
            "quarter": 3,
            "eps": 0.27,
            "eps_growth_year": 145.45,
            "eps_4q": 1.29,
            "eps_4q_growth_year": 29.92,
            "roe": 2.04,
            "roe_4q": 9.97,
            "gross_profit": 113810,
            "gross_margin": 11.94,
            "gross_margin_4q_avg": 13.49,
            "net_income": 61137,
            "net_income_4q": null,
            "revenue": 953240,
            "revenue_4q": null,
            "common_shares": 2276439,
            "book_valuer_per_share": 13.21,
            "book_valuer_per_share_4q_avg": 13.88,
            "equity": 3007938,
            "current_ratio": 180.09,
            "debt_ratio": 39.72,
            "inventory_turnover_ratio": 1.16,
            "account_receivable_turnover_ratio": null,
            "reinvestment_rate": -54.03,
            "research_to_sale_ratio": null,
            "price_fair": 43,
            "eps_avg_yearly": 1.23,
            "eps_latest_yearly": 1.08,
            "eps_growth_yearly": 158.31
        },
        "20034": {
            "year_quarter": 20034,
            "year": 2003,
            "quarter": 4,
            "eps": 0.43,
            "eps_growth_year": 4.88,
            "eps_4q": 1.33,
            "eps_4q_growth_year": 13.51,
            "roe": 3.22,
            "roe_4q": 10.2,
            "gross_profit": 176656,
            "gross_margin": 15.92,
            "gross_margin_4q_avg": 14.4,
            "net_income": 98614,
            "net_income_4q": null,
            "revenue": 1109840,
            "revenue_4q": null,
            "common_shares": 2276439,
            "book_valuer_per_share": 13.66,
            "book_valuer_per_share_4q_avg": 13.85,
            "equity": 3108679,
            "current_ratio": 321.49,
            "debt_ratio": 51.06,
            "inventory_turnover_ratio": 1.04,
            "account_receivable_turnover_ratio": null,
            "reinvestment_rate": -28.12,
            "research_to_sale_ratio": null,
            "price_fair": 45.15,
            "eps_avg_yearly": 1.29,
            "eps_latest_yearly": 1.72,
            "eps_growth_yearly": 168.15
        },
        "20041": {
            "year_quarter": 20041,
            "year": 2004,
            "quarter": 1,
            "eps": 0.3,
            "eps_growth_year": -9.09,
            "eps_4q": 1.35,
            "eps_4q_growth_year": 3.8,
            "roe": 2.16,
            "roe_4q": 10.030000000000001,
            "gross_profit": 171204,
            "gross_margin": 16.48,
            "gross_margin_4q_avg": 14.54,
            "net_income": 67785,
            "net_income_4q": null,
            "revenue": 1038681,
            "revenue_4q": null,
            "common_shares": 2276439,
            "book_valuer_per_share": 13.86,
            "book_valuer_per_share_4q_avg": 13.78,
            "equity": 3154320,
            "current_ratio": 250.53,
            "debt_ratio": 48.85,
            "inventory_turnover_ratio": 0.97,
            "account_receivable_turnover_ratio": null,
            "reinvestment_rate": -50.73,
            "research_to_sale_ratio": null,
            "price_fair": 44.8,
            "eps_avg_yearly": 1.28,
            "eps_latest_yearly": 1.2,
            "eps_growth_yearly": 136.03
        },
        "20042": {
            "year_quarter": 20042,
            "year": 2004,
            "quarter": 2,
            "eps": 0.44,
            "eps_growth_year": 18.92,
            "eps_4q": 1.35,
            "eps_4q_growth_year": 11.73,
            "roe": 3.42,
            "roe_4q": 10.84,
            "gross_profit": 152584,
            "gross_margin": 15.18,
            "gross_margin_4q_avg": 14.88,
            "net_income": 109529,
            "net_income_4q": null,
            "revenue": 1005485,
            "revenue_4q": null,
            "common_shares": 2276439,
            "book_valuer_per_share": 14.3,
            "book_valuer_per_share_4q_avg": 13.76,
            "equity": 3255899,
            "current_ratio": 233.34,
            "debt_ratio": 47.07,
            "inventory_turnover_ratio": 1.1,
            "account_receivable_turnover_ratio": null,
            "reinvestment_rate": -42.53,
            "research_to_sale_ratio": null,
            "price_fair": 46.48,
            "eps_avg_yearly": 1.33,
            "eps_latest_yearly": 1.76,
            "eps_growth_yearly": 141.09
        },
        "20043": {
            "year_quarter": 20043,
            "year": 2004,
            "quarter": 3,
            "eps": 0.27,
            "eps_growth_year": 0,
            "eps_4q": 1.36,
            "eps_4q_growth_year": 5.61,
            "roe": 2.09,
            "roe_4q": 10.89,
            "gross_profit": 159006,
            "gross_margin": 15.4,
            "gross_margin_4q_avg": 15.75,
            "net_income": 68505,
            "net_income_4q": null,
            "revenue": 1032654,
            "revenue_4q": null,
            "common_shares": 2504083,
            "book_valuer_per_share": 13.22,
            "book_valuer_per_share_4q_avg": 13.76,
            "equity": 3311106,
            "current_ratio": 230.05,
            "debt_ratio": 46.97,
            "inventory_turnover_ratio": 1.05,
            "account_receivable_turnover_ratio": null,
            "reinvestment_rate": -39.13,
            "research_to_sale_ratio": null,
            "price_fair": 45.69,
            "eps_avg_yearly": 1.31,
            "eps_latest_yearly": 1.08,
            "eps_growth_yearly": 114.22
        },
        "20044": {
            "year_quarter": 20044,
            "year": 2004,
            "quarter": 4,
            "eps": 0.34,
            "eps_growth_year": -20.93,
            "eps_4q": 1.33,
            "eps_4q_growth_year": 0.12,
            "roe": 2.53,
            "roe_4q": 10.2,
            "gross_profit": 154361,
            "gross_margin": 14.28,
            "gross_margin_4q_avg": 15.34,
            "net_income": 84384,
            "net_income_4q": null,
            "revenue": 1080784,
            "revenue_4q": null,
            "common_shares": 2504083,
            "book_valuer_per_share": 13.46,
            "book_valuer_per_share_4q_avg": 13.71,
            "equity": 3369521,
            "current_ratio": 228.2,
            "debt_ratio": 49.97,
            "inventory_turnover_ratio": 0.86,
            "account_receivable_turnover_ratio": null,
            "reinvestment_rate": -55.84,
            "research_to_sale_ratio": null,
            "price_fair": 45.85,
            "eps_avg_yearly": 1.31,
            "eps_latest_yearly": 1.36,
            "eps_growth_yearly": 113.34
        },
        "20051": {
            "year_quarter": 20051,
            "year": 2005,
            "quarter": 1,
            "eps": 0.55,
            "eps_growth_year": 83.33,
            "eps_4q": 1.6,
            "eps_4q_growth_year": 18.74,
            "roe": 4.05,
            "roe_4q": 12.09,
            "gross_profit": 167523,
            "gross_margin": 16.87,
            "gross_margin_4q_avg": 15.43,
            "net_income": 137409,
            "net_income_4q": null,
            "revenue": 993186,
            "revenue_4q": null,
            "common_shares": 2504083,
            "book_valuer_per_share": 13.67,
            "book_valuer_per_share_4q_avg": 13.66,
            "equity": 3424197,
            "current_ratio": 271.61,
            "debt_ratio": 43.71,
            "inventory_turnover_ratio": 0.74,
            "account_receivable_turnover_ratio": null,
            "reinvestment_rate": -29.34,
            "research_to_sale_ratio": null,
            "price_fair": 48.25,
            "eps_avg_yearly": 1.38,
            "eps_latest_yearly": 2.2,
            "eps_growth_yearly": 123.63
        },
        "20052": {
            "year_quarter": 20052,
            "year": 2005,
            "quarter": 2,
            "eps": 0.23,
            "eps_growth_year": -47.73,
            "eps_4q": 1.38,
            "eps_4q_growth_year": 1.8,
            "roe": 1.73,
            "roe_4q": 10.399999999999999,
            "gross_profit": 124307,
            "gross_margin": 11.84,
            "gross_margin_4q_avg": 14.6,
            "net_income": 58140,
            "net_income_4q": null,
            "revenue": 1049909,
            "revenue_4q": null,
            "common_shares": 2504083,
            "book_valuer_per_share": 13.19,
            "book_valuer_per_share_4q_avg": 13.39,
            "equity": 3302070,
            "current_ratio": 230.8,
            "debt_ratio": 43.67,
            "inventory_turnover_ratio": 1.02,
            "account_receivable_turnover_ratio": null,
            "reinvestment_rate": -24.29,
            "research_to_sale_ratio": null,
            "price_fair": 47.1,
            "eps_avg_yearly": 1.35,
            "eps_latest_yearly": 0.92,
            "eps_growth_yearly": 98.17
        },
        "20053": {
            "year_quarter": 20053,
            "year": 2005,
            "quarter": 3,
            "eps": 0.22,
            "eps_growth_year": -18.52,
            "eps_4q": 1.34,
            "eps_4q_growth_year": -1.55,
            "roe": 1.64,
            "roe_4q": 9.95,
            "gross_profit": 110716,
            "gross_margin": 11.23,
            "gross_margin_4q_avg": 13.56,
            "net_income": 55159,
            "net_income_4q": null,
            "revenue": 985645,
            "revenue_4q": null,
            "common_shares": 2504083,
            "book_valuer_per_share": 13.74,
            "book_valuer_per_share_4q_avg": 13.52,
            "equity": 3441632,
            "current_ratio": 119.29,
            "debt_ratio": 42.3,
            "inventory_turnover_ratio": 1,
            "account_receivable_turnover_ratio": null,
            "reinvestment_rate": -21.22,
            "research_to_sale_ratio": null,
            "price_fair": 46.01,
            "eps_avg_yearly": 1.31,
            "eps_latest_yearly": 0.88,
            "eps_growth_yearly": 90.47
        },
        "20054": {
            "year_quarter": 20054,
            "year": 2005,
            "quarter": 4,
            "eps": 0.39,
            "eps_growth_year": 14.71,
            "eps_4q": 1.39,
            "eps_4q_growth_year": 4.61,
            "roe": 2.8,
            "roe_4q": 10.219999999999999,
            "gross_profit": 171683,
            "gross_margin": 14.62,
            "gross_margin_4q_avg": 13.64,
            "net_income": 97600,
            "net_income_4q": null,
            "revenue": 1173913,
            "revenue_4q": null,
            "common_shares": 2504083,
            "book_valuer_per_share": 14.08,
            "book_valuer_per_share_4q_avg": 13.67,
            "equity": 3525288,
            "current_ratio": 243.55,
            "debt_ratio": 45.78,
            "inventory_turnover_ratio": 1.08,
            "account_receivable_turnover_ratio": null,
            "reinvestment_rate": 84.98,
            "research_to_sale_ratio": null,
            "price_fair": 46.55,
            "eps_avg_yearly": 1.33,
            "eps_latest_yearly": 1.56,
            "eps_growth_yearly": 104.13
        },
        "20061": {
            "year_quarter": 20061,
            "year": 2006,
            "quarter": 1,
            "eps": 0.64,
            "eps_growth_year": 16.36,
            "eps_4q": 1.49,
            "eps_4q_growth_year": -6.97,
            "roe": 4.42,
            "roe_4q": 10.59,
            "gross_profit": 195659,
            "gross_margin": 19.25,
            "gross_margin_4q_avg": 14.24,
            "net_income": 159024,
            "net_income_4q": null,
            "revenue": 1016539,
            "revenue_4q": null,
            "common_shares": 2504083,
            "book_valuer_per_share": 14.63,
            "book_valuer_per_share_4q_avg": 13.91,
            "equity": 3664673,
            "current_ratio": 203.86,
            "debt_ratio": 38.56,
            "inventory_turnover_ratio": 0.93,
            "account_receivable_turnover_ratio": null,
            "reinvestment_rate": -16.09,
            "research_to_sale_ratio": null,
            "price_fair": 50.31,
            "eps_avg_yearly": 1.44,
            "eps_latest_yearly": 2.56,
            "eps_growth_yearly": 120.16
        },
        "20062": {
            "year_quarter": 20062,
            "year": 2006,
            "quarter": 2,
            "eps": 0.32,
            "eps_growth_year": 39.13,
            "eps_4q": 1.58,
            "eps_4q_growth_year": 14.64,
            "roe": 2.22,
            "roe_4q": 11.080000000000002,
            "gross_profit": 128376,
            "gross_margin": 12.97,
            "gross_margin_4q_avg": 14.52,
            "net_income": 79173,
            "net_income_4q": null,
            "revenue": 989492,
            "revenue_4q": null,
            "common_shares": 2504083,
            "book_valuer_per_share": 13.83,
            "book_valuer_per_share_4q_avg": 14.07,
            "equity": 3463373,
            "current_ratio": 196.07,
            "debt_ratio": 41.48,
            "inventory_turnover_ratio": 1.02,
            "account_receivable_turnover_ratio": null,
            "reinvestment_rate": -14.03,
            "research_to_sale_ratio": null,
            "price_fair": 49.18,
            "eps_avg_yearly": 1.41,
            "eps_latest_yearly": 1.28,
            "eps_growth_yearly": 79.09
        },
        "20063": {
            "year_quarter": 20063,
            "year": 2006,
            "quarter": 3,
            "eps": 0.39,
            "eps_growth_year": 77.27,
            "eps_4q": 1.72,
            "eps_4q_growth_year": 28.98,
            "roe": 2.77,
            "roe_4q": 12.21,
            "gross_profit": 124303,
            "gross_margin": 11.83,
            "gross_margin_4q_avg": 14.67,
            "net_income": 98181,
            "net_income_4q": null,
            "revenue": 1050640,
            "revenue_4q": null,
            "common_shares": 2504083,
            "book_valuer_per_share": 14.49,
            "book_valuer_per_share_4q_avg": 14.26,
            "equity": 3629500,
            "current_ratio": 183.06,
            "debt_ratio": 42.04,
            "inventory_turnover_ratio": 0.9,
            "account_receivable_turnover_ratio": null,
            "reinvestment_rate": -13.4,
            "research_to_sale_ratio": null,
            "price_fair": 51.63,
            "eps_avg_yearly": 1.48,
            "eps_latest_yearly": 1.56,
            "eps_growth_yearly": 103.44
        },
        "20064": {
            "year_quarter": 20064,
            "year": 2006,
            "quarter": 4,
            "eps": 0.41,
            "eps_growth_year": 5.13,
            "eps_4q": 1.76,
            "eps_4q_growth_year": 26.8,
            "roe": 2.78,
            "roe_4q": 12.19,
            "gross_profit": 185557,
            "gross_margin": 16.47,
            "gross_margin_4q_avg": 15.13,
            "net_income": 101799,
            "net_income_4q": null,
            "revenue": 1126489,
            "revenue_4q": null,
            "common_shares": 2504083,
            "book_valuer_per_share": 14.8,
            "book_valuer_per_share_4q_avg": 14.44,
            "equity": 3705224,
            "current_ratio": 255.28,
            "debt_ratio": 42.77,
            "inventory_turnover_ratio": 0.73,
            "account_receivable_turnover_ratio": null,
            "reinvestment_rate": 73.34,
            "research_to_sale_ratio": null,
            "price_fair": 51.63,
            "eps_avg_yearly": 1.48,
            "eps_latest_yearly": 1.64,
            "eps_growth_yearly": 36.54
        },
        "20071": {
            "year_quarter": 20071,
            "year": 2007,
            "quarter": 1,
            "eps": 0.65,
            "eps_growth_year": 1.56,
            "eps_4q": 1.77,
            "eps_4q_growth_year": 18.81,
            "roe": 4.26,
            "roe_4q": 12.03,
            "gross_profit": 160533,
            "gross_margin": 15.43,
            "gross_margin_4q_avg": 14.18,
            "net_income": 162174,
            "net_income_4q": null,
            "revenue": 1040611,
            "revenue_4q": null,
            "common_shares": 2504083,
            "book_valuer_per_share": 15.6,
            "book_valuer_per_share_4q_avg": 14.68,
            "equity": 3905693,
            "current_ratio": 180.05,
            "debt_ratio": 39.29,
            "inventory_turnover_ratio": 0.67,
            "account_receivable_turnover_ratio": null,
            "reinvestment_rate": -11.79,
            "research_to_sale_ratio": null,
            "price_fair": 54.43,
            "eps_avg_yearly": 1.56,
            "eps_latest_yearly": 2.6,
            "eps_growth_yearly": 56.06
        },
        "20072": {
            "year_quarter": 20072,
            "year": 2007,
            "quarter": 2,
            "eps": 0.41,
            "eps_growth_year": 28.12,
            "eps_4q": 1.85,
            "eps_4q_growth_year": 17.03,
            "roe": 2.75,
            "roe_4q": 12.559999999999999,
            "gross_profit": 174471,
            "gross_margin": 15.02,
            "gross_margin_4q_avg": 14.69,
            "net_income": 103167,
            "net_income_4q": null,
            "revenue": 1161910,
            "revenue_4q": null,
            "common_shares": 2504083,
            "book_valuer_per_share": 14.32,
            "book_valuer_per_share_4q_avg": 14.8,
            "equity": 3584719,
            "current_ratio": 139.18,
            "debt_ratio": 45.94,
            "inventory_turnover_ratio": 0.8,
            "account_receivable_turnover_ratio": null,
            "reinvestment_rate": -8.76,
            "research_to_sale_ratio": null,
            "price_fair": 54.78,
            "eps_avg_yearly": 1.57,
            "eps_latest_yearly": 1.64,
            "eps_growth_yearly": 43.8
        },
        "20073": {
            "year_quarter": 20073,
            "year": 2007,
            "quarter": 3,
            "eps": 0.41,
            "eps_growth_year": 5.13,
            "eps_4q": 1.89,
            "eps_4q_growth_year": 9.4,
            "roe": 2.81,
            "roe_4q": 12.6,
            "gross_profit": 150194,
            "gross_margin": 13.02,
            "gross_margin_4q_avg": 14.99,
            "net_income": 101995,
            "net_income_4q": null,
            "revenue": 1153635,
            "revenue_4q": null,
            "common_shares": 2504083,
            "book_valuer_per_share": 14.66,
            "book_valuer_per_share_4q_avg": 14.85,
            "equity": 3671849,
            "current_ratio": 152.63,
            "debt_ratio": 44.2,
            "inventory_turnover_ratio": 0.93,
            "account_receivable_turnover_ratio": null,
            "reinvestment_rate": -5.63,
            "research_to_sale_ratio": null,
            "price_fair": 56,
            "eps_avg_yearly": 1.6,
            "eps_latest_yearly": 1.64,
            "eps_growth_yearly": 50.55
        },
        "20074": {
            "year_quarter": 20074,
            "year": 2007,
            "quarter": 4,
            "eps": 0.59,
            "eps_growth_year": 43.9,
            "eps_4q": 2.06,
            "eps_4q_growth_year": 16.63,
            "roe": 3.95,
            "roe_4q": 13.77,
            "gross_profit": 163868,
            "gross_margin": 11.81,
            "gross_margin_4q_avg": 13.82,
            "net_income": 147606,
            "net_income_4q": null,
            "revenue": 1387774,
            "revenue_4q": null,
            "common_shares": 2504083,
            "book_valuer_per_share": 15.17,
            "book_valuer_per_share_4q_avg": 14.94,
            "equity": 3798218,
            "current_ratio": 149.9,
            "debt_ratio": 45.09,
            "inventory_turnover_ratio": 1.08,
            "account_receivable_turnover_ratio": null,
            "reinvestment_rate": 68.56,
            "research_to_sale_ratio": null,
            "price_fair": 57.4,
            "eps_avg_yearly": 1.64,
            "eps_latest_yearly": 2.36,
            "eps_growth_yearly": 46.71
        },
        "20081": {
            "year_quarter": 20081,
            "year": 2008,
            "quarter": 1,
            "eps": 0.91,
            "eps_growth_year": 40,
            "eps_4q": 2.32,
            "eps_4q_growth_year": 31.18,
            "roe": 5.95,
            "roe_4q": 15.46,
            "gross_profit": 533116,
            "gross_margin": 29.56,
            "gross_margin_4q_avg": 17.35,
            "net_income": 227617,
            "net_income_4q": null,
            "revenue": 1803398,
            "revenue_4q": null,
            "common_shares": 2504083,
            "book_valuer_per_share": 15.39,
            "book_valuer_per_share_4q_avg": 14.89,
            "equity": 3855015,
            "current_ratio": 150.06,
            "debt_ratio": 45.37,
            "inventory_turnover_ratio": 0.9,
            "account_receivable_turnover_ratio": null,
            "reinvestment_rate": 72.56,
            "research_to_sale_ratio": null,
            "price_fair": 62.74,
            "eps_avg_yearly": 1.79,
            "eps_latest_yearly": 3.64,
            "eps_growth_yearly": 67.83
        },
        "20082": {
            "year_quarter": 20082,
            "year": 2008,
            "quarter": 2,
            "eps": 0.53,
            "eps_growth_year": 29.27,
            "eps_4q": 2.43,
            "eps_4q_growth_year": 31.18,
            "roe": 3.53,
            "roe_4q": 16.24,
            "gross_profit": 434774,
            "gross_margin": 20.4,
            "gross_margin_4q_avg": 18.7,
            "net_income": 133414,
            "net_income_4q": null,
            "revenue": 2130930,
            "revenue_4q": null,
            "common_shares": 2504083,
            "book_valuer_per_share": 14.79,
            "book_valuer_per_share_4q_avg": 15,
            "equity": 3703395,
            "current_ratio": 138.11,
            "debt_ratio": 47.88,
            "inventory_turnover_ratio": 1.18,
            "account_receivable_turnover_ratio": null,
            "reinvestment_rate": 75.01,
            "research_to_sale_ratio": null,
            "price_fair": 63.53,
            "eps_avg_yearly": 1.82,
            "eps_latest_yearly": 2.12,
            "eps_growth_yearly": 45.72
        },
        "20083": {
            "year_quarter": 20083,
            "year": 2008,
            "quarter": 3,
            "eps": 0.73,
            "eps_growth_year": 78.05,
            "eps_4q": 2.67,
            "eps_4q_growth_year": 41.79,
            "roe": 4.92,
            "roe_4q": 18.349999999999998,
            "gross_profit": 597833,
            "gross_margin": 25.56,
            "gross_margin_4q_avg": 21.83,
            "net_income": 191017,
            "net_income_4q": null,
            "revenue": 2338826,
            "revenue_4q": null,
            "common_shares": 2629287,
            "book_valuer_per_share": 15.44,
            "book_valuer_per_share_4q_avg": 15.2,
            "equity": 4060295,
            "current_ratio": 139.76,
            "debt_ratio": 48.64,
            "inventory_turnover_ratio": 1.18,
            "account_receivable_turnover_ratio": null,
            "reinvestment_rate": 78.36,
            "research_to_sale_ratio": null,
            "price_fair": 67.55,
            "eps_avg_yearly": 1.93,
            "eps_latest_yearly": 2.92,
            "eps_growth_yearly": 64.82
        },
        "20084": {
            "year_quarter": 20084,
            "year": 2008,
            "quarter": 4,
            "eps": 0.7,
            "eps_growth_year": 18.64,
            "eps_4q": 2.81,
            "eps_4q_growth_year": 36.66,
            "roe": 4.37,
            "roe_4q": 18.77,
            "gross_profit": 345821,
            "gross_margin": 17.07,
            "gross_margin_4q_avg": 23.15,
            "net_income": 182904,
            "net_income_4q": null,
            "revenue": 2026181,
            "revenue_4q": null,
            "common_shares": 2629287,
            "book_valuer_per_share": 16.38,
            "book_valuer_per_share_4q_avg": 15.5,
            "equity": 4307002,
            "current_ratio": 173.85,
            "debt_ratio": 45.29,
            "inventory_turnover_ratio": 1.28,
            "account_receivable_turnover_ratio": 3.06,
            "reinvestment_rate": 13.45,
            "research_to_sale_ratio": null,
            "price_fair": 70.7,
            "eps_avg_yearly": 2.02,
            "eps_latest_yearly": 2.8,
            "eps_growth_yearly": 57.31
        },
        "20091": {
            "year_quarter": 20091,
            "year": 2009,
            "quarter": 1,
            "eps": 1.1,
            "eps_growth_year": 20.88,
            "eps_4q": 3.04,
            "eps_4q_growth_year": 30.88,
            "roe": 6.39,
            "roe_4q": 19.21,
            "gross_profit": 566464,
            "gross_margin": 28.21,
            "gross_margin_4q_avg": 22.81,
            "net_income": 288137,
            "net_income_4q": null,
            "revenue": 2007850,
            "revenue_4q": null,
            "common_shares": 2629287,
            "book_valuer_per_share": 17.9,
            "book_valuer_per_share_4q_avg": 16.13,
            "equity": 4705690,
            "current_ratio": 218.82,
            "debt_ratio": 40.95,
            "inventory_turnover_ratio": 1.36,
            "account_receivable_turnover_ratio": 1.47,
            "reinvestment_rate": 79.01,
            "research_to_sale_ratio": null,
            "price_fair": 75.51,
            "eps_avg_yearly": 2.16,
            "eps_latest_yearly": 4.4,
            "eps_growth_yearly": 56.15
        },
        "20092": {
            "year_quarter": 20092,
            "year": 2009,
            "quarter": 2,
            "eps": 0.76,
            "eps_growth_year": 43.4,
            "eps_4q": 3.28,
            "eps_4q_growth_year": 35.32,
            "roe": 4.23,
            "roe_4q": 19.910000000000004,
            "gross_profit": 532379,
            "gross_margin": 28,
            "gross_margin_4q_avg": 24.71,
            "net_income": 199456,
            "net_income_4q": null,
            "revenue": 1901307,
            "revenue_4q": null,
            "common_shares": 2629287,
            "book_valuer_per_share": 17.97,
            "book_valuer_per_share_4q_avg": 16.92,
            "equity": 4725288,
            "current_ratio": 215.61,
            "debt_ratio": 39.98,
            "inventory_turnover_ratio": 1.38,
            "account_receivable_turnover_ratio": 1.55,
            "reinvestment_rate": 71.7,
            "research_to_sale_ratio": null,
            "price_fair": 80.15,
            "eps_avg_yearly": 2.29,
            "eps_latest_yearly": 3.04,
            "eps_growth_yearly": 62.97
        },
        "20093": {
            "year_quarter": 20093,
            "year": 2009,
            "quarter": 3,
            "eps": 0.66,
            "eps_growth_year": -9.59,
            "eps_4q": 2.92,
            "eps_4q_growth_year": 9.35,
            "roe": 4.08,
            "roe_4q": 19.07,
            "gross_profit": 522529,
            "gross_margin": 26.88,
            "gross_margin_4q_avg": 25.04,
            "net_income": 195478,
            "net_income_4q": null,
            "revenue": 1943674,
            "revenue_4q": null,
            "common_shares": 2971094,
            "book_valuer_per_share": 16.33,
            "book_valuer_per_share_4q_avg": 17.15,
            "equity": 4853007,
            "current_ratio": 216.84,
            "debt_ratio": 40.3,
            "inventory_turnover_ratio": 1.34,
            "account_receivable_turnover_ratio": 1.7,
            "reinvestment_rate": 65.92,
            "research_to_sale_ratio": null,
            "price_fair": 84,
            "eps_avg_yearly": 2.4,
            "eps_latest_yearly": 2.64,
            "eps_growth_yearly": 60.77
        },
        "20094": {
            "year_quarter": 20094,
            "year": 2009,
            "quarter": 4,
            "eps": 0.69,
            "eps_growth_year": -1.43,
            "eps_4q": 2.98,
            "eps_4q_growth_year": 6.09,
            "roe": 4.11,
            "roe_4q": 18.810000000000002,
            "gross_profit": 568894,
            "gross_margin": 25.34,
            "gross_margin_4q_avg": 27.11,
            "net_income": 203528,
            "net_income_4q": null,
            "revenue": 2244605,
            "revenue_4q": null,
            "common_shares": 2971094,
            "book_valuer_per_share": 16.97,
            "book_valuer_per_share_4q_avg": 17.29,
            "equity": 5042728,
            "current_ratio": 221.38,
            "debt_ratio": 38.67,
            "inventory_turnover_ratio": 1.56,
            "account_receivable_turnover_ratio": 3.5,
            "reinvestment_rate": 175.76,
            "research_to_sale_ratio": null,
            "price_fair": 86.63,
            "eps_avg_yearly": 2.48,
            "eps_latest_yearly": 2.76,
            "eps_growth_yearly": 42.59
        },
        "20101": {
            "year_quarter": 20101,
            "year": 2010,
            "quarter": 1,
            "eps": 1.03,
            "eps_growth_year": -6.36,
            "eps_4q": 3.04,
            "eps_4q_growth_year": 0.19,
            "roe": 5.89,
            "roe_4q": 18.310000000000002,
            "gross_profit": 628278,
            "gross_margin": 29.74,
            "gross_margin_4q_avg": 27.49,
            "net_income": 305554,
            "net_income_4q": null,
            "revenue": 2112484,
            "revenue_4q": null,
            "common_shares": 2971094,
            "book_valuer_per_share": 17.95,
            "book_valuer_per_share_4q_avg": 17.31,
            "equity": 5331775,
            "current_ratio": 226.82,
            "debt_ratio": 37.86,
            "inventory_turnover_ratio": 1.28,
            "account_receivable_turnover_ratio": 1.6,
            "reinvestment_rate": 227.94,
            "research_to_sale_ratio": 4.22,
            "price_fair": 90.04,
            "eps_avg_yearly": 2.57,
            "eps_latest_yearly": 4.12,
            "eps_growth_yearly": 38.88
        },
        "20102": {
            "year_quarter": 20102,
            "year": 2010,
            "quarter": 2,
            "eps": 0.73,
            "eps_growth_year": -4.44,
            "eps_4q": 2.98,
            "eps_4q_growth_year": -9.08,
            "roe": 4.32,
            "roe_4q": 18.4,
            "gross_profit": 584665,
            "gross_margin": 25.63,
            "gross_margin_4q_avg": 26.9,
            "net_income": 226556,
            "net_income_4q": null,
            "revenue": 2281003,
            "revenue_4q": null,
            "common_shares": 2971094,
            "book_valuer_per_share": 17.36,
            "book_valuer_per_share_4q_avg": 17.15,
            "equity": 5156609,
            "current_ratio": 178.88,
            "debt_ratio": 43.4,
            "inventory_turnover_ratio": 1.29,
            "account_receivable_turnover_ratio": 1.7,
            "reinvestment_rate": 231.07,
            "research_to_sale_ratio": 4.07,
            "price_fair": 93.63,
            "eps_avg_yearly": 2.68,
            "eps_latest_yearly": 2.92,
            "eps_growth_yearly": 44.1
        },
        "20103": {
            "year_quarter": 20103,
            "year": 2010,
            "quarter": 3,
            "eps": 0.62,
            "eps_growth_year": -6.45,
            "eps_4q": 2.98,
            "eps_4q_growth_year": 1.77,
            "roe": 3.7,
            "roe_4q": 18.02,
            "gross_profit": 598545,
            "gross_margin": 25.28,
            "gross_margin_4q_avg": 26.5,
            "net_income": 192623,
            "net_income_4q": null,
            "revenue": 2367667,
            "revenue_4q": null,
            "common_shares": 3119649,
            "book_valuer_per_share": 16.88,
            "book_valuer_per_share_4q_avg": 17.29,
            "equity": 5266982,
            "current_ratio": 182.83,
            "debt_ratio": 41.14,
            "inventory_turnover_ratio": 1.32,
            "account_receivable_turnover_ratio": 1.69,
            "reinvestment_rate": 233.35,
            "research_to_sale_ratio": 4.01,
            "price_fair": 95.64,
            "eps_avg_yearly": 2.73,
            "eps_latest_yearly": 2.48,
            "eps_growth_yearly": 34.86
        },
        "20104": {
            "year_quarter": 20104,
            "year": 2010,
            "quarter": 4,
            "eps": 0.82,
            "eps_growth_year": 18.72,
            "eps_4q": 3.14,
            "eps_4q_growth_year": 5.3,
            "roe": 4.89,
            "roe_4q": 18.8,
            "gross_profit": 661467,
            "gross_margin": 25.73,
            "gross_margin_4q_avg": 26.6,
            "net_income": 255543,
            "net_income_4q": null,
            "revenue": 2571007,
            "revenue_4q": null,
            "common_shares": 3119649,
            "book_valuer_per_share": 16.65,
            "book_valuer_per_share_4q_avg": 17.21,
            "equity": 5192782,
            "current_ratio": 151.26,
            "debt_ratio": 42.15,
            "inventory_turnover_ratio": 1.36,
            "account_receivable_turnover_ratio": 1.76,
            "reinvestment_rate": 175.5,
            "research_to_sale_ratio": 4.01,
            "price_fair": 99.23,
            "eps_avg_yearly": 2.84,
            "eps_latest_yearly": 3.28,
            "eps_growth_yearly": 41.65
        },
        "20111": {
            "year_quarter": 20111,
            "year": 2011,
            "quarter": 1,
            "eps": 0.67,
            "eps_growth_year": -34.95,
            "eps_4q": 2.83,
            "eps_4q_growth_year": -7.03,
            "roe": 3.91,
            "roe_4q": 16.82,
            "gross_profit": 585678,
            "gross_margin": 24.52,
            "gross_margin_4q_avg": 25.29,
            "net_income": 207802,
            "net_income_4q": null,
            "revenue": 2388231,
            "revenue_4q": null,
            "common_shares": 3119649,
            "book_valuer_per_share": 17.42,
            "book_valuer_per_share_4q_avg": 17.08,
            "equity": 5433414,
            "current_ratio": 148.64,
            "debt_ratio": 42.53,
            "inventory_turnover_ratio": 1.11,
            "account_receivable_turnover_ratio": 1.59,
            "reinvestment_rate": 223.3,
            "research_to_sale_ratio": 3.61,
            "price_fair": 92.12,
            "eps_avg_yearly": 2.84,
            "eps_latest_yearly": 2.68,
            "eps_growth_yearly": 22.44
        },
        "20112": {
            "year_quarter": 20112,
            "year": 2011,
            "quarter": 2,
            "eps": 0.34,
            "eps_growth_year": -53.04,
            "eps_4q": 2.25,
            "eps_4q_growth_year": -24.53,
            "roe": 2.22,
            "roe_4q": 14.719999999999999,
            "gross_profit": 521002,
            "gross_margin": 21.48,
            "gross_margin_4q_avg": 24.25,
            "net_income": 117020,
            "net_income_4q": null,
            "revenue": 2425030,
            "revenue_4q": null,
            "common_shares": 3119649,
            "book_valuer_per_share": 16.36,
            "book_valuer_per_share_4q_avg": 16.83,
            "equity": 5103918,
            "current_ratio": 150.32,
            "debt_ratio": 46.92,
            "inventory_turnover_ratio": 1.02,
            "account_receivable_turnover_ratio": 1.56,
            "reinvestment_rate": 217.96,
            "research_to_sale_ratio": 3.93,
            "price_fair": 82.86,
            "eps_avg_yearly": 2.82,
            "eps_latest_yearly": 1.36,
            "eps_growth_yearly": 19.36
        },
        "20113": {
            "year_quarter": 20113,
            "year": 2011,
            "quarter": 3,
            "eps": 0.4,
            "eps_growth_year": -35.52,
            "eps_4q": 2.09,
            "eps_4q_growth_year": -29.78,
            "roe": 2.58,
            "roe_4q": 13.600000000000001,
            "gross_profit": 463305,
            "gross_margin": 17.42,
            "gross_margin_4q_avg": 22.29,
            "net_income": 136626,
            "net_income_4q": null,
            "revenue": 2660361,
            "revenue_4q": null,
            "common_shares": 3431614,
            "book_valuer_per_share": 15.95,
            "book_valuer_per_share_4q_avg": 16.6,
            "equity": 5475138,
            "current_ratio": 189.06,
            "debt_ratio": 47.61,
            "inventory_turnover_ratio": 1.16,
            "account_receivable_turnover_ratio": 1.56,
            "reinvestment_rate": 227.62,
            "research_to_sale_ratio": 3.59,
            "price_fair": 95.22,
            "eps_avg_yearly": 2.82,
            "eps_latest_yearly": 1.6,
            "eps_growth_yearly": 23.77
        },
        "20114": {
            "year_quarter": 20114,
            "year": 2011,
            "quarter": 4,
            "eps": 0.62,
            "eps_growth_year": -24.65,
            "eps_4q": 1.96,
            "eps_4q_growth_year": -37.56,
            "roe": 3.55,
            "roe_4q": 12.26,
            "gross_profit": 623794,
            "gross_margin": 23.58,
            "gross_margin_4q_avg": 21.75,
            "net_income": 211803,
            "net_income_4q": null,
            "revenue": 2645123,
            "revenue_4q": null,
            "common_shares": 3431614,
            "book_valuer_per_share": 18.82,
            "book_valuer_per_share_4q_avg": 17.14,
            "equity": 6458460,
            "current_ratio": 227.64,
            "debt_ratio": 43.18,
            "inventory_turnover_ratio": 1.1,
            "account_receivable_turnover_ratio": 1.5,
            "reinvestment_rate": 214.67,
            "research_to_sale_ratio": 3.64,
            "price_fair": 98.96,
            "eps_avg_yearly": 2.83,
            "eps_latest_yearly": 2.48,
            "eps_growth_yearly": 26.54
        },
        "20121": {
            "year_quarter": 20121,
            "year": 2012,
            "quarter": 1,
            "eps": 0.51,
            "eps_growth_year": -23.88,
            "eps_4q": 1.87,
            "eps_4q_growth_year": -33.9,
            "roe": 2.71,
            "roe_4q": 11.06,
            "gross_profit": 618111,
            "gross_margin": 23.69,
            "gross_margin_4q_avg": 21.54,
            "net_income": 176282,
            "net_income_4q": null,
            "revenue": 2608625,
            "revenue_4q": null,
            "common_shares": 3431614,
            "book_valuer_per_share": 19.04,
            "book_valuer_per_share_4q_avg": 17.54,
            "equity": 6532383,
            "current_ratio": 240.01,
            "debt_ratio": 41.84,
            "inventory_turnover_ratio": 1.07,
            "account_receivable_turnover_ratio": 1.44,
            "reinvestment_rate": 215.08,
            "research_to_sale_ratio": 3.28,
            "price_fair": 50.59,
            "eps_avg_yearly": 2.73,
            "eps_latest_yearly": 2.04,
            "eps_growth_yearly": 8.55
        },
        "20122": {
            "year_quarter": 20122,
            "year": 2012,
            "quarter": 2,
            "eps": 0.44,
            "eps_growth_year": 28.84,
            "eps_4q": 1.92,
            "eps_4q_growth_year": -14.59,
            "roe": 2.42,
            "roe_4q": 11.26,
            "gross_profit": 600872,
            "gross_margin": 23.86,
            "gross_margin_4q_avg": 22.14,
            "net_income": 155297,
            "net_income_4q": null,
            "revenue": 2518637,
            "revenue_4q": null,
            "common_shares": 3431614,
            "book_valuer_per_share": 18.43,
            "book_valuer_per_share_4q_avg": 18.06,
            "equity": 6324158,
            "current_ratio": 224.73,
            "debt_ratio": 43.14,
            "inventory_turnover_ratio": 1,
            "account_receivable_turnover_ratio": 1.42,
            "reinvestment_rate": 217.69,
            "research_to_sale_ratio": 3.63,
            "price_fair": 69.13,
            "eps_avg_yearly": 2.71,
            "eps_latest_yearly": 1.76,
            "eps_growth_yearly": 15.55
        },
        "20123": {
            "year_quarter": 20123,
            "year": 2012,
            "quarter": 3,
            "eps": 0.51,
            "eps_growth_year": 28.58,
            "eps_4q": 2.05,
            "eps_4q_growth_year": -1.92,
            "roe": 2.84,
            "roe_4q": 11.52,
            "gross_profit": 618104,
            "gross_margin": 22.45,
            "gross_margin_4q_avg": 23.4,
            "net_income": 180941,
            "net_income_4q": null,
            "revenue": 2752810,
            "revenue_4q": null,
            "common_shares": 3534562,
            "book_valuer_per_share": 18.17,
            "book_valuer_per_share_4q_avg": 18.62,
            "equity": 6423539,
            "current_ratio": 234.71,
            "debt_ratio": 43.64,
            "inventory_turnover_ratio": 1.12,
            "account_receivable_turnover_ratio": 1.63,
            "reinvestment_rate": 214.01,
            "research_to_sale_ratio": 3.33,
            "price_fair": 53.26,
            "eps_avg_yearly": 2.65,
            "eps_latest_yearly": 2.04,
            "eps_growth_yearly": 10.1
        },
        "20124": {
            "year_quarter": 20124,
            "year": 2012,
            "quarter": 4,
            "eps": 0.55,
            "eps_growth_year": -10.67,
            "eps_4q": 2,
            "eps_4q_growth_year": 2.01,
            "roe": 2.98,
            "roe_4q": 10.95,
            "gross_profit": 606226,
            "gross_margin": 23.06,
            "gross_margin_4q_avg": 23.27,
            "net_income": 194877,
            "net_income_4q": null,
            "revenue": 2628839,
            "revenue_4q": null,
            "common_shares": 3534562,
            "book_valuer_per_share": 18.78,
            "book_valuer_per_share_4q_avg": 18.61,
            "equity": 6638967,
            "current_ratio": 229.78,
            "debt_ratio": 42.76,
            "inventory_turnover_ratio": 1.09,
            "account_receivable_turnover_ratio": 1.59,
            "reinvestment_rate": 211.77,
            "research_to_sale_ratio": 3.63,
            "price_fair": 60.31,
            "eps_avg_yearly": 2.61,
            "eps_latest_yearly": 2.2,
            "eps_growth_yearly": 13.09
        },
        "20131": {
            "year_quarter": 20131,
            "year": 2013,
            "quarter": 1,
            "eps": 0.62,
            "eps_growth_year": 21.57,
            "eps_4q": 2.13,
            "eps_4q_growth_year": 13.68,
            "roe": 3.26,
            "roe_4q": 11.5,
            "gross_profit": 620418,
            "gross_margin": 23.81,
            "gross_margin_4q_avg": 23.3,
            "net_income": 220310,
            "net_income_4q": null,
            "revenue": 2605640,
            "revenue_4q": null,
            "common_shares": 3534562,
            "book_valuer_per_share": 19.5,
            "book_valuer_per_share_4q_avg": 18.72,
            "equity": 6893238,
            "current_ratio": 235.56,
            "debt_ratio": 42.7,
            "inventory_turnover_ratio": 1.02,
            "account_receivable_turnover_ratio": 1.62,
            "reinvestment_rate": 58.54,
            "research_to_sale_ratio": 3.3,
            "price_fair": 29.87,
            "eps_avg_yearly": 2.49,
            "eps_latest_yearly": 2.48,
            "eps_growth_yearly": 1.98
        },
        "20132": {
            "year_quarter": 20132,
            "year": 2013,
            "quarter": 2,
            "eps": 0.41,
            "eps_growth_year": -6.68,
            "eps_4q": 2.03,
            "eps_4q_growth_year": 5.67,
            "roe": 2.14,
            "roe_4q": 11.22,
            "gross_profit": 578387,
            "gross_margin": 22.82,
            "gross_margin_4q_avg": 23.04,
            "net_income": 143996,
            "net_income_4q": null,
            "revenue": 2534171,
            "revenue_4q": null,
            "common_shares": 3534562,
            "book_valuer_per_share": 18.6,
            "book_valuer_per_share_4q_avg": 18.76,
            "equity": 6573871,
            "current_ratio": 208.1,
            "debt_ratio": 44.74,
            "inventory_turnover_ratio": 0.94,
            "account_receivable_turnover_ratio": 1.55,
            "reinvestment_rate": 64.38,
            "research_to_sale_ratio": 3.74,
            "price_fair": 27.04,
            "eps_avg_yearly": 2.41,
            "eps_latest_yearly": 1.64,
            "eps_growth_yearly": 1.24
        },
        "20133": {
            "year_quarter": 20133,
            "year": 2013,
            "quarter": 3,
            "eps": 0.52,
            "eps_growth_year": 1.58,
            "eps_4q": 2.05,
            "eps_4q_growth_year": 0.22,
            "roe": 2.84,
            "roe_4q": 11.22,
            "gross_profit": 659511,
            "gross_margin": 24.79,
            "gross_margin_4q_avg": 23.62,
            "net_income": 188508,
            "net_income_4q": null,
            "revenue": 2660016,
            "revenue_4q": null,
            "common_shares": 3640599,
            "book_valuer_per_share": 18.37,
            "book_valuer_per_share_4q_avg": 18.81,
            "equity": 6688448,
            "current_ratio": 222.79,
            "debt_ratio": 45.01,
            "inventory_turnover_ratio": 0.96,
            "account_receivable_turnover_ratio": 1.64,
            "reinvestment_rate": 68.87,
            "research_to_sale_ratio": 3.79,
            "price_fair": 50.34,
            "eps_avg_yearly": 2.37,
            "eps_latest_yearly": 2.08,
            "eps_growth_yearly": 11.24
        },
        "20134": {
            "year_quarter": 20134,
            "year": 2013,
            "quarter": 4,
            "eps": 0.68,
            "eps_growth_year": 22.56,
            "eps_4q": 2.19,
            "eps_4q_growth_year": 9.64,
            "roe": 3.6,
            "roe_4q": 11.84,
            "gross_profit": 658042,
            "gross_margin": 24.48,
            "gross_margin_4q_avg": 23.98,
            "net_income": 246015,
            "net_income_4q": null,
            "revenue": 2688318,
            "revenue_4q": null,
            "common_shares": 3640599,
            "book_valuer_per_share": 19.17,
            "book_valuer_per_share_4q_avg": 18.91,
            "equity": 6980405,
            "current_ratio": 237.21,
            "debt_ratio": 44.04,
            "inventory_turnover_ratio": 0.98,
            "account_receivable_turnover_ratio": 1.68,
            "reinvestment_rate": -59.63,
            "research_to_sale_ratio": 3.93,
            "price_fair": 65.8,
            "eps_avg_yearly": 2.37,
            "eps_latest_yearly": 2.72,
            "eps_growth_yearly": 17.79
        },
        "20141": {
            "year_quarter": 20141,
            "year": 2014,
            "quarter": 1,
            "eps": 0.73,
            "eps_growth_year": 17.74,
            "eps_4q": 2.32,
            "eps_4q_growth_year": 8.95,
            "roe": 3.69,
            "roe_4q": 12.27,
            "gross_profit": 708644,
            "gross_margin": 25.08,
            "gross_margin_4q_avg": 24.29,
            "net_income": 264750,
            "net_income_4q": null,
            "revenue": 2825940,
            "revenue_4q": null,
            "common_shares": 3640599,
            "book_valuer_per_share": 20.19,
            "book_valuer_per_share_4q_avg": 19.08,
            "equity": 7351946,
            "current_ratio": 244.32,
            "debt_ratio": 43.13,
            "inventory_turnover_ratio": 1.02,
            "account_receivable_turnover_ratio": 1.65,
            "reinvestment_rate": -68.94,
            "research_to_sale_ratio": 3.64,
            "price_fair": 39.69,
            "eps_avg_yearly": 2.29,
            "eps_latest_yearly": 2.92,
            "eps_growth_yearly": 7.31
        },
        "20142": {
            "year_quarter": 20142,
            "year": 2014,
            "quarter": 2,
            "eps": 0.63,
            "eps_growth_year": 53.66,
            "eps_4q": 2.49,
            "eps_4q_growth_year": 22.56,
            "roe": 3.29,
            "roe_4q": 13.42,
            "gross_profit": 714763,
            "gross_margin": 26.45,
            "gross_margin_4q_avg": 25.2,
            "net_income": 235023,
            "net_income_4q": null,
            "revenue": 2701978,
            "revenue_4q": null,
            "common_shares": 3640599,
            "book_valuer_per_share": 19.1,
            "book_valuer_per_share_4q_avg": 19.21,
            "equity": 6954111,
            "current_ratio": 209.31,
            "debt_ratio": 46.77,
            "inventory_turnover_ratio": 0.97,
            "account_receivable_turnover_ratio": 1.54,
            "reinvestment_rate": -80.47,
            "research_to_sale_ratio": 3.54,
            "price_fair": 48.01,
            "eps_avg_yearly": 2.27,
            "eps_latest_yearly": 2.52,
            "eps_growth_yearly": 11.17
        },
        "20143": {
            "year_quarter": 20143,
            "year": 2014,
            "quarter": 3,
            "eps": 0.59,
            "eps_growth_year": 13.46,
            "eps_4q": 2.58,
            "eps_4q_growth_year": 25.79,
            "roe": 3.13,
            "roe_4q": 13.709999999999999,
            "gross_profit": 641995,
            "gross_margin": 22.84,
            "gross_margin_4q_avg": 24.71,
            "net_income": 222983,
            "net_income_4q": null,
            "revenue": 2810367,
            "revenue_4q": null,
            "common_shares": 3749817,
            "book_valuer_per_share": 19.42,
            "book_valuer_per_share_4q_avg": 19.47,
            "equity": 7282958,
            "current_ratio": 234.67,
            "debt_ratio": 44.33,
            "inventory_turnover_ratio": 1.09,
            "account_receivable_turnover_ratio": 1.62,
            "reinvestment_rate": -83.54,
            "research_to_sale_ratio": 3.28,
            "price_fair": 52.77,
            "eps_avg_yearly": 2.26,
            "eps_latest_yearly": 2.36,
            "eps_growth_yearly": 13.35
        },
        "20144": {
            "year_quarter": 20144,
            "year": 2014,
            "quarter": 4,
            "eps": 0.66,
            "eps_growth_year": -2.52,
            "eps_4q": 2.59,
            "eps_4q_growth_year": 17.86,
            "roe": 3.27,
            "roe_4q": 13.38,
            "gross_profit": 684955,
            "gross_margin": 24.01,
            "gross_margin_4q_avg": 24.6,
            "net_income": 247003,
            "net_income_4q": null,
            "revenue": 2852853,
            "revenue_4q": null,
            "common_shares": 3749817,
            "book_valuer_per_share": 20.82,
            "book_valuer_per_share_4q_avg": 19.88,
            "equity": 7807479,
            "current_ratio": 259.33,
            "debt_ratio": 42.29,
            "inventory_turnover_ratio": 1.16,
            "account_receivable_turnover_ratio": 1.66,
            "reinvestment_rate": -76.45,
            "research_to_sale_ratio": 3.52,
            "price_fair": 40.52,
            "eps_avg_yearly": 2.22,
            "eps_latest_yearly": 2.64,
            "eps_growth_yearly": 8.25
        },
        "20151": {
            "year_quarter": 20151,
            "year": 2015,
            "quarter": 1,
            "eps": 0.76,
            "eps_growth_year": 4.11,
            "eps_4q": 2.64,
            "eps_4q_growth_year": 13.91,
            "roe": 3.59,
            "roe_4q": 13.279999999999998,
            "gross_profit": 808473,
            "gross_margin": 27.21,
            "gross_margin_4q_avg": 25.13,
            "net_income": 284407,
            "net_income_4q": null,
            "revenue": 2971584,
            "revenue_4q": null,
            "common_shares": 3749817,
            "book_valuer_per_share": 21.38,
            "book_valuer_per_share_4q_avg": 20.18,
            "equity": 8015283,
            "current_ratio": 250.61,
            "debt_ratio": 41.92,
            "inventory_turnover_ratio": 1.19,
            "account_receivable_turnover_ratio": 1.68,
            "reinvestment_rate": -83.81,
            "research_to_sale_ratio": 3.2,
            "price_fair": 59.68,
            "eps_avg_yearly": 2.24,
            "eps_latest_yearly": 3.04,
            "eps_growth_yearly": 16.61
        },
        "20152": {
            "year_quarter": 20152,
            "year": 2015,
            "quarter": 2,
            "eps": 0.57,
            "eps_growth_year": -9.52,
            "eps_4q": 2.52,
            "eps_4q_growth_year": 1.24,
            "roe": 2.83,
            "roe_4q": 12.82,
            "gross_profit": 708641,
            "gross_margin": 27.75,
            "gross_margin_4q_avg": 25.45,
            "net_income": 219858,
            "net_income_4q": null,
            "revenue": 2553914,
            "revenue_4q": null,
            "common_shares": 3749817,
            "book_valuer_per_share": 20.12,
            "book_valuer_per_share_4q_avg": 20.44,
            "equity": 7543449,
            "current_ratio": 224.02,
            "debt_ratio": 44.96,
            "inventory_turnover_ratio": 1.01,
            "account_receivable_turnover_ratio": 1.5,
            "reinvestment_rate": -79.13,
            "research_to_sale_ratio": 3.41,
            "price_fair": 75.16,
            "eps_avg_yearly": 2.3,
            "eps_latest_yearly": 2.28,
            "eps_growth_yearly": 22.68
        },
        "20153": {
            "year_quarter": 20153,
            "year": 2015,
            "quarter": 3,
            "eps": 0.87,
            "eps_growth_year": 47.46,
            "eps_4q": 2.81,
            "eps_4q_growth_year": 8.85,
            "roe": 4.25,
            "roe_4q": 13.94,
            "gross_profit": 778427,
            "gross_margin": 26.37,
            "gross_margin_4q_avg": 26.34,
            "net_income": 334903,
            "net_income_4q": null,
            "revenue": 2951981,
            "revenue_4q": null,
            "common_shares": 3862312,
            "book_valuer_per_share": 21.31,
            "book_valuer_per_share_4q_avg": 20.91,
            "equity": 8228995,
            "current_ratio": 220.27,
            "debt_ratio": 42.25,
            "inventory_turnover_ratio": 1.24,
            "account_receivable_turnover_ratio": 1.76,
            "reinvestment_rate": -81.86,
            "research_to_sale_ratio": 3.46,
            "price_fair": 84.61,
            "eps_avg_yearly": 2.42,
            "eps_latest_yearly": 3.48,
            "eps_growth_yearly": 31.42
        },
        "20154": {
            "year_quarter": 20154,
            "year": 2015,
            "quarter": 4,
            "eps": 0.68,
            "eps_growth_year": 3.14,
            "eps_4q": 2.85,
            "eps_4q_growth_year": 10.28,
            "roe": 3.14,
            "roe_4q": 13.81,
            "gross_profit": 748149,
            "gross_margin": 26.73,
            "gross_margin_4q_avg": 27.02,
            "net_income": 262410,
            "net_income_4q": null,
            "revenue": 2799120,
            "revenue_4q": null,
            "common_shares": 3862312,
            "book_valuer_per_share": 21.92,
            "book_valuer_per_share_4q_avg": 21.18,
            "equity": 8466877,
            "current_ratio": 225.77,
            "debt_ratio": 39.82,
            "inventory_turnover_ratio": 1.22,
            "account_receivable_turnover_ratio": 1.66,
            "reinvestment_rate": -108.32,
            "research_to_sale_ratio": 3.73,
            "price_fair": 54.03,
            "eps_avg_yearly": 2.43,
            "eps_latest_yearly": 2.72,
            "eps_growth_yearly": 12.21
        },
        "20161": {
            "year_quarter": 20161,
            "year": 2016,
            "quarter": 1,
            "eps": 0.99,
            "eps_growth_year": 30.26,
            "eps_4q": 3.11,
            "eps_4q_growth_year": 17.8,
            "roe": 4.46,
            "roe_4q": 14.68,
            "gross_profit": 902096,
            "gross_margin": 29.37,
            "gross_margin_4q_avg": 27.56,
            "net_income": 383314,
            "net_income_4q": null,
            "revenue": 3071065,
            "revenue_4q": null,
            "common_shares": 3862312,
            "book_valuer_per_share": 22.57,
            "book_valuer_per_share_4q_avg": 21.48,
            "equity": 8717550,
            "current_ratio": 227.94,
            "debt_ratio": 39.26,
            "inventory_turnover_ratio": 1.44,
            "account_receivable_turnover_ratio": 1.81,
            "reinvestment_rate": -102.66,
            "research_to_sale_ratio": 3.16,
            "price_fair": 89.34,
            "eps_avg_yearly": 2.55,
            "eps_latest_yearly": 3.96,
            "eps_growth_yearly": 28.05
        },
        "20162": {
            "year_quarter": 20162,
            "year": 2016,
            "quarter": 2,
            "eps": 0.64,
            "eps_growth_year": 12.28,
            "eps_4q": 3.1,
            "eps_4q_growth_year": 23.04,
            "roe": 2.98,
            "roe_4q": 14.83,
            "gross_profit": 753234,
            "gross_margin": 29.96,
            "gross_margin_4q_avg": 28.11,
            "net_income": 254054,
            "net_income_4q": null,
            "revenue": 2513797,
            "revenue_4q": null,
            "common_shares": 3862312,
            "book_valuer_per_share": 21.51,
            "book_valuer_per_share_4q_avg": 21.83,
            "equity": 8307420,
            "current_ratio": 205.6,
            "debt_ratio": 42.28,
            "inventory_turnover_ratio": 1.27,
            "account_receivable_turnover_ratio": 1.51,
            "reinvestment_rate": -105.92,
            "research_to_sale_ratio": 4.17,
            "price_fair": 84.94,
            "eps_avg_yearly": 2.6,
            "eps_latest_yearly": 2.56,
            "eps_growth_yearly": 22.64
        },
        "20163": {
            "year_quarter": 20163,
            "year": 2016,
            "quarter": 3,
            "eps": 0.76,
            "eps_growth_year": -12.64,
            "eps_4q": 3.02,
            "eps_4q_growth_year": 7.46,
            "roe": 3.62,
            "roe_4q": 14.2,
            "gross_profit": 806074,
            "gross_margin": 29.85,
            "gross_margin_4q_avg": 28.98,
            "net_income": 302481,
            "net_income_4q": null,
            "revenue": 2700048,
            "revenue_4q": null,
            "common_shares": 3978181,
            "book_valuer_per_share": 21.18,
            "book_valuer_per_share_4q_avg": 21.8,
            "equity": 8424334,
            "current_ratio": 242.27,
            "debt_ratio": 42.46,
            "inventory_turnover_ratio": 1.4,
            "account_receivable_turnover_ratio": 1.73,
            "reinvestment_rate": -102.99,
            "research_to_sale_ratio": 3.16,
            "price_fair": 88.88,
            "eps_avg_yearly": 2.67,
            "eps_latest_yearly": 3.04,
            "eps_growth_yearly": 23.35
        },
        "20164": {
            "year_quarter": 20164,
            "year": 2016,
            "quarter": 4,
            "eps": 0.76,
            "eps_growth_year": 12.52,
            "eps_4q": 3.13,
            "eps_4q_growth_year": 9.64,
            "roe": 3.51,
            "roe_4q": 14.57,
            "gross_profit": 796147,
            "gross_margin": 28.84,
            "gross_margin_4q_avg": 29.51,
            "net_income": 304130,
            "net_income_4q": null,
            "revenue": 2760807,
            "revenue_4q": null,
            "common_shares": 3978181,
            "book_valuer_per_share": 22.38,
            "book_valuer_per_share_4q_avg": 21.91,
            "equity": 8902965,
            "current_ratio": 224.11,
            "debt_ratio": 41.52,
            "inventory_turnover_ratio": 1.44,
            "account_receivable_turnover_ratio": 1.68,
            "reinvestment_rate": -97.49,
            "research_to_sale_ratio": 4.34,
            "price_fair": 85.3,
            "eps_avg_yearly": 2.72,
            "eps_latest_yearly": 3.04,
            "eps_growth_yearly": 21.39
        },
        "20171": {
            "year_quarter": 20171,
            "year": 2017,
            "quarter": 1,
            "eps": 0.84,
            "eps_growth_year": -15.15,
            "eps_4q": 3,
            "eps_4q_growth_year": -3.37,
            "roe": 3.78,
            "roe_4q": 13.89,
            "gross_profit": 919083,
            "gross_margin": 34.02,
            "gross_margin_4q_avg": 30.67,
            "net_income": 334166,
            "net_income_4q": null,
            "revenue": 2701624,
            "revenue_4q": null,
            "common_shares": 3978181,
            "book_valuer_per_share": 22.07,
            "book_valuer_per_share_4q_avg": 21.79,
            "equity": 8779871,
            "current_ratio": 266.06,
            "debt_ratio": 39.89,
            "inventory_turnover_ratio": 1.24,
            "account_receivable_turnover_ratio": 1.65,
            "reinvestment_rate": 18.2,
            "research_to_sale_ratio": 3.85,
            "price_fair": 85.5,
            "eps_avg_yearly": 2.77,
            "eps_latest_yearly": 3.36,
            "eps_growth_yearly": 20.84
        },
        "20172": {
            "year_quarter": 20172,
            "year": 2017,
            "quarter": 2,
            "eps": 0.63,
            "eps_growth_year": -1.56,
            "eps_4q": 3,
            "eps_4q_growth_year": -3.4,
            "roe": 2.97,
            "roe_4q": 13.879999999999999,
            "gross_profit": 727787,
            "gross_margin": 30.89,
            "gross_margin_4q_avg": 30.9,
            "net_income": 251976,
            "net_income_4q": null,
            "revenue": 2355799,
            "revenue_4q": null,
            "common_shares": 3978181,
            "book_valuer_per_share": 20.59,
            "book_valuer_per_share_4q_avg": 21.56,
            "equity": 8189218,
            "current_ratio": 207.74,
            "debt_ratio": 45.24,
            "inventory_turnover_ratio": 1.07,
            "account_receivable_turnover_ratio": 1.48,
            "reinvestment_rate": 15.08,
            "research_to_sale_ratio": 4.37,
            "price_fair": 93.47,
            "eps_avg_yearly": 2.83,
            "eps_latest_yearly": 2.52,
            "eps_growth_yearly": 23.06
        },
        "20173": {
            "year_quarter": 20173,
            "year": 2017,
            "quarter": 3,
            "eps": 0.52,
            "eps_growth_year": -31.58,
            "eps_4q": 2.76,
            "eps_4q_growth_year": -8.8,
            "roe": 2.49,
            "roe_4q": 12.75,
            "gross_profit": 726729,
            "gross_margin": 28,
            "gross_margin_4q_avg": 30.44,
            "net_income": 206133,
            "net_income_4q": null,
            "revenue": 2595643,
            "revenue_4q": null,
            "common_shares": 3978181,
            "book_valuer_per_share": 21.05,
            "book_valuer_per_share_4q_avg": 21.52,
            "equity": 8375875,
            "current_ratio": 210.84,
            "debt_ratio": 44.47,
            "inventory_turnover_ratio": 1.12,
            "account_receivable_turnover_ratio": 1.68,
            "reinvestment_rate": 13.93,
            "research_to_sale_ratio": 4.34,
            "price_fair": 62.16,
            "eps_avg_yearly": 2.83,
            "eps_latest_yearly": 2.08,
            "eps_growth_yearly": 11.98
        },
        "20174": {
            "year_quarter": 20174,
            "year": 2017,
            "quarter": 4,
            "eps": 0.27,
            "eps_growth_year": -64.23,
            "eps_4q": 2.27,
            "eps_4q_growth_year": -27.57,
            "roe": 1.3,
            "roe_4q": 10.54,
            "gross_profit": 530126,
            "gross_margin": 24.07,
            "gross_margin_4q_avg": 29.25,
            "net_income": 108785,
            "net_income_4q": null,
            "revenue": 2202289,
            "revenue_4q": null,
            "common_shares": 3978181,
            "book_valuer_per_share": 21.07,
            "book_valuer_per_share_4q_avg": 21.2,
            "equity": 8380965,
            "current_ratio": 229.6,
            "debt_ratio": 41.8,
            "inventory_turnover_ratio": 0.94,
            "account_receivable_turnover_ratio": 1.51,
            "reinvestment_rate": 19.38,
            "research_to_sale_ratio": 5.12,
            "price_fair": 8.18,
            "eps_avg_yearly": 2.73,
            "eps_latest_yearly": 1.08,
            "eps_growth_yearly": -7.73
        },
        "20181": {
            "year_quarter": 20181,
            "year": 2018,
            "quarter": 1,
            "eps": 0.26,
            "eps_growth_year": -69.05,
            "eps_4q": 1.68,
            "eps_4q_growth_year": -43.92,
            "roe": 1.23,
            "roe_4q": 7.99,
            "gross_profit": 553730,
            "gross_margin": 23.21,
            "gross_margin_4q_avg": 26.54,
            "net_income": 103175,
            "net_income_4q": null,
            "revenue": 2385362,
            "revenue_4q": null,
            "common_shares": 3978181,
            "book_valuer_per_share": 21.01,
            "book_valuer_per_share_4q_avg": 20.93,
            "equity": 8356765,
            "current_ratio": 228.96,
            "debt_ratio": 42.39,
            "inventory_turnover_ratio": 1.01,
            "account_receivable_turnover_ratio": 1.68,
            "reinvestment_rate": 16.52,
            "research_to_sale_ratio": 4.33,
            "price_fair": 7.82,
            "eps_avg_yearly": 2.61,
            "eps_latest_yearly": 1.04,
            "eps_growth_yearly": -10.49
        },
        "20182": {
            "year_quarter": 20182,
            "year": 2018,
            "quarter": 2,
            "eps": 0.15,
            "eps_growth_year": -76.19,
            "eps_4q": 1.2,
            "eps_4q_growth_year": -59.83,
            "roe": 0.74,
            "roe_4q": 5.76,
            "gross_profit": 409532,
            "gross_margin": 19.76,
            "gross_margin_4q_avg": 23.76,
            "net_income": 60990,
            "net_income_4q": null,
            "revenue": 2072371,
            "revenue_4q": null,
            "common_shares": 3978181,
            "book_valuer_per_share": 20.23,
            "book_valuer_per_share_4q_avg": 20.84,
            "equity": 8046556,
            "current_ratio": 208.92,
            "debt_ratio": 44.98,
            "inventory_turnover_ratio": 0.85,
            "account_receivable_turnover_ratio": 1.42,
            "reinvestment_rate": 16.51,
            "research_to_sale_ratio": 4.79,
            "price_fair": 7.46,
            "eps_avg_yearly": 2.49,
            "eps_latest_yearly": 0.6,
            "eps_growth_yearly": -17.64
        },
        "20183": {
            "year_quarter": 20183,
            "year": 2018,
            "quarter": 3,
            "eps": 0.18,
            "eps_growth_year": -65.38,
            "eps_4q": 0.87,
            "eps_4q_growth_year": -68.51,
            "roe": 0.9,
            "roe_4q": 4.17,
            "gross_profit": 463356,
            "gross_margin": 17.76,
            "gross_margin_4q_avg": 21.2,
            "net_income": 72293,
            "net_income_4q": null,
            "revenue": 2609650,
            "revenue_4q": null,
            "common_shares": 3978181,
            "book_valuer_per_share": 20.33,
            "book_valuer_per_share_4q_avg": 20.66,
            "equity": 8088883,
            "current_ratio": 203.14,
            "debt_ratio": 44.19,
            "inventory_turnover_ratio": 1.08,
            "account_receivable_turnover_ratio": 1.72,
            "reinvestment_rate": 15.14,
            "research_to_sale_ratio": 3.65,
            "price_fair": 7.16,
            "eps_avg_yearly": 2.39,
            "eps_latest_yearly": 0.72,
            "eps_growth_yearly": -11.06
        },
        "20184": {
            "year_quarter": 20184,
            "year": 2018,
            "quarter": 4,
            "eps": 0.17,
            "eps_growth_year": -38.89,
            "eps_4q": 0.76,
            "eps_4q_growth_year": -66.38,
            "roe": 0.82,
            "roe_4q": 3.69,
            "gross_profit": 501290,
            "gross_margin": 20.67,
            "gross_margin_4q_avg": 20.35,
            "net_income": 66475,
            "net_income_4q": null,
            "revenue": 2424877,
            "revenue_4q": null,
            "common_shares": 3978181,
            "book_valuer_per_share": 20.65,
            "book_valuer_per_share_4q_avg": 20.56,
            "equity": 8216613,
            "current_ratio": 209.75,
            "debt_ratio": 43.42,
            "inventory_turnover_ratio": 0.96,
            "account_receivable_turnover_ratio": 1.49,
            "reinvestment_rate": 12.93,
            "research_to_sale_ratio": 4.76,
            "price_fair": 6.79,
            "eps_avg_yearly": 2.26,
            "eps_latest_yearly": 0.68,
            "eps_growth_yearly": -15.41
        },
        "20191": {
            "year_quarter": 20191,
            "year": 2019,
            "quarter": 1,
            "eps": 0.25,
            "eps_growth_year": -3.85,
            "eps_4q": 0.76,
            "eps_4q_growth_year": -55.17,
            "roe": 1.21,
            "roe_4q": 3.67,
            "gross_profit": 530041,
            "gross_margin": 20.17,
            "gross_margin_4q_avg": 19.59,
            "net_income": 100636,
            "net_income_4q": null,
            "revenue": 2628241,
            "revenue_4q": null,
            "common_shares": 3978181,
            "book_valuer_per_share": 21.05,
            "book_valuer_per_share_4q_avg": 20.57,
            "equity": 8373314,
            "current_ratio": 220.32,
            "debt_ratio": 43.21,
            "inventory_turnover_ratio": 1.04,
            "account_receivable_turnover_ratio": 1.56,
            "reinvestment_rate": 15.32,
            "research_to_sale_ratio": 3.81,
            "price_fair": 6.41,
            "eps_avg_yearly": 2.14,
            "eps_latest_yearly": 1,
            "eps_growth_yearly": -7.44
        },
        "20192": {
            "year_quarter": 20192,
            "year": 2019,
            "quarter": 2,
            "eps": 0.25,
            "eps_growth_year": 66.67,
            "eps_4q": 0.85,
            "eps_4q_growth_year": -29.11,
            "roe": 1.2,
            "roe_4q": 4.13,
            "gross_profit": 546019,
            "gross_margin": 23.11,
            "gross_margin_4q_avg": 20.43,
            "net_income": 100213,
            "net_income_4q": null,
            "revenue": 2363109,
            "revenue_4q": null,
            "common_shares": 3978181,
            "book_valuer_per_share": 20.87,
            "book_valuer_per_share_4q_avg": 20.73,
            "equity": 8303377,
            "current_ratio": 218.31,
            "debt_ratio": 43.94,
            "inventory_turnover_ratio": 0.88,
            "account_receivable_turnover_ratio": 1.44,
            "reinvestment_rate": 15.26,
            "research_to_sale_ratio": 4.71,
            "price_fair": 6.17,
            "eps_avg_yearly": 2.06,
            "eps_latest_yearly": 1,
            "eps_growth_yearly": -1.19
        },
        "20193": {
            "year_quarter": 20193,
            "year": 2019,
            "quarter": 3,
            "eps": 0.36,
            "eps_growth_year": 100,
            "eps_4q": 1.03,
            "eps_4q_growth_year": 18.78,
            "roe": 1.71,
            "roe_4q": 4.94,
            "gross_profit": 638130,
            "gross_margin": 23.24,
            "gross_margin_4q_avg": 21.8,
            "net_income": 142745,
            "net_income_4q": null,
            "revenue": 2745666,
            "revenue_4q": null,
            "common_shares": 3978181,
            "book_valuer_per_share": 21.13,
            "book_valuer_per_share_4q_avg": 20.93,
            "equity": 8404972,
            "current_ratio": 221.38,
            "debt_ratio": 44.97,
            "inventory_turnover_ratio": 1,
            "account_receivable_turnover_ratio": 1.71,
            "reinvestment_rate": 13.1,
            "research_to_sale_ratio": 4.32,
            "price_fair": 5.78,
            "eps_avg_yearly": 1.93,
            "eps_latest_yearly": 1.44,
            "eps_growth_yearly": -3.34
        },
        "20194": {
            "year_quarter": 20194,
            "year": 2019,
            "quarter": 4,
            "eps": 0.22,
            "eps_growth_year": 30.61,
            "eps_4q": 1.08,
            "eps_4q_growth_year": 42.08,
            "roe": 1.04,
            "roe_4q": 5.16,
            "gross_profit": 653183,
            "gross_margin": 25.77,
            "gross_margin_4q_avg": 23.07,
            "net_income": 86826,
            "net_income_4q": null,
            "revenue": 2534395,
            "revenue_4q": null,
            "common_shares": 3978181,
            "book_valuer_per_share": 20.77,
            "book_valuer_per_share_4q_avg": 20.96,
            "equity": 8264085,
            "current_ratio": 216.76,
            "debt_ratio": 45.4,
            "inventory_turnover_ratio": 0.91,
            "account_receivable_turnover_ratio": 1.63,
            "reinvestment_rate": 5.62,
            "research_to_sale_ratio": 4.66,
            "price_fair": 5.44,
            "eps_avg_yearly": 1.81,
            "eps_latest_yearly": 0.88,
            "eps_growth_yearly": -7.61
        },
        "20201": {
            "year_quarter": 20201,
            "year": 2020,
            "quarter": 1,
            "eps": 0.26,
            "eps_growth_year": 4,
            "eps_4q": 1.09,
            "eps_4q_growth_year": 44.15,
            "roe": 1.26,
            "roe_4q": 5.21,
            "gross_profit": 612452,
            "gross_margin": 23.05,
            "gross_margin_4q_avg": 23.79,
            "net_income": 103235,
            "net_income_4q": null,
            "revenue": 2657270,
            "revenue_4q": null,
            "common_shares": 3978181,
            "book_valuer_per_share": 20.3,
            "book_valuer_per_share_4q_avg": 20.77,
            "equity": 8074476,
            "current_ratio": 198.82,
            "debt_ratio": 48.04,
            "inventory_turnover_ratio": 1.01,
            "account_receivable_turnover_ratio": 1.67,
            "reinvestment_rate": 9.8,
            "research_to_sale_ratio": 3.59,
            "price_fair": 4.89,
            "eps_avg_yearly": 1.63,
            "eps_latest_yearly": 1.04,
            "eps_growth_yearly": -14.46
        },
        "20202": {
            "year_quarter": 20202,
            "year": 2020,
            "quarter": 2,
            "eps": -0.2,
            "eps_growth_year": -180,
            "eps_4q": 0.64,
            "eps_4q_growth_year": -25.2,
            "roe": -0.99,
            "roe_4q": 3.02,
            "gross_profit": 199444,
            "gross_margin": 13.56,
            "gross_margin_4q_avg": 21.41,
            "net_income": -78768,
            "net_income_4q": null,
            "revenue": 1471242,
            "revenue_4q": null,
            "common_shares": 3978181,
            "book_valuer_per_share": 19.76,
            "book_valuer_per_share_4q_avg": 20.49,
            "equity": 7861146,
            "current_ratio": 221.9,
            "debt_ratio": 47.03,
            "inventory_turnover_ratio": 0.72,
            "account_receivable_turnover_ratio": 1.12,
            "reinvestment_rate": 6.09,
            "research_to_sale_ratio": 3.87,
            "price_fair": 4.7,
            "eps_avg_yearly": 1.57,
            "eps_latest_yearly": 1.04,
            "eps_growth_yearly": -5.99
        },
        "20203": {
            "year_quarter": 20203,
            "year": 2020,
            "quarter": 3,
            "eps": 0.25,
            "eps_growth_year": -30.56,
            "eps_4q": 0.53,
            "eps_4q_growth_year": -48.54,
            "roe": 1.27,
            "roe_4q": 2.58,
            "gross_profit": 510451,
            "gross_margin": 24.94,
            "gross_margin_4q_avg": 21.83,
            "net_income": 99737,
            "net_income_4q": null,
            "revenue": 2046580,
            "revenue_4q": null,
            "common_shares": 3978181,
            "book_valuer_per_share": 19.78,
            "book_valuer_per_share_4q_avg": 20.15,
            "equity": 7869807,
            "current_ratio": 208.22,
            "debt_ratio": 48.71,
            "inventory_turnover_ratio": 1.02,
            "account_receivable_turnover_ratio": 1.97,
            "reinvestment_rate": 3.14,
            "research_to_sale_ratio": 3.68,
            "price_fair": 4.39,
            "eps_avg_yearly": 1.46,
            "eps_latest_yearly": 1.04,
            "eps_growth_yearly": -11.78
        },
        "20204": {
            "year_quarter": 20204,
            "year": 2020,
            "quarter": 4,
            "eps": 0.24,
            "eps_growth_year": 8.04,
            "eps_4q": 0.55,
            "eps_4q_growth_year": -49.35,
            "roe": 1.19,
            "roe_4q": 2.73,
            "gross_profit": 541324,
            "gross_margin": 23.88,
            "gross_margin_4q_avg": 21.36,
            "net_income": 93808,
            "net_income_4q": null,
            "revenue": 2266664,
            "revenue_4q": null,
            "common_shares": 3978181,
            "book_valuer_per_share": 19.79,
            "book_valuer_per_share_4q_avg": 19.91,
            "equity": 7873126,
            "current_ratio": 237.93,
            "debt_ratio": 48.68,
            "inventory_turnover_ratio": 1.13,
            "account_receivable_turnover_ratio": 1.88,
            "reinvestment_rate": -9.79,
            "research_to_sale_ratio": 3.61,
            "price_fair": 3.94,
            "eps_avg_yearly": 1.31,
            "eps_latest_yearly": 0.96,
            "eps_growth_yearly": -12.92
        },
        "20211": {
            "year_quarter": 20211,
            "year": 2021,
            "quarter": 1,
            "eps": 0.51,
            "eps_growth_year": 96.15,
            "eps_4q": 0.8,
            "eps_4q_growth_year": -26.27,
            "roe": 2.59,
            "roe_4q": 4.06,
            "gross_profit": 627908,
            "gross_margin": 24.25,
            "gross_margin_4q_avg": 21.66,
            "net_income": 204476,
            "net_income_4q": null,
            "revenue": 2589090,
            "revenue_4q": null,
            "common_shares": 3978181,
            "book_valuer_per_share": 19.86,
            "book_valuer_per_share_4q_avg": 19.8,
            "equity": 7900914,
            "current_ratio": 183.45,
            "debt_ratio": 50.36,
            "inventory_turnover_ratio": 1.09,
            "account_receivable_turnover_ratio": 1.95,
            "reinvestment_rate": -10.57,
            "research_to_sale_ratio": 3.23,
            "price_fair": 31.98,
            "eps_avg_yearly": 1.22,
            "eps_latest_yearly": 2.04,
            "eps_growth_yearly": 16.21
        },
        "20212": {
            "year_quarter": 20212,
            "year": 2021,
            "quarter": 2,
            "eps": 0.14,
            "eps_growth_year": null,
            "eps_4q": 1.14,
            "eps_4q_growth_year": 78.25,
            "roe": 0.7,
            "roe_4q": 5.75,
            "gross_profit": 431057,
            "gross_margin": 21.62,
            "gross_margin_4q_avg": 23.67,
            "net_income": 54804,
            "net_income_4q": null,
            "revenue": 1994103,
            "revenue_4q": null,
            "common_shares": 3978181,
            "book_valuer_per_share": 19.66,
            "book_valuer_per_share_4q_avg": 19.77,
            "equity": 7823092,
            "current_ratio": 191.42,
            "debt_ratio": 49.11,
            "inventory_turnover_ratio": 0.71,
            "account_receivable_turnover_ratio": 1.52,
            "reinvestment_rate": -21.99,
            "research_to_sale_ratio": 3.56,
            "price_fair": 13.64,
            "eps_avg_yearly": 1.08,
            "eps_latest_yearly": 0.56,
            "eps_growth_yearly": 2.63
        },
        "20213": {
            "year_quarter": 20213,
            "year": 2021,
            "quarter": 3,
            "eps": -0.41,
            "eps_growth_year": -264,
            "eps_4q": 0.48,
            "eps_4q_growth_year": -10.18,
            "roe": -2.11,
            "roe_4q": 2.37,
            "gross_profit": 118545,
            "gross_margin": 7.03,
            "gross_margin_4q_avg": 19.2,
            "net_income": -163546,
            "net_income_4q": null,
            "revenue": 1685372,
            "revenue_4q": null,
            "common_shares": 3978181,
            "book_valuer_per_share": 19.24,
            "book_valuer_per_share_4q_avg": 19.64,
            "equity": 7652193,
            "current_ratio": 228.91,
            "debt_ratio": 48.4,
            "inventory_turnover_ratio": 0.61,
            "account_receivable_turnover_ratio": 1.53,
            "reinvestment_rate": -46.69,
            "research_to_sale_ratio": 4.26,
            "price_fair": 18.26,
            "eps_avg_yearly": 1,
            "eps_latest_yearly": 0.56,
            "eps_growth_yearly": 8.2
        },
        "20214": {
            "year_quarter": 20214,
            "year": 2021,
            "quarter": 4,
            "eps": 0.05,
            "eps_growth_year": -78.47,
            "eps_4q": 0.29,
            "eps_4q_growth_year": -46.82,
            "roe": 0.26,
            "roe_4q": 1.44,
            "gross_profit": 296730,
            "gross_margin": 14.03,
            "gross_margin_4q_avg": 16.73,
            "net_income": 20199,
            "net_income_4q": null,
            "revenue": 2115442,
            "revenue_4q": null,
            "common_shares": 3978181,
            "book_valuer_per_share": 19.23,
            "book_valuer_per_share_4q_avg": 19.5,
            "equity": 7651060,
            "current_ratio": 237.81,
            "debt_ratio": 48.09,
            "inventory_turnover_ratio": 0.7,
            "account_receivable_turnover_ratio": 1.82,
            "reinvestment_rate": -95.97,
            "research_to_sale_ratio": 3.21,
            "price_fair": 34.8,
            "eps_avg_yearly": 1,
            "eps_latest_yearly": 0.56,
            "eps_growth_yearly": 24.91
        },
        "20221": {
            "year_quarter": 20221,
            "year": 2022,
            "quarter": 1,
            "eps": 0.27,
            "eps_growth_year": -47.06,
            "eps_4q": 0.05,
            "eps_4q_growth_year": -93.48,
            "roe": 1.42,
            "roe_4q": 0.27,
            "gross_profit": 359053,
            "gross_margin": 13.72,
            "gross_margin_4q_avg": 14.1,
            "net_income": 109343,
            "net_income_4q": null,
            "revenue": 2617268,
            "revenue_4q": null,
            "common_shares": 3978181,
            "book_valuer_per_share": 19.52,
            "book_valuer_per_share_4q_avg": 19.41,
            "equity": 7766817,
            "current_ratio": 209.53,
            "debt_ratio": 49.15,
            "inventory_turnover_ratio": 0.88,
            "account_receivable_turnover_ratio": 1.82,
            "reinvestment_rate": -97.33,
            "research_to_sale_ratio": 2.78,
            "price_fair": 35,
            "eps_avg_yearly": 1,
            "eps_latest_yearly": 1.08,
            "eps_growth_yearly": 172.81
        },
        "20222": {
            "year_quarter": 20222,
            "year": 2022,
            "quarter": 2,
            "eps": 0.4,
            "eps_growth_year": 185.71,
            "eps_4q": 0.32,
            "eps_4q_growth_year": -72.15,
            "roe": 2.02,
            "roe_4q": 1.5900000000000003,
            "gross_profit": 429060,
            "gross_margin": 15.88,
            "gross_margin_4q_avg": 12.67,
            "net_income": 160117,
            "net_income_4q": null,
            "revenue": 2701662,
            "revenue_4q": null,
            "common_shares": 3978181,
            "book_valuer_per_share": 20.36,
            "book_valuer_per_share_4q_avg": 19.59,
            "equity": 8100482,
            "current_ratio": 224.63,
            "debt_ratio": 47.39,
            "inventory_turnover_ratio": 0.86,
            "account_receivable_turnover_ratio": 1.74,
            "reinvestment_rate": -94.25,
            "research_to_sale_ratio": 2.93,
            "price_fair": 37.92,
            "eps_avg_yearly": 1.08,
            "eps_latest_yearly": 1.6,
            "eps_growth_yearly": 202.97
        },
        "20223": {
            "year_quarter": 20223,
            "year": 2022,
            "quarter": 3,
            "eps": 0.46,
            "eps_growth_year": null,
            "eps_4q": 1.19,
            "eps_4q_growth_year": 149.38,
            "roe": 2.18,
            "roe_4q": 5.88,
            "gross_profit": 471931,
            "gross_margin": 15.4,
            "gross_margin_4q_avg": 14.76,
            "net_income": 183030,
            "net_income_4q": null,
            "revenue": 3063970,
            "revenue_4q": null,
            "common_shares": 3978181,
            "book_valuer_per_share": 21.75,
            "book_valuer_per_share_4q_avg": 20.22,
            "equity": 8654050,
            "current_ratio": 245.02,
            "debt_ratio": 45.83,
            "inventory_turnover_ratio": 1.05,
            "account_receivable_turnover_ratio": 1.82,
            "reinvestment_rate": -97.34,
            "research_to_sale_ratio": 2.62,
            "price_fair": 41.18,
            "eps_avg_yearly": 1.18,
            "eps_latest_yearly": 1.84,
            "eps_growth_yearly": 201.3
        },
        "20224": {
            "year_quarter": 20224,
            "year": 2022,
            "quarter": 4,
            "eps": 0.04,
            "eps_growth_year": -12.75,
            "eps_4q": 1.18,
            "eps_4q_growth_year": 305.51,
            "roe": 0.21,
            "roe_4q": 5.83,
            "gross_profit": 474058,
            "gross_margin": 19.91,
            "gross_margin_4q_avg": 16.23,
            "net_income": 17624,
            "net_income_4q": null,
            "revenue": 2380599,
            "revenue_4q": null,
            "common_shares": 3978181,
            "book_valuer_per_share": 21.32,
            "book_valuer_per_share_4q_avg": 20.74,
            "equity": 8482298,
            "current_ratio": 234.71,
            "debt_ratio": 44.92,
            "inventory_turnover_ratio": 0.87,
            "account_receivable_turnover_ratio": 1.47,
            "reinvestment_rate": -113.11,
            "research_to_sale_ratio": 2.9,
            "price_fair": 39.67,
            "eps_avg_yearly": 1.13,
            "eps_latest_yearly": 0.16,
            "eps_growth_yearly": 172.72
        },
        "20231": {
            "year_quarter": 20231,
            "year": 2023,
            "quarter": 1,
            "eps": 0.4,
            "eps_growth_year": 48.15,
            "eps_4q": 1.3,
            "eps_4q_growth_year": 2393.54,
            "roe": 1.88,
            "roe_4q": 6.289999999999999,
            "gross_profit": 622531,
            "gross_margin": 23.85,
            "gross_margin_4q_avg": 18.76,
            "net_income": 157884,
            "net_income_4q": null,
            "revenue": 2609698,
            "revenue_4q": null,
            "common_shares": 3978181,
            "book_valuer_per_share": 20.85,
            "book_valuer_per_share_4q_avg": 21.07,
            "equity": 8292593,
            "current_ratio": 215.04,
            "debt_ratio": 46.38,
            "inventory_turnover_ratio": 0.94,
            "account_receivable_turnover_ratio": 1.77,
            "reinvestment_rate": -97.7,
            "research_to_sale_ratio": 2.76,
            "price_fair": 41.42,
            "eps_avg_yearly": 1.18,
            "eps_latest_yearly": 1.6,
            "eps_growth_yearly": 457.03
        },
        "20232": {
            "year_quarter": 20232,
            "year": 2023,
            "quarter": 2,
            "eps": 0.48,
            "eps_growth_year": 20,
            "eps_4q": 1.38,
            "eps_4q_growth_year": 334.15,
            "roe": 2.24,
            "roe_4q": 6.51,
            "gross_profit": 546936,
            "gross_margin": 23.87,
            "gross_margin_4q_avg": 20.76,
            "net_income": 188984,
            "net_income_4q": null,
            "revenue": 2291749,
            "revenue_4q": null,
            "common_shares": 3978181,
            "book_valuer_per_share": 21.56,
            "book_valuer_per_share_4q_avg": 21.37,
            "equity": 8576747,
            "current_ratio": 247.28,
            "debt_ratio": 44.68,
            "inventory_turnover_ratio": 0.86,
            "account_receivable_turnover_ratio": 1.58,
            "reinvestment_rate": -92.69,
            "research_to_sale_ratio": 3.45,
            "price_fair": 44.1,
            "eps_avg_yearly": 1.26,
            "eps_latest_yearly": 1.92,
            "eps_growth_yearly": 463.7
        },
        "20233": {
            "year_quarter": 20233,
            "year": 2023,
            "quarter": 3,
            "eps": 0.79,
            "eps_growth_year": 71.74,
            "eps_4q": 1.71,
            "eps_4q_growth_year": 43.68,
            "roe": 3.55,
            "roe_4q": 7.88,
            "gross_profit": 683821,
            "gross_margin": 24.69,
            "gross_margin_4q_avg": 23.08,
            "net_income": 314676,
            "net_income_4q": null,
            "revenue": 2770162,
            "revenue_4q": null,
            "common_shares": 3978181,
            "book_valuer_per_share": 22.97,
            "book_valuer_per_share_4q_avg": 21.68,
            "equity": 9139869,
            "current_ratio": 250.59,
            "debt_ratio": 42.97,
            "inventory_turnover_ratio": 1.12,
            "account_receivable_turnover_ratio": 1.84,
            "reinvestment_rate": -77.65,
            "research_to_sale_ratio": 3.32,
            "price_fair": 49.12,
            "eps_avg_yearly": 1.4,
            "eps_latest_yearly": 3.16,
            "eps_growth_yearly": 470.56
        }
    },
    "months": {
        "2001-06": {
            "month": "2001-06",
            "price": "9.65",
            "revenue": 250873
        },
        "2001-07": {
            "month": "2001-07",
            "price": "8.85",
            "revenue": 280609
        },
        "2001-08": {
            "month": "2001-08",
            "price": "9.15",
            "revenue": 288123
        },
        "2001-09": {
            "month": "2001-09",
            "price": "8.06",
            "revenue": 311536
        },
        "2001-10": {
            "month": "2001-10",
            "price": "7.04",
            "revenue": 363492
        },
        "2001-11": {
            "month": "2001-11",
            "price": "7.84",
            "revenue": 350196
        },
        "2001-12": {
            "month": "2001-12",
            "price": "9.23",
            "revenue": 272437
        },
        "2002-01": {
            "month": "2002-01",
            "price": "10.43",
            "revenue": 291877
        },
        "2002-02": {
            "month": "2002-02",
            "price": "12.26",
            "revenue": 271882
        },
        "2002-03": {
            "month": "2002-03",
            "price": "13.47",
            "revenue": 408139
        },
        "2002-04": {
            "month": "2002-04",
            "price": "14.01",
            "revenue": 401179
        },
        "2002-05": {
            "month": "2002-05",
            "price": "14.14",
            "revenue": 366840
        },
        "2002-06": {
            "month": "2002-06",
            "price": "14.89",
            "revenue": 270189
        },
        "2002-07": {
            "month": "2002-07",
            "price": "15.49",
            "revenue": 303073
        },
        "2002-08": {
            "month": "2002-08",
            "price": "15.66",
            "revenue": 334622
        },
        "2002-09": {
            "month": "2002-09",
            "price": "16.61",
            "revenue": 356112
        },
        "2002-10": {
            "month": "2002-10",
            "price": "16.42",
            "revenue": 399020
        },
        "2002-11": {
            "month": "2002-11",
            "price": "22.07",
            "revenue": 393158
        },
        "2002-12": {
            "month": "2002-12",
            "price": "27.36",
            "revenue": 358551
        },
        "2003-01": {
            "month": "2003-01",
            "price": "27.61",
            "revenue": 361806
        },
        "2003-02": {
            "month": "2003-02",
            "price": "22.86",
            "revenue": 310795
        },
        "2003-03": {
            "month": "2003-03",
            "price": "20.09",
            "revenue": 427850
        },
        "2003-04": {
            "month": "2003-04",
            "price": "20.53",
            "revenue": 432015
        },
        "2003-05": {
            "month": "2003-05",
            "price": "22.24",
            "revenue": 352977
        },
        "2003-06": {
            "month": "2003-06",
            "price": "23.68",
            "revenue": 260012
        },
        "2003-07": {
            "month": "2003-07",
            "price": "26.56",
            "revenue": 273741
        },
        "2003-08": {
            "month": "2003-08",
            "price": "31.56",
            "revenue": 303248
        },
        "2003-09": {
            "month": "2003-09",
            "price": "29.69",
            "revenue": 375416
        },
        "2003-10": {
            "month": "2003-10",
            "price": "28.74",
            "revenue": 403627
        },
        "2003-11": {
            "month": "2003-11",
            "price": "28.42",
            "revenue": 352927
        },
        "2003-12": {
            "month": "2003-12",
            "price": "27.00",
            "revenue": 353286
        },
        "2004-01": {
            "month": "2004-01",
            "price": "28.79",
            "revenue": 301048
        },
        "2004-02": {
            "month": "2004-02",
            "price": "28.76",
            "revenue": 317533
        },
        "2004-03": {
            "month": "2004-03",
            "price": "28.09",
            "revenue": 420100
        },
        "2004-04": {
            "month": "2004-04",
            "price": "26.55",
            "revenue": 386805
        },
        "2004-05": {
            "month": "2004-05",
            "price": "23.20",
            "revenue": 328384
        },
        "2004-06": {
            "month": "2004-06",
            "price": "22.76",
            "revenue": 290295
        },
        "2004-07": {
            "month": "2004-07",
            "price": "21.30",
            "revenue": 294325
        },
        "2004-08": {
            "month": "2004-08",
            "price": "21.46",
            "revenue": 367965
        },
        "2004-09": {
            "month": "2004-09",
            "price": "25.22",
            "revenue": 370364
        },
        "2004-10": {
            "month": "2004-10",
            "price": "23.88",
            "revenue": 384368
        },
        "2004-11": {
            "month": "2004-11",
            "price": "22.41",
            "revenue": 387740
        },
        "2004-12": {
            "month": "2004-12",
            "price": "23.37",
            "revenue": 308675
        },
        "2005-01": {
            "month": "2005-01",
            "price": "21.76",
            "revenue": 282246
        },
        "2005-02": {
            "month": "2005-02",
            "price": "20.37",
            "revenue": 241665
        },
        "2005-03": {
            "month": "2005-03",
            "price": "19.07",
            "revenue": 367922
        },
        "2005-04": {
            "month": "2005-04",
            "price": "17.36",
            "revenue": 447386
        },
        "2005-05": {
            "month": "2005-05",
            "price": "17.40",
            "revenue": 325917
        },
        "2005-06": {
            "month": "2005-06",
            "price": "18.07",
            "revenue": 322017
        },
        "2005-07": {
            "month": "2005-07",
            "price": "17.85",
            "revenue": 268634
        },
        "2005-08": {
            "month": "2005-08",
            "price": "17.55",
            "revenue": 477427
        },
        "2005-09": {
            "month": "2005-09",
            "price": "15.92",
            "revenue": 502758
        },
        "2005-10": {
            "month": "2005-10",
            "price": "15.59",
            "revenue": 585768
        },
        "2005-11": {
            "month": "2005-11",
            "price": "15.41",
            "revenue": 569339
        },
        "2005-12": {
            "month": "2005-12",
            "price": "17.01",
            "revenue": 473288
        },
        "2006-01": {
            "month": "2006-01",
            "price": "18.60",
            "revenue": 424503
        },
        "2006-02": {
            "month": "2006-02",
            "price": "17.86",
            "revenue": 477354
        },
        "2006-03": {
            "month": "2006-03",
            "price": "17.84",
            "revenue": 681782
        },
        "2006-04": {
            "month": "2006-04",
            "price": "18.08",
            "revenue": 594068
        },
        "2006-05": {
            "month": "2006-05",
            "price": "19.01",
            "revenue": 470526
        },
        "2006-06": {
            "month": "2006-06",
            "price": "16.70",
            "revenue": 462963
        },
        "2006-07": {
            "month": "2006-07",
            "price": "16.14",
            "revenue": 440165
        },
        "2006-08": {
            "month": "2006-08",
            "price": "16.83",
            "revenue": 521739
        },
        "2006-09": {
            "month": "2006-09",
            "price": "17.14",
            "revenue": 593996
        },
        "2006-10": {
            "month": "2006-10",
            "price": "19.04",
            "revenue": 623103
        },
        "2006-11": {
            "month": "2006-11",
            "price": "19.17",
            "revenue": 579499
        },
        "2006-12": {
            "month": "2006-12",
            "price": "21.27",
            "revenue": 490647
        },
        "2007-01": {
            "month": "2007-01",
            "price": "23.14",
            "revenue": 533113
        },
        "2007-02": {
            "month": "2007-02",
            "price": "24.20",
            "revenue": 381423
        },
        "2007-03": {
            "month": "2007-03",
            "price": "23.41",
            "revenue": 728287
        },
        "2007-04": {
            "month": "2007-04",
            "price": "28.00",
            "revenue": 665208
        },
        "2007-05": {
            "month": "2007-05",
            "price": "25.69",
            "revenue": 545877
        },
        "2007-06": {
            "month": "2007-06",
            "price": "26.18",
            "revenue": 537588
        },
        "2007-07": {
            "month": "2007-07",
            "price": "28.45",
            "revenue": 510570
        },
        "2007-08": {
            "month": "2007-08",
            "price": "26.39",
            "revenue": 601071
        },
        "2007-09": {
            "month": "2007-09",
            "price": "27.03",
            "revenue": 610904
        },
        "2007-10": {
            "month": "2007-10",
            "price": "29.23",
            "revenue": 814559
        },
        "2007-11": {
            "month": "2007-11",
            "price": "27.95",
            "revenue": 724829
        },
        "2007-12": {
            "month": "2007-12",
            "price": "26.40",
            "revenue": 625024
        },
        "2008-01": {
            "month": "2008-01",
            "price": "24.64",
            "revenue": 626189
        },
        "2008-02": {
            "month": "2008-02",
            "price": "22.68",
            "revenue": 584163
        },
        "2008-03": {
            "month": "2008-03",
            "price": "24.00",
            "revenue": 840889
        },
        "2008-04": {
            "month": "2008-04",
            "price": "25.05",
            "revenue": 766635
        },
        "2008-05": {
            "month": "2008-05",
            "price": "28.95",
            "revenue": 688342
        },
        "2008-06": {
            "month": "2008-06",
            "price": "26.99",
            "revenue": 625945
        },
        "2008-07": {
            "month": "2008-07",
            "price": "23.22",
            "revenue": 636366
        },
        "2008-08": {
            "month": "2008-08",
            "price": "22.49",
            "revenue": 669399
        },
        "2008-09": {
            "month": "2008-09",
            "price": "21.09",
            "revenue": 840572
        },
        "2008-10": {
            "month": "2008-10",
            "price": "18.83",
            "revenue": 894014
        },
        "2008-11": {
            "month": "2008-11",
            "price": "18.36",
            "revenue": 831333
        },
        "2008-12": {
            "month": "2008-12",
            "price": "18.13",
            "revenue": 557498
        },
        "2009-01": {
            "month": "2009-01",
            "price": "17.37",
            "revenue": 504719
        },
        "2009-02": {
            "month": "2009-02",
            "price": "16.86",
            "revenue": 651877
        },
        "2009-03": {
            "month": "2009-03",
            "price": "18.41",
            "revenue": 813939
        },
        "2009-04": {
            "month": "2009-04",
            "price": "23.11",
            "revenue": 795821
        },
        "2009-05": {
            "month": "2009-05",
            "price": "29.54",
            "revenue": 533554
        },
        "2009-06": {
            "month": "2009-06",
            "price": "28.31",
            "revenue": 563200
        },
        "2009-07": {
            "month": "2009-07",
            "price": "28.69",
            "revenue": 569786
        },
        "2009-08": {
            "month": "2009-08",
            "price": "26.98",
            "revenue": 601935
        },
        "2009-09": {
            "month": "2009-09",
            "price": "29.08",
            "revenue": 804324
        },
        "2009-10": {
            "month": "2009-10",
            "price": "34.92",
            "revenue": 814460
        },
        "2009-11": {
            "month": "2009-11",
            "price": "36.68",
            "revenue": 743524
        },
        "2009-12": {
            "month": "2009-12",
            "price": "35.75",
            "revenue": 704448
        },
        "2010-01": {
            "month": "2010-01",
            "price": "36.54",
            "revenue": 675710
        },
        "2010-02": {
            "month": "2010-02",
            "price": "33.93",
            "revenue": 573374
        },
        "2010-03": {
            "month": "2010-03",
            "price": "35.73",
            "revenue": 924269
        },
        "2010-04": {
            "month": "2010-04",
            "price": "37.28",
            "revenue": 875696
        },
        "2010-05": {
            "month": "2010-05",
            "price": "35.75",
            "revenue": 764738
        },
        "2010-06": {
            "month": "2010-06",
            "price": "34.22",
            "revenue": 749366
        },
        "2010-07": {
            "month": "2010-07",
            "price": "32.97",
            "revenue": 766775
        },
        "2010-08": {
            "month": "2010-08",
            "price": "36.21",
            "revenue": 787604
        },
        "2010-09": {
            "month": "2010-09",
            "price": "37.22",
            "revenue": 851659
        },
        "2010-10": {
            "month": "2010-10",
            "price": "37.52",
            "revenue": 971835
        },
        "2010-11": {
            "month": "2010-11",
            "price": "35.45",
            "revenue": 901381
        },
        "2010-12": {
            "month": "2010-12",
            "price": "34.84",
            "revenue": 836735
        },
        "2011-01": {
            "month": "2011-01",
            "price": "35.74",
            "revenue": 699696
        },
        "2011-02": {
            "month": "2011-02",
            "price": "35.21",
            "revenue": 601616
        },
        "2011-03": {
            "month": "2011-03",
            "price": "34.48",
            "revenue": 1081882
        },
        "2011-04": {
            "month": "2011-04",
            "price": "35.37",
            "revenue": 880811
        },
        "2011-05": {
            "month": "2011-05",
            "price": "35.63",
            "revenue": 805422
        },
        "2011-06": {
            "month": "2011-06",
            "price": "34.50",
            "revenue": 742422
        },
        "2011-07": {
            "month": "2011-07",
            "price": "33.70",
            "revenue": 753487
        },
        "2011-08": {
            "month": "2011-08",
            "price": "28.53",
            "revenue": 870599
        },
        "2011-09": {
            "month": "2011-09",
            "price": "24.70",
            "revenue": 1046431
        },
        "2011-10": {
            "month": "2011-10",
            "price": "24.54",
            "revenue": 971435
        },
        "2011-11": {
            "month": "2011-11",
            "price": "23.35",
            "revenue": 890905
        },
        "2011-12": {
            "month": "2011-12",
            "price": "22.04",
            "revenue": 802575
        },
        "2012-01": {
            "month": "2012-01",
            "price": "22.10",
            "revenue": 628419
        },
        "2012-02": {
            "month": "2012-02",
            "price": "24.56",
            "revenue": 976237
        },
        "2012-03": {
            "month": "2012-03",
            "price": "26.13",
            "revenue": 1008809
        },
        "2012-04": {
            "month": "2012-04",
            "price": "24.76",
            "revenue": 927510
        },
        "2012-05": {
            "month": "2012-05",
            "price": "23.75",
            "revenue": 884786
        },
        "2012-06": {
            "month": "2012-06",
            "price": "22.67",
            "revenue": 787585
        },
        "2012-07": {
            "month": "2012-07",
            "price": "23.43",
            "revenue": 807506
        },
        "2012-08": {
            "month": "2012-08",
            "price": "23.72",
            "revenue": 916527
        },
        "2012-09": {
            "month": "2012-09",
            "price": "23.94",
            "revenue": 970548
        },
        "2012-10": {
            "month": "2012-10",
            "price": "23.29",
            "revenue": 983183
        },
        "2012-11": {
            "month": "2012-11",
            "price": "23.06",
            "revenue": 874612
        },
        "2012-12": {
            "month": "2012-12",
            "price": "23.60",
            "revenue": 731375
        },
        "2013-01": {
            "month": "2013-01",
            "price": "23.81",
            "revenue": 866076
        },
        "2013-02": {
            "month": "2013-02",
            "price": "24.19",
            "revenue": 720604
        },
        "2013-03": {
            "month": "2013-03",
            "price": "25.03",
            "revenue": 1025309
        },
        "2013-04": {
            "month": "2013-04",
            "price": "26.38",
            "revenue": 980160
        },
        "2013-05": {
            "month": "2013-05",
            "price": "27.18",
            "revenue": 858962
        },
        "2013-06": {
            "month": "2013-06",
            "price": "26.88",
            "revenue": 693664
        },
        "2013-07": {
            "month": "2013-07",
            "price": "27.15",
            "revenue": 887116
        },
        "2013-08": {
            "month": "2013-08",
            "price": "27.35",
            "revenue": 827206
        },
        "2013-09": {
            "month": "2013-09",
            "price": "28.40",
            "revenue": 983107
        },
        "2013-10": {
            "month": "2013-10",
            "price": "28.61",
            "revenue": 984710
        },
        "2013-11": {
            "month": "2013-11",
            "price": "27.68",
            "revenue": 886708
        },
        "2013-12": {
            "month": "2013-12",
            "price": "29.36",
            "revenue": 780696
        },
        "2014-01": {
            "month": "2014-01",
            "price": "30.25",
            "revenue": 862230
        },
        "2014-02": {
            "month": "2014-02",
            "price": "29.38",
            "revenue": 890853
        },
        "2014-03": {
            "month": "2014-03",
            "price": "29.68",
            "revenue": 1072858
        },
        "2014-04": {
            "month": "2014-04",
            "price": "30.43",
            "revenue": 1085995
        },
        "2014-05": {
            "month": "2014-05",
            "price": "29.90",
            "revenue": 858432
        },
        "2014-06": {
            "month": "2014-06",
            "price": "30.43",
            "revenue": 757551
        },
        "2014-07": {
            "month": "2014-07",
            "price": "30.31",
            "revenue": 871266
        },
        "2014-08": {
            "month": "2014-08",
            "price": "29.00",
            "revenue": 915418
        },
        "2014-09": {
            "month": "2014-09",
            "price": "29.66",
            "revenue": 1023209
        },
        "2014-10": {
            "month": "2014-10",
            "price": "29.06",
            "revenue": 1095341
        },
        "2014-11": {
            "month": "2014-11",
            "price": "29.34",
            "revenue": 900011
        },
        "2014-12": {
            "month": "2014-12",
            "price": "29.84",
            "revenue": 859500
        },
        "2015-01": {
            "month": "2015-01",
            "price": "31.33",
            "revenue": 981173
        },
        "2015-02": {
            "month": "2015-02",
            "price": "34.93",
            "revenue": 772825
        },
        "2015-03": {
            "month": "2015-03",
            "price": "39.62",
            "revenue": 1217586
        },
        "2015-04": {
            "month": "2015-04",
            "price": "45.61",
            "revenue": 954498
        },
        "2015-05": {
            "month": "2015-05",
            "price": "48.79",
            "revenue": 804581
        },
        "2015-06": {
            "month": "2015-06",
            "price": "43.07",
            "revenue": 794811
        },
        "2015-07": {
            "month": "2015-07",
            "price": "38.75",
            "revenue": 907332
        },
        "2015-08": {
            "month": "2015-08",
            "price": "34.74",
            "revenue": 994939
        },
        "2015-09": {
            "month": "2015-09",
            "price": "38.67",
            "revenue": 1049710
        },
        "2015-10": {
            "month": "2015-10",
            "price": "43.38",
            "revenue": 1077904
        },
        "2015-11": {
            "month": "2015-11",
            "price": "40.01",
            "revenue": 900403
        },
        "2015-12": {
            "month": "2015-12",
            "price": "39.30",
            "revenue": 820812
        },
        "2016-01": {
            "month": "2016-01",
            "price": "35.41",
            "revenue": 971281
        },
        "2016-02": {
            "month": "2016-02",
            "price": "36.59",
            "revenue": 801458
        },
        "2016-03": {
            "month": "2016-03",
            "price": "38.63",
            "revenue": 1298325
        },
        "2016-04": {
            "month": "2016-04",
            "price": "38.82",
            "revenue": 926162
        },
        "2016-05": {
            "month": "2016-05",
            "price": "37.87",
            "revenue": 800353
        },
        "2016-06": {
            "month": "2016-06",
            "price": "38.11",
            "revenue": 787283
        },
        "2016-07": {
            "month": "2016-07",
            "price": "38.72",
            "revenue": 784322
        },
        "2016-08": {
            "month": "2016-08",
            "price": "37.25",
            "revenue": 933705
        },
        "2016-09": {
            "month": "2016-09",
            "price": "36.58",
            "revenue": 982022
        },
        "2016-10": {
            "month": "2016-10",
            "price": "35.80",
            "revenue": 975090
        },
        "2016-11": {
            "month": "2016-11",
            "price": "34.58",
            "revenue": 922743
        },
        "2016-12": {
            "month": "2016-12",
            "price": "35.39",
            "revenue": 862973
        },
        "2017-01": {
            "month": "2017-01",
            "price": "35.52",
            "revenue": 740752
        },
        "2017-02": {
            "month": "2017-02",
            "price": "36.01",
            "revenue": 871533
        },
        "2017-03": {
            "month": "2017-03",
            "price": "37.38",
            "revenue": 1089339
        },
        "2017-04": {
            "month": "2017-04",
            "price": "37.37",
            "revenue": 801013
        },
        "2017-05": {
            "month": "2017-05",
            "price": "37.14",
            "revenue": 794969
        },
        "2017-06": {
            "month": "2017-06",
            "price": "37.41",
            "revenue": 759817
        },
        "2017-07": {
            "month": "2017-07",
            "price": "36.08",
            "revenue": 770144
        },
        "2017-08": {
            "month": "2017-08",
            "price": "35.69",
            "revenue": 928557
        },
        "2017-09": {
            "month": "2017-09",
            "price": "35.51",
            "revenue": 896942
        },
        "2017-10": {
            "month": "2017-10",
            "price": "35.17",
            "revenue": 782311
        },
        "2017-11": {
            "month": "2017-11",
            "price": "34.72",
            "revenue": 712095
        },
        "2017-12": {
            "month": "2017-12",
            "price": "33.73",
            "revenue": 707884
        },
        "2018-01": {
            "month": "2018-01",
            "price": "33.73",
            "revenue": 782396
        },
        "2018-02": {
            "month": "2018-02",
            "price": "32.98",
            "revenue": 598839
        },
        "2018-03": {
            "month": "2018-03",
            "price": "32.94",
            "revenue": 1004127
        },
        "2018-04": {
            "month": "2018-04",
            "price": "32.30",
            "revenue": 725122
        },
        "2018-05": {
            "month": "2018-05",
            "price": "30.84",
            "revenue": 695464
        },
        "2018-06": {
            "month": "2018-06",
            "price": "30.19",
            "revenue": 652459
        },
        "2018-07": {
            "month": "2018-07",
            "price": "28.61",
            "revenue": 880529
        },
        "2018-08": {
            "month": "2018-08",
            "price": "27.95",
            "revenue": 893616
        },
        "2018-09": {
            "month": "2018-09",
            "price": "27.44",
            "revenue": 834841
        },
        "2018-10": {
            "month": "2018-10",
            "price": "24.43",
            "revenue": 891249
        },
        "2018-11": {
            "month": "2018-11",
            "price": "22.68",
            "revenue": 836558
        },
        "2018-12": {
            "month": "2018-12",
            "price": "22.75",
            "revenue": 697071
        },
        "2019-01": {
            "month": "2019-01",
            "price": "23.96",
            "revenue": 910675
        },
        "2019-02": {
            "month": "2019-02",
            "price": "25.41",
            "revenue": 692269
        },
        "2019-03": {
            "month": "2019-03",
            "price": "24.36",
            "revenue": 1025298
        },
        "2019-04": {
            "month": "2019-04",
            "price": "23.70",
            "revenue": 892304
        },
        "2019-05": {
            "month": "2019-05",
            "price": "24.00",
            "revenue": 810708
        },
        "2019-06": {
            "month": "2019-06",
            "price": "24.59",
            "revenue": 660096
        },
        "2019-07": {
            "month": "2019-07",
            "price": "23.83",
            "revenue": 882453
        },
        "2019-08": {
            "month": "2019-08",
            "price": "22.68",
            "revenue": 941448
        },
        "2019-09": {
            "month": "2019-09",
            "price": "23.70",
            "revenue": 921765
        },
        "2019-10": {
            "month": "2019-10",
            "price": "24.32",
            "revenue": 968475
        },
        "2019-11": {
            "month": "2019-11",
            "price": "24.00",
            "revenue": 798139
        },
        "2019-12": {
            "month": "2019-12",
            "price": "23.75",
            "revenue": 767780
        },
        "2020-01": {
            "month": "2020-01",
            "price": "23.17",
            "revenue": 748887
        },
        "2020-02": {
            "month": "2020-02",
            "price": "22.13",
            "revenue": 833964
        },
        "2020-03": {
            "month": "2020-03",
            "price": "18.63",
            "revenue": 1074419
        },
        "2020-04": {
            "month": "2020-04",
            "price": "19.33",
            "revenue": 562804
        },
        "2020-05": {
            "month": "2020-05",
            "price": "25.25",
            "revenue": 418689
        },
        "2020-06": {
            "month": "2020-06",
            "price": "22.41",
            "revenue": 489749
        },
        "2020-07": {
            "month": "2020-07",
            "price": "21.04",
            "revenue": 528216
        },
        "2020-08": {
            "month": "2020-08",
            "price": "21.39",
            "revenue": 677965
        },
        "2020-09": {
            "month": "2020-09",
            "price": "21.07",
            "revenue": 840399
        },
        "2020-10": {
            "month": "2020-10",
            "price": "21.07",
            "revenue": 841490
        },
        "2020-11": {
            "month": "2020-11",
            "price": "21.65",
            "revenue": 731314
        },
        "2020-12": {
            "month": "2020-12",
            "price": "22.45",
            "revenue": 693860
        },
        "2021-01": {
            "month": "2021-01",
            "price": "21.04",
            "revenue": 949887
        },
        "2021-02": {
            "month": "2021-02",
            "price": "20.54",
            "revenue": 706825
        },
        "2021-03": {
            "month": "2021-03",
            "price": "21.43",
            "revenue": 932378
        },
        "2021-04": {
            "month": "2021-04",
            "price": "22.73",
            "revenue": 697674
        },
        "2021-05": {
            "month": "2021-05",
            "price": "21.29",
            "revenue": 604961
        },
        "2021-06": {
            "month": "2021-06",
            "price": "22.83",
            "revenue": 691468
        },
        "2021-07": {
            "month": "2021-07",
            "price": "24.06",
            "revenue": 621285
        },
        "2021-08": {
            "month": "2021-08",
            "price": "22.24",
            "revenue": 513232
        },
        "2021-09": {
            "month": "2021-09",
            "price": "21.42",
            "revenue": 550855
        },
        "2021-10": {
            "month": "2021-10",
            "price": "21.55",
            "revenue": 635756
        },
        "2021-11": {
            "month": "2021-11",
            "price": "21.17",
            "revenue": 801545
        },
        "2021-12": {
            "month": "2021-12",
            "price": "20.70",
            "revenue": 678141
        },
        "2022-01": {
            "month": "2022-01",
            "price": "20.59",
            "revenue": 837560
        },
        "2022-02": {
            "month": "2022-02",
            "price": "20.70",
            "revenue": 759173
        },
        "2022-03": {
            "month": "2022-03",
            "price": "20.27",
            "revenue": 1020535
        },
        "2022-04": {
            "month": "2022-04",
            "price": "20.19",
            "revenue": 983242
        },
        "2022-05": {
            "month": "2022-05",
            "price": "19.94",
            "revenue": 860620
        },
        "2022-06": {
            "month": "2022-06",
            "price": "20.14",
            "revenue": 857800
        },
        "2022-07": {
            "month": "2022-07",
            "price": "19.53",
            "revenue": 923832
        },
        "2022-08": {
            "month": "2022-08",
            "price": "20.37",
            "revenue": 1118509
        },
        "2022-09": {
            "month": "2022-09",
            "price": "21.34",
            "revenue": 1021629
        },
        "2022-10": {
            "month": "2022-10",
            "price": "20.35",
            "revenue": 816520
        },
        "2022-11": {
            "month": "2022-11",
            "price": "20.62",
            "revenue": 821824
        },
        "2022-12": {
            "month": "2022-12",
            "price": "20.94",
            "revenue": 742256
        },
        "2023-01": {
            "month": "2023-01",
            "price": "20.76",
            "revenue": 789995
        },
        "2023-02": {
            "month": "2023-02",
            "price": "20.91",
            "revenue": 959537
        },
        "2023-03": {
            "month": "2023-03",
            "price": "21.03",
            "revenue": 860166
        },
        "2023-04": {
            "month": "2023-04",
            "price": "20.99",
            "revenue": 739298
        },
        "2023-05": {
            "month": "2023-05",
            "price": "22.86",
            "revenue": 823622
        },
        "2023-06": {
            "month": "2023-06",
            "price": "25.15",
            "revenue": 728830
        },
        "2023-07": {
            "month": "2023-07",
            "price": "23.02",
            "revenue": 893367
        },
        "2023-08": {
            "month": "2023-08",
            "price": "23.88",
            "revenue": 1038632
        },
        "2023-09": {
            "month": "2023-09",
            "price": "26.44",
            "revenue": 838162
        },
        "2023-10": {
            "month": "2023-10",
            "price": "24.85",
            "revenue": 837011
        },
        "2023-11": {
            "month": "2023-11",
            "price": "25.95",
            "revenue": 824541
        },
        "2023-12": {
            "month": "2023-12",
            "price": "26.52",
            "revenue": 753575
        }
    }
}
