{
    "summary": {
        "stock_name": "亞聚",
        "stock_id": "1308",
        "category": "塑膠",
        "main_business": "低密度聚乙烯及乙烯醋酸乙烯酯共聚合樹脂之生產及銷售.<br>高密度聚乙烯及線型低密度聚乙烯之銷售.<br>分解性塑膠原料之製造及銷售.",
        "website_url": "http://www.apc.com.tw",
        "ceo": "吳培基",
        "pe_ratio": 13,
        "report_year_from": 2001,
        "report_year_to": 2023,
        "age": 22,
        "eps_negative_percentage": 9,
        "eps_growth_avg": {
            "last_all": 13.5,
            "last_2y": 24.86,
            "last_4y": 24.37,
            "last_8y": 13.54,
            "last_12y": 4.24,
            "last_16y": 12.12,
            "last_20y": 13.5,
            "at_2006_last_3y": 17.93,
            "at_2007_last_3y": 42.43,
            "at_2008_last_3y": 3.23,
            "at_2009_last_3y": 37.71,
            "at_2010_last_3y": 42.54,
            "at_2011_last_3y": 15.98,
            "at_2012_last_3y": 13.07,
            "at_2013_last_3y": -16.68,
            "at_2014_last_3y": -25.38,
            "at_2015_last_3y": -23.11,
            "at_2016_last_3y": -0.27,
            "at_2017_last_3y": 0.01,
            "at_2018_last_3y": -11.22,
            "at_2019_last_3y": 13.07,
            "at_2020_last_3y": 14.44,
            "at_2021_last_3y": 43.91,
            "at_2022_last_3y": 43.65,
            "at_2023_last_3y": 43.65,
            "at_2006_last_all": 17.93,
            "at_2007_last_all": 34.34,
            "at_2008_last_all": 19.15,
            "at_2009_last_all": 30.7,
            "at_2010_last_all": 30.24,
            "at_2011_last_all": 26.18,
            "at_2012_last_all": 16.72,
            "at_2013_last_all": 13.47,
            "at_2014_last_all": 11.7,
            "at_2015_last_all": 11.01,
            "at_2016_last_all": 11.87,
            "at_2017_last_all": 9.88,
            "at_2018_last_all": 5.97,
            "at_2019_last_all": 11.5,
            "at_2020_last_all": 12.44,
            "at_2021_last_all": 17.05,
            "at_2022_last_all": 13.5,
            "at_2023_last_all": 13.5
        },
        "latest_eps": 2.01,
        "latest_price": 26.4,
        "latest_roe": 7.82,
        "latest_gross_margin": 19.93,
        "latest_equity": 14672210,
        "latest_revenue": 1569177,
        "latest_gross_profit": 312722,
        "latest_net_income": -25127,
        "latest_debt_ratio": 12.09,
        "latest_current_ratio": 285.05,
        "latest_account_receivable_turnover_ratio": 1.93,
        "latest_inventory_turnover_ratio": 2.31,
        "latest_reinvestment_rate": 2.39,
        "latest_research_to_sale_ratio": 0.1
    },
    "eps_dividends": {
        "1990": {
            "cash": 1,
            "stock": 1,
            "eps": 0
        },
        "1991": {
            "cash": 2,
            "stock": 0,
            "eps": 0
        },
        "1992": {
            "cash": 2,
            "stock": 0,
            "eps": 0
        },
        "1993": {
            "cash": 2,
            "stock": 0,
            "eps": 0
        },
        "1994": {
            "cash": 0.8,
            "stock": 0,
            "eps": 0
        },
        "1995": {
            "cash": 2.2,
            "stock": 0,
            "eps": 0
        },
        "1996": {
            "cash": 2.5,
            "stock": 0,
            "eps": 0
        },
        "1997": {
            "cash": 2.5,
            "stock": 2.5,
            "eps": 0
        },
        "1998": {
            "cash": 1,
            "stock": 1.5,
            "eps": 0
        },
        "1999": {
            "cash": 1.5,
            "stock": 0.5,
            "eps": 0
        },
        "2000": {
            "cash": 1.3,
            "stock": 0,
            "eps": 0
        },
        "2001": {
            "cash": 0.5,
            "stock": 0,
            "eps": -0.4
        },
        "2002": {
            "cash": 0,
            "stock": 0,
            "eps": 1
        },
        "2003": {
            "cash": 0.8,
            "stock": 0,
            "eps": 1.02
        },
        "2004": {
            "cash": 0.2,
            "stock": 0.8,
            "eps": 2.11
        },
        "2005": {
            "cash": 0.6,
            "stock": 0.6,
            "eps": 1.31
        },
        "2006": {
            "cash": 0.8,
            "stock": 0,
            "eps": 1.41
        },
        "2007": {
            "cash": 1,
            "stock": 0,
            "eps": 3.01
        },
        "2008": {
            "cash": 2,
            "stock": 0,
            "eps": 1.3
        },
        "2009": {
            "cash": 1,
            "stock": 0,
            "eps": 3.78
        },
        "2010": {
            "cash": 0.6,
            "stock": 2,
            "eps": 4.8
        },
        "2011": {
            "cash": 2.5,
            "stock": 4.5,
            "eps": 4.5
        },
        "2012": {
            "cash": 0,
            "stock": 0,
            "eps": 1.42
        },
        "2013": {
            "cash": 1,
            "stock": 0,
            "eps": 1.15
        },
        "2014": {
            "cash": 1,
            "stock": 0,
            "eps": 1.06
        },
        "2015": {
            "cash": 0.3,
            "stock": 0.5,
            "eps": 1.09
        },
        "2016": {
            "cash": 0.6,
            "stock": 0.2,
            "eps": 1.34
        },
        "2017": {
            "cash": 0.6,
            "stock": 0.3,
            "eps": 1.1
        },
        "2018": {
            "cash": 0.2,
            "stock": 0.7,
            "eps": 0.52
        },
        "2019": {
            "cash": 0.3,
            "stock": 0,
            "eps": 1.48
        },
        "2020": {
            "cash": 0.6,
            "stock": 0.5,
            "eps": 1.9
        },
        "2021": {
            "cash": 1.2,
            "stock": 0.2,
            "eps": 5.28
        },
        "2022": {
            "cash": 3,
            "stock": 0,
            "eps": 2.44
        },
        "2023": {
            "cash": 1.2,
            "stock": 0,
            "eps": -0.04
        }
    },
    "dividends": {
        "1990-05-17": {
            "cash": 1,
            "stock": 1
        },
        "1991-05-03": {
            "cash": 2,
            "stock": 0
        },
        "1992-05-22": {
            "cash": 2,
            "stock": 0
        },
        "1993-05-14": {
            "cash": 2,
            "stock": 0
        },
        "1994-05-25": {
            "cash": 0.8,
            "stock": 0
        },
        "1995-06-16": {
            "cash": 2.2,
            "stock": 0
        },
        "1996-06-07": {
            "cash": 2.5,
            "stock": 0
        },
        "1997-05-28": {
            "cash": 2.5,
            "stock": 2.5
        },
        "1998-05-20": {
            "cash": 1,
            "stock": 1.5
        },
        "1999-05-31": {
            "cash": 1.5,
            "stock": 0.5
        },
        "2000-06-02": {
            "cash": 1.3,
            "stock": 0
        },
        "2001-06-18": {
            "cash": 0.5,
            "stock": 0
        },
        "2003-03-18": {
            "cash": 0.8,
            "stock": 0
        },
        "2004-03-05": {
            "cash": 0.2,
            "stock": 0.8
        },
        "2005-03-15": {
            "cash": 0.6,
            "stock": 0.6
        },
        "2006-03-13": {
            "cash": 0.8,
            "stock": 0
        },
        "2007-03-22": {
            "cash": 1,
            "stock": 0
        },
        "2008-03-13": {
            "cash": 2,
            "stock": 0
        },
        "2009-04-14": {
            "cash": 1,
            "stock": 0
        },
        "2010-03-15": {
            "cash": 0.6,
            "stock": 2
        },
        "2011-01-01": {
            "cash": 1,
            "stock": 2
        },
        "2011-03-16": {
            "cash": 1.5,
            "stock": 2.5
        },
        "2013-03-20": {
            "cash": 1,
            "stock": 0
        },
        "2014-08-22": {
            "cash": 1,
            "stock": 0
        },
        "2015-08-28": {
            "cash": 0.3,
            "stock": 0.5
        },
        "2016-09-10": {
            "cash": 0.6,
            "stock": 0.2
        },
        "2017-08-25": {
            "cash": 0.6,
            "stock": 0.3
        },
        "2018-08-24": {
            "cash": 0.2,
            "stock": 0.7
        },
        "2019-08-23": {
            "cash": 0.3,
            "stock": 0
        },
        "2020-08-28": {
            "cash": 0.6,
            "stock": 0.5
        },
        "2021-10-07": {
            "cash": 1.2,
            "stock": 0.2
        },
        "2022-08-31": {
            "cash": 3,
            "stock": 0
        },
        "2023-03-03": {
            "cash": 1.2,
            "stock": 0
        }
    },
    "prices": {
        "200101": "15.29",
        "200102": "16.81",
        "200103": "15.52",
        "200104": "13.12",
        "200105": "10.87",
        "200106": "11.28",
        "200107": "9.46",
        "200108": "10.08",
        "200109": "11.99",
        "200110": "9.29",
        "200111": "9.32",
        "200112": "11.56",
        "200201": "13.85",
        "200202": "14.35",
        "200203": "17.18",
        "200204": "17.73",
        "200205": "14.16",
        "200206": "16.28",
        "200207": "21.17",
        "200208": "22.24",
        "200209": "16.78",
        "200210": "14.70",
        "200211": "19.37",
        "200212": "19.51",
        "200301": "22.63",
        "200302": "20.07",
        "200303": "17.86",
        "200304": "17.44",
        "200305": "16.47",
        "200306": "18.28",
        "200307": "19.61",
        "200308": "22.51",
        "200309": "19.14",
        "200310": "21.15",
        "200311": "21.71",
        "200312": "21.59",
        "200401": "22.09",
        "200402": "21.24",
        "200403": "20.12",
        "200404": "18.58",
        "200405": "16.54",
        "200406": "16.51",
        "200407": "17.50",
        "200408": "16.34",
        "200409": "18.11",
        "200410": "19.30",
        "200411": "17.18",
        "200412": "17.70",
        "200501": "17.99",
        "200502": "17.55",
        "200503": "16.84",
        "200504": "14.61",
        "200505": "14.28",
        "200506": "15.82",
        "200507": "15.46",
        "200508": "14.32",
        "200509": "13.06",
        "200510": "13.38",
        "200511": "13.15",
        "200512": "13.24",
        "200601": "14.08",
        "200602": "13.41",
        "200603": "12.45",
        "200604": "13.23",
        "200605": "13.69",
        "200606": "12.57",
        "200607": "12.21",
        "200608": "11.86",
        "200609": "11.80",
        "200610": "12.77",
        "200611": "13.25",
        "200612": "13.67",
        "200701": "13.84",
        "200702": "13.74",
        "200703": "13.76",
        "200704": "15.20",
        "200705": "14.91",
        "200706": "15.84",
        "200707": "20.09",
        "200708": "19.62",
        "200709": "23.59",
        "200710": "26.75",
        "200711": "24.02",
        "200712": "25.11",
        "200801": "23.67",
        "200802": "23.58",
        "200803": "26.69",
        "200804": "26.15",
        "200805": "30.64",
        "200806": "27.47",
        "200807": "23.04",
        "200808": "20.10",
        "200809": "17.75",
        "200810": "14.18",
        "200811": "13.14",
        "200812": "14.15",
        "200901": "15.90",
        "200902": "15.61",
        "200903": "15.73",
        "200904": "17.15",
        "200905": "20.61",
        "200906": "21.24",
        "200907": "20.30",
        "200908": "22.08",
        "200909": "23.98",
        "200910": "24.29",
        "200911": "25.33",
        "200912": "25.68",
        "201001": "28.63",
        "201002": "26.96",
        "201003": "28.55",
        "201004": "29.22",
        "201005": "27.94",
        "201006": "26.50",
        "201007": "27.57",
        "201008": "27.63",
        "201009": "29.97",
        "201010": "32.36",
        "201011": "36.46",
        "201012": "42.57",
        "201101": "48.87",
        "201102": "49.71",
        "201103": "47.08",
        "201104": "50.91",
        "201105": "50.58",
        "201106": "48.15",
        "201107": "52.16",
        "201108": "49.95",
        "201109": "42.03",
        "201110": "38.08",
        "201111": "37.05",
        "201112": "30.36",
        "201201": "33.76",
        "201202": "38.98",
        "201203": "38.20",
        "201204": "36.38",
        "201205": "32.09",
        "201206": "30.63",
        "201207": "34.09",
        "201208": "31.75",
        "201209": "28.08",
        "201210": "25.50",
        "201211": "23.57",
        "201212": "25.00",
        "201301": "26.98",
        "201302": "26.01",
        "201303": "24.47",
        "201304": "22.56",
        "201305": "23.46",
        "201306": "22.93",
        "201307": "23.92",
        "201308": "22.93",
        "201309": "23.81",
        "201310": "25.76",
        "201311": "24.58",
        "201312": "25.52",
        "201401": "26.78",
        "201402": "24.89",
        "201403": "23.45",
        "201404": "24.16",
        "201405": "23.75",
        "201406": "24.63",
        "201407": "24.78",
        "201408": "21.23",
        "201409": "21.21",
        "201410": "20.10",
        "201411": "20.22",
        "201412": "20.98",
        "201501": "24.02",
        "201502": "22.47",
        "201503": "21.12",
        "201504": "21.82",
        "201505": "21.17",
        "201506": "18.74",
        "201507": "17.13",
        "201508": "15.43",
        "201509": "17.46",
        "201510": "18.75",
        "201511": "18.21",
        "201512": "17.35",
        "201601": "17.00",
        "201602": "18.42",
        "201603": "18.78",
        "201604": "18.36",
        "201605": "17.23",
        "201606": "17.17",
        "201607": "17.65",
        "201608": "17.94",
        "201609": "17.75",
        "201610": "18.44",
        "201611": "18.52",
        "201612": "19.34",
        "201701": "19.25",
        "201702": "19.52",
        "201703": "18.59",
        "201704": "18.63",
        "201705": "18.35",
        "201706": "18.74",
        "201707": "18.98",
        "201708": "18.39",
        "201709": "19.19",
        "201710": "19.03",
        "201711": "19.01",
        "201712": "18.99",
        "201801": "18.94",
        "201802": "17.78",
        "201803": "17.86",
        "201804": "17.92",
        "201805": "18.02",
        "201806": "17.79",
        "201807": "17.58",
        "201808": "16.91",
        "201809": "16.46",
        "201810": "14.76",
        "201811": "13.93",
        "201812": "13.49",
        "201901": "13.43",
        "201902": "14.32",
        "201903": "14.26",
        "201904": "14.35",
        "201905": "13.99",
        "201906": "13.81",
        "201907": "14.28",
        "201908": "15.14",
        "201909": "15.21",
        "201910": "15.05",
        "201911": "15.81",
        "201912": "15.79",
        "202001": "15.59",
        "202002": "14.34",
        "202003": "13.87",
        "202004": "15.28",
        "202005": "17.33",
        "202006": "18.82",
        "202007": "18.85",
        "202008": "17.77",
        "202009": "18.77",
        "202010": "18.34",
        "202011": "19.36",
        "202012": "20.01",
        "202101": "20.23",
        "202102": "21.13",
        "202103": "23.58",
        "202104": "29.26",
        "202105": "29.31",
        "202106": "33.06",
        "202107": "37.14",
        "202108": "36.17",
        "202109": "40.88",
        "202110": "43.51",
        "202111": "38.37",
        "202112": "36.91",
        "202201": "35.82",
        "202202": "36.66",
        "202203": "37.87",
        "202204": "36.60",
        "202205": "30.03",
        "202206": "29.29",
        "202207": "27.82",
        "202208": "26.87",
        "202209": "28.10",
        "202210": "25.48",
        "202211": "26.36",
        "202212": "28.14",
        "202301": "28.86",
        "202302": "28.97",
        "202303": "28.85",
        "202304": "28.71",
        "202305": "26.27",
        "202306": "26.43"
    },
    "quarters": {
        "20011": {
            "year_quarter": 20011,
            "year": 2001,
            "quarter": 1,
            "eps": 0.06,
            "eps_growth_year": -73.91,
            "eps_4q": -0.41,
            "eps_4q_growth_year": -128.27,
            "roe": 0.4,
            "roe_4q": 0.4,
            "gross_profit": 19672,
            "gross_margin": 3.33,
            "gross_margin_4q_avg": 3.33,
            "net_income": 14700,
            "revenue": 591012,
            "common_shares": 2279277,
            "book_valuer_per_share": 16.28,
            "book_valuer_per_share_4q_avg": 16.28,
            "equity": 3710903,
            "current_ratio": 465.81,
            "debt_ratio": 9.66,
            "inventory_turnover_ratio": 2.2,
            "account_receivable_turnover_ratio": null,
            "reinvestment_rate": null,
            "research_to_sale_ratio": null,
            "price_fair": 0,
            "eps_avg_yearly": 0,
            "eps_latest_yearly": 0,
            "eps_growth_yearly": 0
        },
        "20012": {
            "year_quarter": 20012,
            "year": 2001,
            "quarter": 2,
            "eps": -0.17,
            "eps_growth_year": -270,
            "eps_4q": -0.72,
            "eps_4q_growth_year": -171.05,
            "roe": -1.09,
            "roe_4q": -0.6900000000000001,
            "gross_profit": 26191,
            "gross_margin": 4.11,
            "gross_margin_4q_avg": 3.72,
            "net_income": -39774,
            "revenue": 636824,
            "common_shares": 2279277,
            "book_valuer_per_share": 15.6,
            "book_valuer_per_share_4q_avg": 15.94,
            "equity": 3556071,
            "current_ratio": 266.41,
            "debt_ratio": 14,
            "inventory_turnover_ratio": 2.46,
            "account_receivable_turnover_ratio": null,
            "reinvestment_rate": null,
            "research_to_sale_ratio": null,
            "price_fair": 0,
            "eps_avg_yearly": 0,
            "eps_latest_yearly": 0,
            "eps_growth_yearly": 0
        },
        "20013": {
            "year_quarter": 20013,
            "year": 2001,
            "quarter": 3,
            "eps": -0.28,
            "eps_growth_year": null,
            "eps_4q": -0.97,
            "eps_4q_growth_year": -251.25,
            "roe": -1.82,
            "roe_4q": -2.5100000000000002,
            "gross_profit": 42099,
            "gross_margin": 6.87,
            "gross_margin_4q_avg": 4.77,
            "net_income": -64201,
            "revenue": 612647,
            "common_shares": 2279277,
            "book_valuer_per_share": 15.31,
            "book_valuer_per_share_4q_avg": 15.73,
            "equity": 3490477,
            "current_ratio": 283.45,
            "debt_ratio": 12.62,
            "inventory_turnover_ratio": 2.32,
            "account_receivable_turnover_ratio": null,
            "reinvestment_rate": null,
            "research_to_sale_ratio": null,
            "price_fair": 0,
            "eps_avg_yearly": 0,
            "eps_latest_yearly": 0,
            "eps_growth_yearly": 0
        },
        "20014": {
            "year_quarter": 20014,
            "year": 2001,
            "quarter": 4,
            "eps": -0.01,
            "eps_growth_year": null,
            "eps_4q": -0.4,
            "eps_4q_growth_year": null,
            "roe": -0.07,
            "roe_4q": -2.5800000000000005,
            "gross_profit": 58217,
            "gross_margin": 10.13,
            "gross_margin_4q_avg": 6.11,
            "net_income": -2465,
            "revenue": 574740,
            "common_shares": 2279277,
            "book_valuer_per_share": 15.13,
            "book_valuer_per_share_4q_avg": 15.58,
            "equity": 3449122,
            "current_ratio": 243.34,
            "debt_ratio": 17.13,
            "inventory_turnover_ratio": 2.25,
            "account_receivable_turnover_ratio": null,
            "reinvestment_rate": null,
            "research_to_sale_ratio": null,
            "price_fair": 0,
            "eps_avg_yearly": 0,
            "eps_latest_yearly": 0,
            "eps_growth_yearly": 0
        },
        "20021": {
            "year_quarter": 20021,
            "year": 2002,
            "quarter": 1,
            "eps": 0.52,
            "eps_growth_year": 766.67,
            "eps_4q": 0.05,
            "eps_4q_growth_year": null,
            "roe": 3.37,
            "roe_4q": 0.3900000000000001,
            "gross_profit": 100726,
            "gross_margin": 16.3,
            "gross_margin_4q_avg": 9.35,
            "net_income": 118879,
            "revenue": 617776,
            "common_shares": 2279277,
            "book_valuer_per_share": 15.78,
            "book_valuer_per_share_4q_avg": 15.46,
            "equity": 3597026,
            "current_ratio": 220.67,
            "debt_ratio": 19.77,
            "inventory_turnover_ratio": 2.27,
            "account_receivable_turnover_ratio": null,
            "reinvestment_rate": null,
            "research_to_sale_ratio": null,
            "price_fair": 0,
            "eps_avg_yearly": 0,
            "eps_latest_yearly": 0,
            "eps_growth_yearly": 0
        },
        "20022": {
            "year_quarter": 20022,
            "year": 2002,
            "quarter": 2,
            "eps": 0.25,
            "eps_growth_year": null,
            "eps_4q": 0.48,
            "eps_4q_growth_year": null,
            "roe": 1.58,
            "roe_4q": 3.0599999999999996,
            "gross_profit": 95848,
            "gross_margin": 15.49,
            "gross_margin_4q_avg": 12.2,
            "net_income": 57198,
            "revenue": 618721,
            "common_shares": 2279277,
            "book_valuer_per_share": 15.92,
            "book_valuer_per_share_4q_avg": 15.54,
            "equity": 3629298,
            "current_ratio": 359.25,
            "debt_ratio": 16.03,
            "inventory_turnover_ratio": 1.91,
            "account_receivable_turnover_ratio": null,
            "reinvestment_rate": null,
            "research_to_sale_ratio": null,
            "price_fair": 3,
            "eps_avg_yearly": 1,
            "eps_latest_yearly": 1,
            "eps_growth_yearly": -207.69
        },
        "20023": {
            "year_quarter": 20023,
            "year": 2002,
            "quarter": 3,
            "eps": 0.05,
            "eps_growth_year": null,
            "eps_4q": 0.79,
            "eps_4q_growth_year": null,
            "roe": 0.32,
            "roe_4q": 5.2,
            "gross_profit": 70967,
            "gross_margin": 10.96,
            "gross_margin_4q_avg": 13.22,
            "net_income": 11767,
            "revenue": 647234,
            "common_shares": 2279277,
            "book_valuer_per_share": 16.08,
            "book_valuer_per_share_4q_avg": 15.73,
            "equity": 3664150,
            "current_ratio": 351.81,
            "debt_ratio": 16.43,
            "inventory_turnover_ratio": 1.96,
            "account_receivable_turnover_ratio": null,
            "reinvestment_rate": null,
            "research_to_sale_ratio": null,
            "price_fair": 1.8,
            "eps_avg_yearly": 0.6,
            "eps_latest_yearly": 0.2,
            "eps_growth_yearly": -263.85
        },
        "20024": {
            "year_quarter": 20024,
            "year": 2002,
            "quarter": 4,
            "eps": 0.18,
            "eps_growth_year": null,
            "eps_4q": 1.02,
            "eps_4q_growth_year": null,
            "roe": 1.1,
            "roe_4q": 6.37,
            "gross_profit": 82765,
            "gross_margin": 11.83,
            "gross_margin_4q_avg": 13.65,
            "net_income": 40421,
            "revenue": 699375,
            "common_shares": 2279277,
            "book_valuer_per_share": 16.18,
            "book_valuer_per_share_4q_avg": 15.99,
            "equity": 3687021,
            "current_ratio": 285.65,
            "debt_ratio": 20.25,
            "inventory_turnover_ratio": 2.21,
            "account_receivable_turnover_ratio": null,
            "reinvestment_rate": -82.34,
            "research_to_sale_ratio": null,
            "price_fair": 22.4,
            "eps_avg_yearly": 0.64,
            "eps_latest_yearly": 0.72,
            "eps_growth_yearly": 170.77
        },
        "20031": {
            "year_quarter": 20031,
            "year": 2003,
            "quarter": 1,
            "eps": 0.4,
            "eps_growth_year": -23.08,
            "eps_4q": 0.89,
            "eps_4q_growth_year": 1526.9,
            "roe": 2.42,
            "roe_4q": 5.42,
            "gross_profit": 100591,
            "gross_margin": 14.57,
            "gross_margin_4q_avg": 13.21,
            "net_income": 90176,
            "revenue": 690524,
            "common_shares": 2279277,
            "book_valuer_per_share": 16.57,
            "book_valuer_per_share_4q_avg": 16.19,
            "equity": 3776044,
            "current_ratio": 280.57,
            "debt_ratio": 20.77,
            "inventory_turnover_ratio": 1.82,
            "account_receivable_turnover_ratio": null,
            "reinvestment_rate": -79.51,
            "research_to_sale_ratio": null,
            "price_fair": 30.8,
            "eps_avg_yearly": 0.88,
            "eps_latest_yearly": 1.6,
            "eps_growth_yearly": 250.3
        },
        "20032": {
            "year_quarter": 20032,
            "year": 2003,
            "quarter": 2,
            "eps": 0.04,
            "eps_growth_year": -84,
            "eps_4q": 0.61,
            "eps_4q_growth_year": 26.62,
            "roe": 0.27,
            "roe_4q": 4.11,
            "gross_profit": 42326,
            "gross_margin": 6.18,
            "gross_margin_4q_avg": 10.89,
            "net_income": 10070,
            "revenue": 685345,
            "common_shares": 2279277,
            "book_valuer_per_share": 15.79,
            "book_valuer_per_share_4q_avg": 16.16,
            "equity": 3598321,
            "current_ratio": 213.36,
            "debt_ratio": 24.53,
            "inventory_turnover_ratio": 1.81,
            "account_receivable_turnover_ratio": null,
            "reinvestment_rate": -32.65,
            "research_to_sale_ratio": null,
            "price_fair": 25.76,
            "eps_avg_yearly": 0.74,
            "eps_latest_yearly": 0.16,
            "eps_growth_yearly": 128.24
        },
        "20033": {
            "year_quarter": 20033,
            "year": 2003,
            "quarter": 3,
            "eps": 0.27,
            "eps_growth_year": 440,
            "eps_4q": 0.88,
            "eps_4q_growth_year": 11.49,
            "roe": 1.72,
            "roe_4q": 5.51,
            "gross_profit": 85641,
            "gross_margin": 11.89,
            "gross_margin_4q_avg": 11.12,
            "net_income": 62448,
            "revenue": 720084,
            "common_shares": 2279277,
            "book_valuer_per_share": 16,
            "book_valuer_per_share_4q_avg": 16.14,
            "equity": 3647247,
            "current_ratio": 282.96,
            "debt_ratio": 20.24,
            "inventory_turnover_ratio": 1.83,
            "account_receivable_turnover_ratio": null,
            "reinvestment_rate": -63.51,
            "research_to_sale_ratio": null,
            "price_fair": 27.77,
            "eps_avg_yearly": 0.79,
            "eps_latest_yearly": 1.08,
            "eps_growth_yearly": 490.2
        },
        "20034": {
            "year_quarter": 20034,
            "year": 2003,
            "quarter": 4,
            "eps": 0.31,
            "eps_growth_year": 72.22,
            "eps_4q": 1.02,
            "eps_4q_growth_year": 0.31,
            "roe": 1.93,
            "roe_4q": 6.34,
            "gross_profit": 132408,
            "gross_margin": 15.62,
            "gross_margin_4q_avg": 12.07,
            "net_income": 71075,
            "revenue": 847823,
            "common_shares": 2279277,
            "book_valuer_per_share": 16.39,
            "book_valuer_per_share_4q_avg": 16.19,
            "equity": 3736567,
            "current_ratio": 225.94,
            "debt_ratio": 22.37,
            "inventory_turnover_ratio": 2.26,
            "account_receivable_turnover_ratio": null,
            "reinvestment_rate": -73.36,
            "research_to_sale_ratio": null,
            "price_fair": 30,
            "eps_avg_yearly": 0.86,
            "eps_latest_yearly": 1.24,
            "eps_growth_yearly": 428.64
        },
        "20041": {
            "year_quarter": 20041,
            "year": 2004,
            "quarter": 1,
            "eps": 0.36,
            "eps_growth_year": -10,
            "eps_4q": 0.99,
            "eps_4q_growth_year": 12.01,
            "roe": 2.17,
            "roe_4q": 6.09,
            "gross_profit": 148134,
            "gross_margin": 18.14,
            "gross_margin_4q_avg": 12.96,
            "net_income": 81860,
            "revenue": 816675,
            "common_shares": 2279277,
            "book_valuer_per_share": 16.68,
            "book_valuer_per_share_4q_avg": 16.22,
            "equity": 3802445,
            "current_ratio": 272.12,
            "debt_ratio": 19.06,
            "inventory_turnover_ratio": 1.95,
            "account_receivable_turnover_ratio": null,
            "reinvestment_rate": -75.19,
            "research_to_sale_ratio": null,
            "price_fair": 32.55,
            "eps_avg_yearly": 0.93,
            "eps_latest_yearly": 1.44,
            "eps_growth_yearly": 383.12
        },
        "20042": {
            "year_quarter": 20042,
            "year": 2004,
            "quarter": 2,
            "eps": 0.47,
            "eps_growth_year": 1075,
            "eps_4q": 1.35,
            "eps_4q_growth_year": 122.69,
            "roe": 3,
            "roe_4q": 8.82,
            "gross_profit": 153342,
            "gross_margin": 14.93,
            "gross_margin_4q_avg": 15.15,
            "net_income": 115245,
            "revenue": 1027387,
            "common_shares": 2279277,
            "book_valuer_per_share": 17.03,
            "book_valuer_per_share_4q_avg": 16.53,
            "equity": 3881075,
            "current_ratio": 331.57,
            "debt_ratio": 15.59,
            "inventory_turnover_ratio": 2.31,
            "account_receivable_turnover_ratio": null,
            "reinvestment_rate": -70.11,
            "research_to_sale_ratio": null,
            "price_fair": 36.24,
            "eps_avg_yearly": 1.04,
            "eps_latest_yearly": 1.88,
            "eps_growth_yearly": 354.13
        },
        "20043": {
            "year_quarter": 20043,
            "year": 2004,
            "quarter": 3,
            "eps": 0.59,
            "eps_growth_year": 118.52,
            "eps_4q": 1.68,
            "eps_4q_growth_year": 91.32,
            "roe": 3.67,
            "roe_4q": 10.77,
            "gross_profit": 265546,
            "gross_margin": 23.83,
            "gross_margin_4q_avg": 18.13,
            "net_income": 145139,
            "revenue": 1114120,
            "common_shares": 2461619,
            "book_valuer_per_share": 16.37,
            "book_valuer_per_share_4q_avg": 16.62,
            "equity": 4029748,
            "current_ratio": 282.89,
            "debt_ratio": 18.37,
            "inventory_turnover_ratio": 2.18,
            "account_receivable_turnover_ratio": null,
            "reinvestment_rate": -57.95,
            "research_to_sale_ratio": null,
            "price_fair": 40.88,
            "eps_avg_yearly": 1.17,
            "eps_latest_yearly": 2.36,
            "eps_growth_yearly": 328.93
        },
        "20044": {
            "year_quarter": 20044,
            "year": 2004,
            "quarter": 4,
            "eps": 0.69,
            "eps_growth_year": 122.58,
            "eps_4q": 2.09,
            "eps_4q_growth_year": 104.81,
            "roe": 4.12,
            "roe_4q": 12.959999999999999,
            "gross_profit": 258707,
            "gross_margin": 24.56,
            "gross_margin_4q_avg": 20.37,
            "net_income": 168883,
            "revenue": 1053221,
            "common_shares": 2461619,
            "book_valuer_per_share": 16.97,
            "book_valuer_per_share_4q_avg": 16.76,
            "equity": 4178366,
            "current_ratio": 295.18,
            "debt_ratio": 19.09,
            "inventory_turnover_ratio": 1.4,
            "account_receivable_turnover_ratio": null,
            "reinvestment_rate": -39.49,
            "research_to_sale_ratio": null,
            "price_fair": 45.95,
            "eps_avg_yearly": 1.31,
            "eps_latest_yearly": 2.76,
            "eps_growth_yearly": 305.19
        },
        "20051": {
            "year_quarter": 20051,
            "year": 2005,
            "quarter": 1,
            "eps": 0.42,
            "eps_growth_year": 16.67,
            "eps_4q": 2.15,
            "eps_4q_growth_year": 117.03,
            "roe": 2.45,
            "roe_4q": 13.24,
            "gross_profit": 175582,
            "gross_margin": 13.84,
            "gross_margin_4q_avg": 19.29,
            "net_income": 104104,
            "revenue": 1268784,
            "common_shares": 2461619,
            "book_valuer_per_share": 17.6,
            "book_valuer_per_share_4q_avg": 16.99,
            "equity": 4332686,
            "current_ratio": 332.1,
            "debt_ratio": 16.72,
            "inventory_turnover_ratio": 1.72,
            "account_receivable_turnover_ratio": null,
            "reinvestment_rate": -29.55,
            "research_to_sale_ratio": null,
            "price_fair": 47.02,
            "eps_avg_yearly": 1.34,
            "eps_latest_yearly": 1.68,
            "eps_growth_yearly": 266.72
        },
        "20052": {
            "year_quarter": 20052,
            "year": 2005,
            "quarter": 2,
            "eps": 0.21,
            "eps_growth_year": -55.32,
            "eps_4q": 1.87,
            "eps_4q_growth_year": 38.72,
            "roe": 1.23,
            "roe_4q": 11.47,
            "gross_profit": 134126,
            "gross_margin": 12.12,
            "gross_margin_4q_avg": 18.59,
            "net_income": 52882,
            "revenue": 1106792,
            "common_shares": 2461619,
            "book_valuer_per_share": 17.2,
            "book_valuer_per_share_4q_avg": 17.04,
            "equity": 4234479,
            "current_ratio": 315.05,
            "debt_ratio": 17.53,
            "inventory_turnover_ratio": 2.19,
            "account_receivable_turnover_ratio": null,
            "reinvestment_rate": -0.39,
            "research_to_sale_ratio": null,
            "price_fair": 45.66,
            "eps_avg_yearly": 1.3,
            "eps_latest_yearly": 0.84,
            "eps_growth_yearly": 230.82
        },
        "20053": {
            "year_quarter": 20053,
            "year": 2005,
            "quarter": 3,
            "eps": 0.45,
            "eps_growth_year": -23.73,
            "eps_4q": 1.7,
            "eps_4q_growth_year": 1.4,
            "roe": 2.73,
            "roe_4q": 10.530000000000001,
            "gross_profit": 121783,
            "gross_margin": 10.91,
            "gross_margin_4q_avg": 15.36,
            "net_income": 116967,
            "revenue": 1115791,
            "common_shares": 2609316,
            "book_valuer_per_share": 16.64,
            "book_valuer_per_share_4q_avg": 17.1,
            "equity": 4341081,
            "current_ratio": 375.8,
            "debt_ratio": 15.78,
            "inventory_turnover_ratio": 3.12,
            "account_receivable_turnover_ratio": null,
            "reinvestment_rate": 0.12,
            "research_to_sale_ratio": null,
            "price_fair": 46.9,
            "eps_avg_yearly": 1.34,
            "eps_latest_yearly": 1.8,
            "eps_growth_yearly": 246.98
        },
        "20054": {
            "year_quarter": 20054,
            "year": 2005,
            "quarter": 4,
            "eps": 0.23,
            "eps_growth_year": -66.67,
            "eps_4q": 1.3,
            "eps_4q_growth_year": -37.82,
            "roe": 1.35,
            "roe_4q": 7.760000000000001,
            "gross_profit": 101273,
            "gross_margin": 8.71,
            "gross_margin_4q_avg": 11.4,
            "net_income": 58967,
            "revenue": 1162105,
            "common_shares": 2609316,
            "book_valuer_per_share": 16.95,
            "book_valuer_per_share_4q_avg": 17.1,
            "equity": 4423252,
            "current_ratio": 411.03,
            "debt_ratio": 14.87,
            "inventory_turnover_ratio": 3.61,
            "account_receivable_turnover_ratio": null,
            "reinvestment_rate": 2.13,
            "research_to_sale_ratio": null,
            "price_fair": 45.92,
            "eps_avg_yearly": 1.31,
            "eps_latest_yearly": 0.92,
            "eps_growth_yearly": 217.48
        },
        "20061": {
            "year_quarter": 20061,
            "year": 2006,
            "quarter": 1,
            "eps": 0.28,
            "eps_growth_year": -33.33,
            "eps_4q": 1.15,
            "eps_4q_growth_year": -46.75,
            "roe": 1.66,
            "roe_4q": 6.970000000000001,
            "gross_profit": 88554,
            "gross_margin": 8.26,
            "gross_margin_4q_avg": 10,
            "net_income": 73989,
            "revenue": 1071581,
            "common_shares": 2609316,
            "book_valuer_per_share": 17.12,
            "book_valuer_per_share_4q_avg": 16.98,
            "equity": 4466646,
            "current_ratio": 362.43,
            "debt_ratio": 17.89,
            "inventory_turnover_ratio": 2.91,
            "account_receivable_turnover_ratio": null,
            "reinvestment_rate": 2.73,
            "research_to_sale_ratio": null,
            "price_fair": 45.5,
            "eps_avg_yearly": 1.3,
            "eps_latest_yearly": 1.12,
            "eps_growth_yearly": 209.32
        },
        "20062": {
            "year_quarter": 20062,
            "year": 2006,
            "quarter": 2,
            "eps": 0.37,
            "eps_growth_year": 76.19,
            "eps_4q": 1.34,
            "eps_4q_growth_year": -28.45,
            "roe": 2.15,
            "roe_4q": 7.890000000000001,
            "gross_profit": 110938,
            "gross_margin": 9.16,
            "gross_margin_4q_avg": 9.26,
            "net_income": 95499,
            "revenue": 1210584,
            "common_shares": 2609316,
            "book_valuer_per_share": 16.9,
            "book_valuer_per_share_4q_avg": 16.9,
            "equity": 4408630,
            "current_ratio": 253.2,
            "debt_ratio": 22.26,
            "inventory_turnover_ratio": 2.87,
            "account_receivable_turnover_ratio": null,
            "reinvestment_rate": 2.87,
            "research_to_sale_ratio": null,
            "price_fair": 46.55,
            "eps_avg_yearly": 1.33,
            "eps_latest_yearly": 1.48,
            "eps_growth_yearly": 230.34
        },
        "20063": {
            "year_quarter": 20063,
            "year": 2006,
            "quarter": 3,
            "eps": 0.47,
            "eps_growth_year": 4.44,
            "eps_4q": 1.35,
            "eps_4q_growth_year": -21,
            "roe": 2.71,
            "roe_4q": 7.869999999999999,
            "gross_profit": 106556,
            "gross_margin": 9.91,
            "gross_margin_4q_avg": 9.01,
            "net_income": 122589,
            "revenue": 1075102,
            "common_shares": 2609316,
            "book_valuer_per_share": 17.78,
            "book_valuer_per_share_4q_avg": 17.19,
            "equity": 4640424,
            "current_ratio": 312.28,
            "debt_ratio": 18.76,
            "inventory_turnover_ratio": 2.03,
            "account_receivable_turnover_ratio": null,
            "reinvestment_rate": 3,
            "research_to_sale_ratio": null,
            "price_fair": 50.23,
            "eps_avg_yearly": 1.44,
            "eps_latest_yearly": 1.88,
            "eps_growth_yearly": 257.09
        },
        "20064": {
            "year_quarter": 20064,
            "year": 2006,
            "quarter": 4,
            "eps": 0.29,
            "eps_growth_year": 26.09,
            "eps_4q": 1.4,
            "eps_4q_growth_year": 8.01,
            "roe": 1.59,
            "roe_4q": 8.11,
            "gross_profit": 55751,
            "gross_margin": 4.67,
            "gross_margin_4q_avg": 8,
            "net_income": 76129,
            "revenue": 1192715,
            "common_shares": 2609316,
            "book_valuer_per_share": 18.97,
            "book_valuer_per_share_4q_avg": 17.69,
            "equity": 4950693,
            "current_ratio": 498.73,
            "debt_ratio": 12.35,
            "inventory_turnover_ratio": 2.28,
            "account_receivable_turnover_ratio": null,
            "reinvestment_rate": 2.87,
            "research_to_sale_ratio": null,
            "price_fair": 51.19,
            "eps_avg_yearly": 1.46,
            "eps_latest_yearly": 1.16,
            "eps_growth_yearly": 182.52
        },
        "20071": {
            "year_quarter": 20071,
            "year": 2007,
            "quarter": 1,
            "eps": 0.34,
            "eps_growth_year": 21.43,
            "eps_4q": 1.48,
            "eps_4q_growth_year": 29.17,
            "roe": 1.74,
            "roe_4q": 8.19,
            "gross_profit": 151201,
            "gross_margin": 11.61,
            "gross_margin_4q_avg": 8.84,
            "net_income": 87738,
            "revenue": 1302391,
            "common_shares": 2609316,
            "book_valuer_per_share": 19.71,
            "book_valuer_per_share_4q_avg": 18.34,
            "equity": 5143898,
            "current_ratio": 473.63,
            "debt_ratio": 13.23,
            "inventory_turnover_ratio": 2.8,
            "account_receivable_turnover_ratio": null,
            "reinvestment_rate": 3.42,
            "research_to_sale_ratio": null,
            "price_fair": 50.66,
            "eps_avg_yearly": 1.45,
            "eps_latest_yearly": 1.36,
            "eps_growth_yearly": 156.27
        },
        "20072": {
            "year_quarter": 20072,
            "year": 2007,
            "quarter": 2,
            "eps": 0.82,
            "eps_growth_year": 121.62,
            "eps_4q": 1.91,
            "eps_4q_growth_year": 42.95,
            "roe": 4.13,
            "roe_4q": 10.17,
            "gross_profit": 244957,
            "gross_margin": 16.29,
            "gross_margin_4q_avg": 10.62,
            "net_income": 214889,
            "revenue": 1504118,
            "common_shares": 2609316,
            "book_valuer_per_share": 20.2,
            "book_valuer_per_share_4q_avg": 19.17,
            "equity": 5270184,
            "current_ratio": 309.17,
            "debt_ratio": 18.33,
            "inventory_turnover_ratio": 3.1,
            "account_receivable_turnover_ratio": null,
            "reinvestment_rate": 2.84,
            "research_to_sale_ratio": null,
            "price_fair": 57.49,
            "eps_avg_yearly": 1.64,
            "eps_latest_yearly": 3.28,
            "eps_growth_yearly": 214.07
        },
        "20073": {
            "year_quarter": 20073,
            "year": 2007,
            "quarter": 3,
            "eps": 0.98,
            "eps_growth_year": 108.51,
            "eps_4q": 2.43,
            "eps_4q_growth_year": 80.66,
            "roe": 4.54,
            "roe_4q": 12,
            "gross_profit": 297821,
            "gross_margin": 18.54,
            "gross_margin_4q_avg": 12.78,
            "net_income": 255726,
            "revenue": 1606552,
            "common_shares": 2609316,
            "book_valuer_per_share": 23.01,
            "book_valuer_per_share_4q_avg": 20.47,
            "equity": 6005197,
            "current_ratio": 408.36,
            "debt_ratio": 14.59,
            "inventory_turnover_ratio": 3.38,
            "account_receivable_turnover_ratio": null,
            "reinvestment_rate": 2.64,
            "research_to_sale_ratio": null,
            "price_fair": 63.7,
            "eps_avg_yearly": 1.82,
            "eps_latest_yearly": 3.92,
            "eps_growth_yearly": 75.2
        },
        "20074": {
            "year_quarter": 20074,
            "year": 2007,
            "quarter": 4,
            "eps": 0.87,
            "eps_growth_year": 200,
            "eps_4q": 3.01,
            "eps_4q_growth_year": 114.37,
            "roe": 3.71,
            "roe_4q": 14.12,
            "gross_profit": 295964,
            "gross_margin": 17.96,
            "gross_margin_4q_avg": 16.1,
            "net_income": 227340,
            "revenue": 1648050,
            "common_shares": 2609316,
            "book_valuer_per_share": 23.91,
            "book_valuer_per_share_4q_avg": 21.71,
            "equity": 6239684,
            "current_ratio": 398.03,
            "debt_ratio": 15.36,
            "inventory_turnover_ratio": 3.25,
            "account_receivable_turnover_ratio": null,
            "reinvestment_rate": 3.06,
            "research_to_sale_ratio": null,
            "price_fair": 68.6,
            "eps_avg_yearly": 1.96,
            "eps_latest_yearly": 3.48,
            "eps_growth_yearly": 68.69
        },
        "20081": {
            "year_quarter": 20081,
            "year": 2008,
            "quarter": 1,
            "eps": 1.1,
            "eps_growth_year": 223.53,
            "eps_4q": 3.77,
            "eps_4q_growth_year": 154.56,
            "roe": 4.6,
            "roe_4q": 16.979999999999997,
            "gross_profit": 353833,
            "gross_margin": 20.92,
            "gross_margin_4q_avg": 18.43,
            "net_income": 287784,
            "revenue": 1691059,
            "common_shares": 2609316,
            "book_valuer_per_share": 24.05,
            "book_valuer_per_share_4q_avg": 22.79,
            "equity": 6274506,
            "current_ratio": 424.47,
            "debt_ratio": 15.02,
            "inventory_turnover_ratio": 2.95,
            "account_receivable_turnover_ratio": null,
            "reinvestment_rate": 2.93,
            "research_to_sale_ratio": null,
            "price_fair": 75.08,
            "eps_avg_yearly": 2.15,
            "eps_latest_yearly": 4.4,
            "eps_growth_yearly": 71.26
        },
        "20082": {
            "year_quarter": 20082,
            "year": 2008,
            "quarter": 2,
            "eps": 1.02,
            "eps_growth_year": 24.39,
            "eps_4q": 3.98,
            "eps_4q_growth_year": 107.95,
            "roe": 4.36,
            "roe_4q": 17.21,
            "gross_profit": 330331,
            "gross_margin": 19.36,
            "gross_margin_4q_avg": 19.2,
            "net_income": 265785,
            "revenue": 1705950,
            "common_shares": 2609316,
            "book_valuer_per_share": 22.71,
            "book_valuer_per_share_4q_avg": 23.42,
            "equity": 5925646,
            "current_ratio": 287.88,
            "debt_ratio": 21.34,
            "inventory_turnover_ratio": 3.11,
            "account_receivable_turnover_ratio": null,
            "reinvestment_rate": 2.73,
            "research_to_sale_ratio": null,
            "price_fair": 79.89,
            "eps_avg_yearly": 2.28,
            "eps_latest_yearly": 4.08,
            "eps_growth_yearly": 61.81
        },
        "20083": {
            "year_quarter": 20083,
            "year": 2008,
            "quarter": 3,
            "eps": 0.34,
            "eps_growth_year": -65.31,
            "eps_4q": 3.37,
            "eps_4q_growth_year": 38.55,
            "roe": 1.52,
            "roe_4q": 14.190000000000001,
            "gross_profit": 167277,
            "gross_margin": 12.83,
            "gross_margin_4q_avg": 17.77,
            "net_income": 87660,
            "revenue": 1303994,
            "common_shares": 2609316,
            "book_valuer_per_share": 21.48,
            "book_valuer_per_share_4q_avg": 23.04,
            "equity": 5605682,
            "current_ratio": 547.1,
            "debt_ratio": 13.43,
            "inventory_turnover_ratio": 1.75,
            "account_receivable_turnover_ratio": null,
            "reinvestment_rate": 3.13,
            "research_to_sale_ratio": null,
            "price_fair": 77.7,
            "eps_avg_yearly": 2.22,
            "eps_latest_yearly": 1.36,
            "eps_growth_yearly": 38.76
        },
        "20084": {
            "year_quarter": 20084,
            "year": 2008,
            "quarter": 4,
            "eps": -1.16,
            "eps_growth_year": -233.33,
            "eps_4q": 1.3,
            "eps_4q_growth_year": -56.76,
            "roe": -5.67,
            "roe_4q": 4.81,
            "gross_profit": -194397,
            "gross_margin": -22.35,
            "gross_margin_4q_avg": 7.69,
            "net_income": -302219,
            "revenue": 869870,
            "common_shares": 2609316,
            "book_valuer_per_share": 19.39,
            "book_valuer_per_share_4q_avg": 21.91,
            "equity": 5060755,
            "current_ratio": 632.74,
            "debt_ratio": 12.61,
            "inventory_turnover_ratio": 1.75,
            "account_receivable_turnover_ratio": 7.67,
            "reinvestment_rate": 3.79,
            "research_to_sale_ratio": null,
            "price_fair": 76.44,
            "eps_avg_yearly": 2.18,
            "eps_latest_yearly": 1.36,
            "eps_growth_yearly": 36.82
        },
        "20091": {
            "year_quarter": 20091,
            "year": 2009,
            "quarter": 1,
            "eps": 0.76,
            "eps_growth_year": -30.91,
            "eps_4q": 0.96,
            "eps_4q_growth_year": -74.62,
            "roe": 3.8,
            "roe_4q": 4.01,
            "gross_profit": 221565,
            "gross_margin": 22.01,
            "gross_margin_4q_avg": 7.96,
            "net_income": 198361,
            "revenue": 1006495,
            "common_shares": 2609316,
            "book_valuer_per_share": 20.64,
            "book_valuer_per_share_4q_avg": 21.06,
            "equity": 5384677,
            "current_ratio": 483.49,
            "debt_ratio": 14.49,
            "inventory_turnover_ratio": 2.32,
            "account_receivable_turnover_ratio": 4.41,
            "reinvestment_rate": -0.64,
            "research_to_sale_ratio": null,
            "price_fair": 77.7,
            "eps_avg_yearly": 2.22,
            "eps_latest_yearly": 1.36,
            "eps_growth_yearly": 50.63
        },
        "20092": {
            "year_quarter": 20092,
            "year": 2009,
            "quarter": 2,
            "eps": 1.18,
            "eps_growth_year": 15.69,
            "eps_4q": 1.12,
            "eps_4q_growth_year": -71.9,
            "roe": 5.53,
            "roe_4q": 5.18,
            "gross_profit": 346036,
            "gross_margin": 26.82,
            "gross_margin_4q_avg": 9.83,
            "net_income": 307244,
            "revenue": 1290189,
            "common_shares": 2609316,
            "book_valuer_per_share": 21.96,
            "book_valuer_per_share_4q_avg": 20.87,
            "equity": 5729589,
            "current_ratio": 382.96,
            "debt_ratio": 16.45,
            "inventory_turnover_ratio": 3.18,
            "account_receivable_turnover_ratio": 5.72,
            "reinvestment_rate": 1.08,
            "research_to_sale_ratio": null,
            "price_fair": 87.4,
            "eps_avg_yearly": 2.5,
            "eps_latest_yearly": 4.72,
            "eps_growth_yearly": 80.71
        },
        "20093": {
            "year_quarter": 20093,
            "year": 2009,
            "quarter": 3,
            "eps": 1.08,
            "eps_growth_year": 217.65,
            "eps_4q": 1.86,
            "eps_4q_growth_year": -44.77,
            "roe": 4.79,
            "roe_4q": 8.450000000000001,
            "gross_profit": 278231,
            "gross_margin": 21.62,
            "gross_margin_4q_avg": 12.03,
            "net_income": 281427,
            "revenue": 1286833,
            "common_shares": 2609316,
            "book_valuer_per_share": 23.05,
            "book_valuer_per_share_4q_avg": 21.26,
            "equity": 6014748,
            "current_ratio": 490.06,
            "debt_ratio": 13.64,
            "inventory_turnover_ratio": 3.26,
            "account_receivable_turnover_ratio": 6.17,
            "reinvestment_rate": 1.54,
            "research_to_sale_ratio": null,
            "price_fair": 93.7,
            "eps_avg_yearly": 2.68,
            "eps_latest_yearly": 4.32,
            "eps_growth_yearly": 45.63
        },
        "20094": {
            "year_quarter": 20094,
            "year": 2009,
            "quarter": 4,
            "eps": 0.76,
            "eps_growth_year": null,
            "eps_4q": 3.78,
            "eps_4q_growth_year": 190.6,
            "roe": 3.17,
            "roe_4q": 17.29,
            "gross_profit": 242319,
            "gross_margin": 18.88,
            "gross_margin_4q_avg": 22.33,
            "net_income": 198719,
            "revenue": 1283193,
            "common_shares": 2609316,
            "book_valuer_per_share": 25.04,
            "book_valuer_per_share_4q_avg": 22.67,
            "equity": 6534204,
            "current_ratio": 559.98,
            "debt_ratio": 12.31,
            "inventory_turnover_ratio": 3.44,
            "account_receivable_turnover_ratio": 9.17,
            "reinvestment_rate": 120.65,
            "research_to_sale_ratio": null,
            "price_fair": 99,
            "eps_avg_yearly": 2.83,
            "eps_latest_yearly": 3.04,
            "eps_growth_yearly": 51.14
        },
        "20101": {
            "year_quarter": 20101,
            "year": 2010,
            "quarter": 1,
            "eps": 0.94,
            "eps_growth_year": 23.68,
            "eps_4q": 3.96,
            "eps_4q_growth_year": 314.12,
            "roe": 3.71,
            "roe_4q": 17.2,
            "gross_profit": 348678,
            "gross_margin": 23.5,
            "gross_margin_4q_avg": 22.71,
            "net_income": 245915,
            "revenue": 1483878,
            "common_shares": 2609316,
            "book_valuer_per_share": 25.81,
            "book_valuer_per_share_4q_avg": 23.97,
            "equity": 6733875,
            "current_ratio": 466.83,
            "debt_ratio": 14.19,
            "inventory_turnover_ratio": 2.82,
            "account_receivable_turnover_ratio": 5.14,
            "reinvestment_rate": 114.84,
            "research_to_sale_ratio": 0.25,
            "price_fair": 105.6,
            "eps_avg_yearly": 3.02,
            "eps_latest_yearly": 3.76,
            "eps_growth_yearly": 51.69
        },
        "20102": {
            "year_quarter": 20102,
            "year": 2010,
            "quarter": 2,
            "eps": 0.98,
            "eps_growth_year": -17.23,
            "eps_4q": 3.3,
            "eps_4q_growth_year": 194.82,
            "roe": 4.56,
            "roe_4q": 16.23,
            "gross_profit": 417061,
            "gross_margin": 24.96,
            "gross_margin_4q_avg": 22.24,
            "net_income": 305804,
            "revenue": 1670746,
            "common_shares": 2609316,
            "book_valuer_per_share": 25.6,
            "book_valuer_per_share_4q_avg": 24.88,
            "equity": 6680753,
            "current_ratio": 480.27,
            "debt_ratio": 14.33,
            "inventory_turnover_ratio": 2.43,
            "account_receivable_turnover_ratio": 5.38,
            "reinvestment_rate": 100.79,
            "research_to_sale_ratio": 0.24,
            "price_fair": 111.7,
            "eps_avg_yearly": 3.19,
            "eps_latest_yearly": 3.92,
            "eps_growth_yearly": 43.72
        },
        "20103": {
            "year_quarter": 20103,
            "year": 2010,
            "quarter": 3,
            "eps": 1.26,
            "eps_growth_year": 16.52,
            "eps_4q": 3.66,
            "eps_4q_growth_year": 96.46,
            "roe": 5.53,
            "roe_4q": 16.97,
            "gross_profit": 418324,
            "gross_margin": 27.25,
            "gross_margin_4q_avg": 23.65,
            "net_income": 394029,
            "revenue": 1535115,
            "common_shares": 3131179,
            "book_valuer_per_share": 24.14,
            "book_valuer_per_share_4q_avg": 25.15,
            "equity": 7559550,
            "current_ratio": 604.66,
            "debt_ratio": 11.68,
            "inventory_turnover_ratio": 2.52,
            "account_receivable_turnover_ratio": 5.33,
            "reinvestment_rate": 108.84,
            "research_to_sale_ratio": 0.24,
            "price_fair": 119.6,
            "eps_avg_yearly": 3.42,
            "eps_latest_yearly": 5.04,
            "eps_growth_yearly": 44.16
        },
        "20104": {
            "year_quarter": 20104,
            "year": 2010,
            "quarter": 4,
            "eps": 1.62,
            "eps_growth_year": 113.08,
            "eps_4q": 4.64,
            "eps_4q_growth_year": 22.82,
            "roe": 6.46,
            "roe_4q": 20.26,
            "gross_profit": 546614,
            "gross_margin": 33.19,
            "gross_margin_4q_avg": 27.23,
            "net_income": 507068,
            "revenue": 1647019,
            "common_shares": 3131179,
            "book_valuer_per_share": 26.01,
            "book_valuer_per_share_4q_avg": 25.39,
            "equity": 8144798,
            "current_ratio": 597.39,
            "debt_ratio": 11.45,
            "inventory_turnover_ratio": 2.55,
            "account_receivable_turnover_ratio": 5.36,
            "reinvestment_rate": 100.1,
            "research_to_sale_ratio": 0.18,
            "price_fair": 132.9,
            "eps_avg_yearly": 3.8,
            "eps_latest_yearly": 6.48,
            "eps_growth_yearly": 63.27
        },
        "20111": {
            "year_quarter": 20111,
            "year": 2011,
            "quarter": 1,
            "eps": 1.8,
            "eps_growth_year": 91.49,
            "eps_4q": 5.66,
            "eps_4q_growth_year": 42.86,
            "roe": 6.5,
            "roe_4q": 23.05,
            "gross_profit": 704778,
            "gross_margin": 37.82,
            "gross_margin_4q_avg": 30.81,
            "net_income": 564536,
            "revenue": 1863277,
            "common_shares": 3131179,
            "book_valuer_per_share": 29.43,
            "book_valuer_per_share_4q_avg": 26.3,
            "equity": 9214827,
            "current_ratio": 317.75,
            "debt_ratio": 19.04,
            "inventory_turnover_ratio": 2.38,
            "account_receivable_turnover_ratio": 3.93,
            "reinvestment_rate": 105.99,
            "research_to_sale_ratio": 0.18,
            "price_fair": 147.5,
            "eps_avg_yearly": 4.21,
            "eps_latest_yearly": 7.2,
            "eps_growth_yearly": 61.52
        },
        "20112": {
            "year_quarter": 20112,
            "year": 2011,
            "quarter": 2,
            "eps": 1.3,
            "eps_growth_year": 33.48,
            "eps_4q": 5.05,
            "eps_4q_growth_year": 53.19,
            "roe": 5.68,
            "roe_4q": 24.17,
            "gross_profit": 569996,
            "gross_margin": 32.65,
            "gross_margin_4q_avg": 32.73,
            "net_income": 510216,
            "revenue": 1745653,
            "common_shares": 3131179,
            "book_valuer_per_share": 27.97,
            "book_valuer_per_share_4q_avg": 26.89,
            "equity": 8757003,
            "current_ratio": 248.59,
            "debt_ratio": 22.89,
            "inventory_turnover_ratio": 2.15,
            "account_receivable_turnover_ratio": 3.28,
            "reinvestment_rate": 103.81,
            "research_to_sale_ratio": 0.17,
            "price_fair": 101.15,
            "eps_avg_yearly": 4.35,
            "eps_latest_yearly": 5.2,
            "eps_growth_yearly": 13.25
        },
        "20113": {
            "year_quarter": 20113,
            "year": 2011,
            "quarter": 3,
            "eps": 0.92,
            "eps_growth_year": -27.26,
            "eps_4q": 4.96,
            "eps_4q_growth_year": 35.61,
            "roe": 4.01,
            "roe_4q": 22.65,
            "gross_profit": 448878,
            "gross_margin": 29.74,
            "gross_margin_4q_avg": 33.35,
            "net_income": 358260,
            "revenue": 1509178,
            "common_shares": 3913974,
            "book_valuer_per_share": 23.32,
            "book_valuer_per_share_4q_avg": 26.68,
            "equity": 9128941,
            "current_ratio": 309.32,
            "debt_ratio": 18.49,
            "inventory_turnover_ratio": 1.77,
            "account_receivable_turnover_ratio": 4.13,
            "reinvestment_rate": 103.46,
            "research_to_sale_ratio": 0.18,
            "price_fair": 13,
            "eps_avg_yearly": 4.33,
            "eps_latest_yearly": 3.68,
            "eps_growth_yearly": -0.68
        },
        "20114": {
            "year_quarter": 20114,
            "year": 2011,
            "quarter": 4,
            "eps": 0.48,
            "eps_growth_year": -70.54,
            "eps_4q": 4.14,
            "eps_4q_growth_year": -10.81,
            "roe": 2.07,
            "roe_4q": 18.259999999999998,
            "gross_profit": 284821,
            "gross_margin": 24.21,
            "gross_margin_4q_avg": 31.11,
            "net_income": 186722,
            "revenue": 1176580,
            "common_shares": 3913974,
            "book_valuer_per_share": 22.77,
            "book_valuer_per_share_4q_avg": 25.87,
            "equity": 8910262,
            "current_ratio": 574.68,
            "debt_ratio": 11.06,
            "inventory_turnover_ratio": 1.17,
            "account_receivable_turnover_ratio": 4,
            "reinvestment_rate": 96.07,
            "research_to_sale_ratio": 0.17,
            "price_fair": 12.67,
            "eps_avg_yearly": 4.22,
            "eps_latest_yearly": 1.92,
            "eps_growth_yearly": -11.14
        },
        "20121": {
            "year_quarter": 20121,
            "year": 2012,
            "quarter": 1,
            "eps": 0.63,
            "eps_growth_year": -65,
            "eps_4q": 3.33,
            "eps_4q_growth_year": -41.14,
            "roe": 2.67,
            "roe_4q": 14.43,
            "gross_profit": 232441,
            "gross_margin": 17.37,
            "gross_margin_4q_avg": 25.99,
            "net_income": 248094,
            "revenue": 1338468,
            "common_shares": 3913974,
            "book_valuer_per_share": 24.71,
            "book_valuer_per_share_4q_avg": 24.69,
            "equity": 9672064,
            "current_ratio": 633.65,
            "debt_ratio": 9.8,
            "inventory_turnover_ratio": 1.27,
            "account_receivable_turnover_ratio": 3.72,
            "reinvestment_rate": 109.91,
            "research_to_sale_ratio": 0.15,
            "price_fair": 12.27,
            "eps_avg_yearly": 4.09,
            "eps_latest_yearly": 2.52,
            "eps_growth_yearly": -9.76
        },
        "20122": {
            "year_quarter": 20122,
            "year": 2012,
            "quarter": 2,
            "eps": 0.38,
            "eps_growth_year": -70.92,
            "eps_4q": 2.07,
            "eps_4q_growth_year": -59.04,
            "roe": 1.88,
            "roe_4q": 10.629999999999999,
            "gross_profit": 174551,
            "gross_margin": 15.23,
            "gross_margin_4q_avg": 21.64,
            "net_income": 178065,
            "revenue": 1145921,
            "common_shares": 3913974,
            "book_valuer_per_share": 23.69,
            "book_valuer_per_share_4q_avg": 23.62,
            "equity": 9270400,
            "current_ratio": 498.7,
            "debt_ratio": 11.9,
            "inventory_turnover_ratio": 1.1,
            "account_receivable_turnover_ratio": 3.29,
            "reinvestment_rate": 108.16,
            "research_to_sale_ratio": 0.16,
            "price_fair": 11.72,
            "eps_avg_yearly": 3.91,
            "eps_latest_yearly": 1.52,
            "eps_growth_yearly": -19.02
        },
        "20123": {
            "year_quarter": 20123,
            "year": 2012,
            "quarter": 3,
            "eps": 0.45,
            "eps_growth_year": -50.59,
            "eps_4q": 1.76,
            "eps_4q_growth_year": -64.55,
            "roe": 2.22,
            "roe_4q": 8.84,
            "gross_profit": 97698,
            "gross_margin": 7.27,
            "gross_margin_4q_avg": 16.02,
            "net_income": 212419,
            "revenue": 1344625,
            "common_shares": 4696769,
            "book_valuer_per_share": 20.92,
            "book_valuer_per_share_4q_avg": 23.02,
            "equity": 9825274,
            "current_ratio": 838.24,
            "debt_ratio": 7.9,
            "inventory_turnover_ratio": 1.41,
            "account_receivable_turnover_ratio": 4.21,
            "reinvestment_rate": 112.56,
            "research_to_sale_ratio": 0.14,
            "price_fair": 60.19,
            "eps_avg_yearly": 3.94,
            "eps_latest_yearly": 1.8,
            "eps_growth_yearly": 5.29
        },
        "20124": {
            "year_quarter": 20124,
            "year": 2012,
            "quarter": 4,
            "eps": -0.04,
            "eps_growth_year": -109.07,
            "eps_4q": 1.32,
            "eps_4q_growth_year": -68.19,
            "roe": -0.21,
            "roe_4q": 6.5600000000000005,
            "gross_profit": -9369,
            "gross_margin": -0.97,
            "gross_margin_4q_avg": 9.73,
            "net_income": -20316,
            "revenue": 961496,
            "common_shares": 4696769,
            "book_valuer_per_share": 20.12,
            "book_valuer_per_share_4q_avg": 22.36,
            "equity": 9448618,
            "current_ratio": 731.81,
            "debt_ratio": 9.06,
            "inventory_turnover_ratio": 1.05,
            "account_receivable_turnover_ratio": 3.16,
            "reinvestment_rate": 98.55,
            "research_to_sale_ratio": 0.2,
            "price_fair": 60.19,
            "eps_avg_yearly": 3.94,
            "eps_latest_yearly": 1.8,
            "eps_growth_yearly": 5.29
        },
        "20131": {
            "year_quarter": 20131,
            "year": 2013,
            "quarter": 1,
            "eps": 0.28,
            "eps_growth_year": -55.56,
            "eps_4q": 1.07,
            "eps_4q_growth_year": -67.97,
            "roe": 1.38,
            "roe_4q": 5.27,
            "gross_profit": 99126,
            "gross_margin": 8.08,
            "gross_margin_4q_avg": 7.4,
            "net_income": 130712,
            "revenue": 1227231,
            "common_shares": 4696769,
            "book_valuer_per_share": 20.12,
            "book_valuer_per_share_4q_avg": 21.21,
            "equity": 9448693,
            "current_ratio": 824.28,
            "debt_ratio": 8.9,
            "inventory_turnover_ratio": 1.09,
            "account_receivable_turnover_ratio": 3.69,
            "reinvestment_rate": 98.27,
            "research_to_sale_ratio": 0.15,
            "price_fair": 60.19,
            "eps_avg_yearly": 3.94,
            "eps_latest_yearly": 1.8,
            "eps_growth_yearly": 5.29
        },
        "20132": {
            "year_quarter": 20132,
            "year": 2013,
            "quarter": 2,
            "eps": 0.34,
            "eps_growth_year": -10.32,
            "eps_4q": 1.02,
            "eps_4q_growth_year": -50.48,
            "roe": 1.72,
            "roe_4q": 5.109999999999999,
            "gross_profit": 84884,
            "gross_margin": 6.29,
            "gross_margin_4q_avg": 5.17,
            "net_income": 158057,
            "revenue": 1349596,
            "common_shares": 4696769,
            "book_valuer_per_share": 19.05,
            "book_valuer_per_share_4q_avg": 20.05,
            "equity": 8946995,
            "current_ratio": 437.82,
            "debt_ratio": 14.19,
            "inventory_turnover_ratio": 1.25,
            "account_receivable_turnover_ratio": 3.39,
            "reinvestment_rate": 96.29,
            "research_to_sale_ratio": 0.14,
            "price_fair": 11.09,
            "eps_avg_yearly": 3.7,
            "eps_latest_yearly": 1.36,
            "eps_growth_yearly": -4.38
        },
        "20133": {
            "year_quarter": 20133,
            "year": 2013,
            "quarter": 3,
            "eps": 0.27,
            "eps_growth_year": -40.3,
            "eps_4q": 0.84,
            "eps_4q_growth_year": -52.13,
            "roe": 1.41,
            "roe_4q": 4.3,
            "gross_profit": 127959,
            "gross_margin": 8.26,
            "gross_margin_4q_avg": 5.42,
            "net_income": 126644,
            "revenue": 1548361,
            "common_shares": 4696769,
            "book_valuer_per_share": 19.25,
            "book_valuer_per_share_4q_avg": 19.64,
            "equity": 9043144,
            "current_ratio": 733.91,
            "debt_ratio": 9.51,
            "inventory_turnover_ratio": 1.65,
            "account_receivable_turnover_ratio": 3.28,
            "reinvestment_rate": 101.98,
            "research_to_sale_ratio": 0.12,
            "price_fair": 10.4,
            "eps_avg_yearly": 3.47,
            "eps_latest_yearly": 1.08,
            "eps_growth_yearly": -7.84
        },
        "20134": {
            "year_quarter": 20134,
            "year": 2013,
            "quarter": 4,
            "eps": 0.26,
            "eps_growth_year": null,
            "eps_4q": 1.14,
            "eps_4q_growth_year": -13.17,
            "roe": 1.33,
            "roe_4q": 5.84,
            "gross_profit": 179390,
            "gross_margin": 10.68,
            "gross_margin_4q_avg": 8.33,
            "net_income": 121442,
            "revenue": 1679041,
            "common_shares": 4696769,
            "book_valuer_per_share": 19.54,
            "book_valuer_per_share_4q_avg": 19.49,
            "equity": 9179564,
            "current_ratio": 745.64,
            "debt_ratio": 9.46,
            "inventory_turnover_ratio": 2.21,
            "account_receivable_turnover_ratio": 3.21,
            "reinvestment_rate": 35.27,
            "research_to_sale_ratio": 0.13,
            "price_fair": 9.97,
            "eps_avg_yearly": 3.32,
            "eps_latest_yearly": 1.04,
            "eps_growth_yearly": -0.43
        },
        "20141": {
            "year_quarter": 20141,
            "year": 2014,
            "quarter": 1,
            "eps": 0.22,
            "eps_growth_year": -21.43,
            "eps_4q": 1.09,
            "eps_4q_growth_year": 2.08,
            "roe": 1.15,
            "roe_4q": 5.609999999999999,
            "gross_profit": 155112,
            "gross_margin": 11.54,
            "gross_margin_4q_avg": 9.19,
            "net_income": 105176,
            "revenue": 1344360,
            "common_shares": 4696769,
            "book_valuer_per_share": 19.52,
            "book_valuer_per_share_4q_avg": 19.34,
            "equity": 9168022,
            "current_ratio": 616.92,
            "debt_ratio": 10.76,
            "inventory_turnover_ratio": 1.76,
            "account_receivable_turnover_ratio": 2.7,
            "reinvestment_rate": 35.37,
            "research_to_sale_ratio": 0.15,
            "price_fair": 9.35,
            "eps_avg_yearly": 3.12,
            "eps_latest_yearly": 0.88,
            "eps_growth_yearly": -11.6
        },
        "20142": {
            "year_quarter": 20142,
            "year": 2014,
            "quarter": 2,
            "eps": 0.35,
            "eps_growth_year": 2.94,
            "eps_4q": 1.1,
            "eps_4q_growth_year": 7.26,
            "roe": 1.8,
            "roe_4q": 5.69,
            "gross_profit": 166724,
            "gross_margin": 10.63,
            "gross_margin_4q_avg": 10.28,
            "net_income": 162505,
            "revenue": 1567774,
            "common_shares": 4696769,
            "book_valuer_per_share": 18.94,
            "book_valuer_per_share_4q_avg": 19.31,
            "equity": 8894895,
            "current_ratio": 378.53,
            "debt_ratio": 13.76,
            "inventory_turnover_ratio": 2.03,
            "account_receivable_turnover_ratio": 3.02,
            "reinvestment_rate": 55.21,
            "research_to_sale_ratio": 0.13,
            "price_fair": 41.33,
            "eps_avg_yearly": 2.94,
            "eps_latest_yearly": 1.4,
            "eps_growth_yearly": 4.07
        },
        "20143": {
            "year_quarter": 20143,
            "year": 2014,
            "quarter": 3,
            "eps": 0.32,
            "eps_growth_year": 18.52,
            "eps_4q": 1.15,
            "eps_4q_growth_year": 36.65,
            "roe": 1.72,
            "roe_4q": 6,
            "gross_profit": 139323,
            "gross_margin": 9.47,
            "gross_margin_4q_avg": 10.58,
            "net_income": 150781,
            "revenue": 1471854,
            "common_shares": 4696769,
            "book_valuer_per_share": 18.48,
            "book_valuer_per_share_4q_avg": 19.12,
            "equity": 8677418,
            "current_ratio": 495.75,
            "debt_ratio": 11.1,
            "inventory_turnover_ratio": 2.06,
            "account_receivable_turnover_ratio": 2.74,
            "reinvestment_rate": 41.3,
            "research_to_sale_ratio": 0.14,
            "price_fair": 8.01,
            "eps_avg_yearly": 2.67,
            "eps_latest_yearly": 1.28,
            "eps_growth_yearly": -6.54
        },
        "20144": {
            "year_quarter": 20144,
            "year": 2014,
            "quarter": 4,
            "eps": 0.17,
            "eps_growth_year": -32.91,
            "eps_4q": 1.06,
            "eps_4q_growth_year": -6.88,
            "roe": 0.92,
            "roe_4q": 5.59,
            "gross_profit": 126653,
            "gross_margin": 10.71,
            "gross_margin_4q_avg": 10.59,
            "net_income": 81471,
            "revenue": 1182297,
            "common_shares": 4696769,
            "book_valuer_per_share": 19.28,
            "book_valuer_per_share_4q_avg": 19.06,
            "equity": 9054021,
            "current_ratio": 472.52,
            "debt_ratio": 10.23,
            "inventory_turnover_ratio": 1.37,
            "account_receivable_turnover_ratio": 2.78,
            "reinvestment_rate": 66,
            "research_to_sale_ratio": 0.16,
            "price_fair": 6.76,
            "eps_avg_yearly": 2.25,
            "eps_latest_yearly": 0.68,
            "eps_growth_yearly": -28.1
        },
        "20151": {
            "year_quarter": 20151,
            "year": 2015,
            "quarter": 1,
            "eps": 0.26,
            "eps_growth_year": 18.18,
            "eps_4q": 1.1,
            "eps_4q_growth_year": 0.93,
            "roe": 1.34,
            "roe_4q": 5.78,
            "gross_profit": 125841,
            "gross_margin": 10.23,
            "gross_margin_4q_avg": 10.26,
            "net_income": 121311,
            "revenue": 1230665,
            "common_shares": 4696769,
            "book_valuer_per_share": 19.23,
            "book_valuer_per_share_4q_avg": 18.98,
            "equity": 9033180,
            "current_ratio": 516.9,
            "debt_ratio": 8.81,
            "inventory_turnover_ratio": 1.39,
            "account_receivable_turnover_ratio": 3.41,
            "reinvestment_rate": 63.05,
            "research_to_sale_ratio": 0.16,
            "price_fair": 5.44,
            "eps_avg_yearly": 1.81,
            "eps_latest_yearly": 1.04,
            "eps_growth_yearly": -16.15
        },
        "20152": {
            "year_quarter": 20152,
            "year": 2015,
            "quarter": 2,
            "eps": 0.36,
            "eps_growth_year": 2.86,
            "eps_4q": 1.08,
            "eps_4q_growth_year": -1.5,
            "roe": 2.04,
            "roe_4q": 6.02,
            "gross_profit": 178407,
            "gross_margin": 14.2,
            "gross_margin_4q_avg": 11.15,
            "net_income": 179888,
            "revenue": 1256818,
            "common_shares": 4696769,
            "book_valuer_per_share": 18.41,
            "book_valuer_per_share_4q_avg": 18.85,
            "equity": 8645154,
            "current_ratio": 203.53,
            "debt_ratio": 16.44,
            "inventory_turnover_ratio": 1.35,
            "account_receivable_turnover_ratio": 3.18,
            "reinvestment_rate": 78.83,
            "research_to_sale_ratio": 0.13,
            "price_fair": 19.75,
            "eps_avg_yearly": 1.55,
            "eps_latest_yearly": 1.44,
            "eps_growth_yearly": 2.78
        },
        "20153": {
            "year_quarter": 20153,
            "year": 2015,
            "quarter": 3,
            "eps": 0.21,
            "eps_growth_year": -34.38,
            "eps_4q": 0.99,
            "eps_4q_growth_year": -14.11,
            "roe": 1.2,
            "roe_4q": 5.5,
            "gross_profit": 128249,
            "gross_margin": 10.39,
            "gross_margin_4q_avg": 11.38,
            "net_income": 104246,
            "revenue": 1234632,
            "common_shares": 4931607,
            "book_valuer_per_share": 17.57,
            "book_valuer_per_share_4q_avg": 18.62,
            "equity": 8663026,
            "current_ratio": 263.54,
            "debt_ratio": 12.24,
            "inventory_turnover_ratio": 1.3,
            "account_receivable_turnover_ratio": 2.86,
            "reinvestment_rate": 84.65,
            "research_to_sale_ratio": 0.13,
            "price_fair": 4.03,
            "eps_avg_yearly": 1.34,
            "eps_latest_yearly": 0.84,
            "eps_growth_yearly": -0.77
        },
        "20154": {
            "year_quarter": 20154,
            "year": 2015,
            "quarter": 4,
            "eps": 0.26,
            "eps_growth_year": 47.42,
            "eps_4q": 1.08,
            "eps_4q_growth_year": 1.26,
            "roe": 1.45,
            "roe_4q": 6.029999999999999,
            "gross_profit": 160841,
            "gross_margin": 12.15,
            "gross_margin_4q_avg": 11.74,
            "net_income": 126112,
            "revenue": 1323741,
            "common_shares": 4931607,
            "book_valuer_per_share": 17.63,
            "book_valuer_per_share_4q_avg": 18.21,
            "equity": 8695706,
            "current_ratio": 217.75,
            "debt_ratio": 13.84,
            "inventory_turnover_ratio": 1.44,
            "account_receivable_turnover_ratio": 2.87,
            "reinvestment_rate": 112.61,
            "research_to_sale_ratio": 0.1,
            "price_fair": 38.01,
            "eps_avg_yearly": 1.28,
            "eps_latest_yearly": 1.04,
            "eps_growth_yearly": 19.69
        },
        "20161": {
            "year_quarter": 20161,
            "year": 2016,
            "quarter": 1,
            "eps": 0.19,
            "eps_growth_year": -26.92,
            "eps_4q": 1.03,
            "eps_4q_growth_year": -6.57,
            "roe": 1.09,
            "roe_4q": 5.78,
            "gross_profit": 163883,
            "gross_margin": 12.29,
            "gross_margin_4q_avg": 12.26,
            "net_income": 96014,
            "revenue": 1333909,
            "common_shares": 4931607,
            "book_valuer_per_share": 17.98,
            "book_valuer_per_share_4q_avg": 17.9,
            "equity": 8868174,
            "current_ratio": 316.67,
            "debt_ratio": 14.82,
            "inventory_turnover_ratio": 1.63,
            "account_receivable_turnover_ratio": 2.62,
            "reinvestment_rate": 97.61,
            "research_to_sale_ratio": 0.13,
            "price_fair": 15.09,
            "eps_avg_yearly": 1.15,
            "eps_latest_yearly": 0.76,
            "eps_growth_yearly": 3.07
        },
        "20162": {
            "year_quarter": 20162,
            "year": 2016,
            "quarter": 2,
            "eps": 0.41,
            "eps_growth_year": 13.89,
            "eps_4q": 1.05,
            "eps_4q_growth_year": -3.29,
            "roe": 2.27,
            "roe_4q": 6.010000000000001,
            "gross_profit": 201234,
            "gross_margin": 15.67,
            "gross_margin_4q_avg": 12.63,
            "net_income": 199845,
            "revenue": 1284548,
            "common_shares": 4931607,
            "book_valuer_per_share": 17.73,
            "book_valuer_per_share_4q_avg": 17.73,
            "equity": 8744600,
            "current_ratio": 190.56,
            "debt_ratio": 38.58,
            "inventory_turnover_ratio": 1.59,
            "account_receivable_turnover_ratio": 2.47,
            "reinvestment_rate": 112.69,
            "research_to_sale_ratio": 0.13,
            "price_fair": 40.7,
            "eps_avg_yearly": 1.16,
            "eps_latest_yearly": 1.64,
            "eps_growth_yearly": 47.49
        },
        "20163": {
            "year_quarter": 20163,
            "year": 2016,
            "quarter": 3,
            "eps": 0.3,
            "eps_growth_year": 42.86,
            "eps_4q": 1.13,
            "eps_4q_growth_year": 14.94,
            "roe": 1.67,
            "roe_4q": 6.48,
            "gross_profit": 141992,
            "gross_margin": 10.11,
            "gross_margin_4q_avg": 12.56,
            "net_income": 148878,
            "revenue": 1404126,
            "common_shares": 5030240,
            "book_valuer_per_share": 18.02,
            "book_valuer_per_share_4q_avg": 17.84,
            "equity": 9062836,
            "current_ratio": 257.07,
            "debt_ratio": 35.71,
            "inventory_turnover_ratio": 1.68,
            "account_receivable_turnover_ratio": 2.96,
            "reinvestment_rate": 109.98,
            "research_to_sale_ratio": 0.11,
            "price_fair": 39.2,
            "eps_avg_yearly": 1.12,
            "eps_latest_yearly": 1.2,
            "eps_growth_yearly": 34.57
        },
        "20164": {
            "year_quarter": 20164,
            "year": 2016,
            "quarter": 4,
            "eps": 0.44,
            "eps_growth_year": 71.87,
            "eps_4q": 1.32,
            "eps_4q_growth_year": 22.8,
            "roe": 2.44,
            "roe_4q": 7.469999999999999,
            "gross_profit": 272750,
            "gross_margin": 14.58,
            "gross_margin_4q_avg": 13.16,
            "net_income": 226202,
            "revenue": 1870752,
            "common_shares": 5030240,
            "book_valuer_per_share": 18.88,
            "book_valuer_per_share_4q_avg": 18.15,
            "equity": 9497205,
            "current_ratio": 256.41,
            "debt_ratio": 35.26,
            "inventory_turnover_ratio": 2.19,
            "account_receivable_turnover_ratio": 2.69,
            "reinvestment_rate": 121.42,
            "research_to_sale_ratio": 0.08,
            "price_fair": 40.69,
            "eps_avg_yearly": 1.16,
            "eps_latest_yearly": 1.76,
            "eps_growth_yearly": 44.71
        },
        "20171": {
            "year_quarter": 20171,
            "year": 2017,
            "quarter": 1,
            "eps": 0.3,
            "eps_growth_year": 57.89,
            "eps_4q": 1.43,
            "eps_4q_growth_year": 39.28,
            "roe": 1.56,
            "roe_4q": 7.9399999999999995,
            "gross_profit": 230791,
            "gross_margin": 15.07,
            "gross_margin_4q_avg": 13.86,
            "net_income": 149403,
            "revenue": 1531129,
            "common_shares": 5030240,
            "book_valuer_per_share": 19.17,
            "book_valuer_per_share_4q_avg": 18.45,
            "equity": 9645006,
            "current_ratio": 243.39,
            "debt_ratio": 34.08,
            "inventory_turnover_ratio": 1.78,
            "account_receivable_turnover_ratio": 2.06,
            "reinvestment_rate": 155.63,
            "research_to_sale_ratio": 0.11,
            "price_fair": 40.78,
            "eps_avg_yearly": 1.17,
            "eps_latest_yearly": 1.2,
            "eps_growth_yearly": 33.96
        },
        "20172": {
            "year_quarter": 20172,
            "year": 2017,
            "quarter": 2,
            "eps": 0.34,
            "eps_growth_year": -17.07,
            "eps_4q": 1.34,
            "eps_4q_growth_year": 28.18,
            "roe": 1.84,
            "roe_4q": 7.51,
            "gross_profit": 167494,
            "gross_margin": 10.7,
            "gross_margin_4q_avg": 12.62,
            "net_income": 175351,
            "revenue": 1566014,
            "common_shares": 5030240,
            "book_valuer_per_share": 18.79,
            "book_valuer_per_share_4q_avg": 18.72,
            "equity": 9451767,
            "current_ratio": 162.98,
            "debt_ratio": 36.19,
            "inventory_turnover_ratio": 1.79,
            "account_receivable_turnover_ratio": 2.45,
            "reinvestment_rate": 159.57,
            "research_to_sale_ratio": 0.09,
            "price_fair": 40.78,
            "eps_avg_yearly": 1.17,
            "eps_latest_yearly": 1.36,
            "eps_growth_yearly": 31.93
        },
        "20173": {
            "year_quarter": 20173,
            "year": 2017,
            "quarter": 3,
            "eps": 0.29,
            "eps_growth_year": -3.33,
            "eps_4q": 1.34,
            "eps_4q_growth_year": 18.35,
            "roe": 1.57,
            "roe_4q": 7.41,
            "gross_profit": 145168,
            "gross_margin": 8.48,
            "gross_margin_4q_avg": 12.21,
            "net_income": 150030,
            "revenue": 1710974,
            "common_shares": 5181147,
            "book_valuer_per_share": 18.54,
            "book_valuer_per_share_4q_avg": 18.85,
            "equity": 9606961,
            "current_ratio": 221.08,
            "debt_ratio": 34.1,
            "inventory_turnover_ratio": 2.27,
            "account_receivable_turnover_ratio": 2.51,
            "reinvestment_rate": 180.79,
            "research_to_sale_ratio": 0.09,
            "price_fair": 40.95,
            "eps_avg_yearly": 1.17,
            "eps_latest_yearly": 1.16,
            "eps_growth_yearly": 33.4
        },
        "20174": {
            "year_quarter": 20174,
            "year": 2017,
            "quarter": 4,
            "eps": 0.17,
            "eps_growth_year": -60.23,
            "eps_4q": 1.09,
            "eps_4q_growth_year": -17.56,
            "roe": 0.93,
            "roe_4q": 5.9,
            "gross_profit": 153623,
            "gross_margin": 9.62,
            "gross_margin_4q_avg": 10.97,
            "net_income": 90570,
            "revenue": 1596350,
            "common_shares": 5181147,
            "book_valuer_per_share": 18.95,
            "book_valuer_per_share_4q_avg": 18.86,
            "equity": 9816470,
            "current_ratio": 219.64,
            "debt_ratio": 34.01,
            "inventory_turnover_ratio": 2.11,
            "account_receivable_turnover_ratio": 2.53,
            "reinvestment_rate": 182.38,
            "research_to_sale_ratio": 0.1,
            "price_fair": 39,
            "eps_avg_yearly": 1.15,
            "eps_latest_yearly": 0.68,
            "eps_growth_yearly": 23.98
        },
        "20181": {
            "year_quarter": 20181,
            "year": 2018,
            "quarter": 1,
            "eps": 0.16,
            "eps_growth_year": -46.67,
            "eps_4q": 0.96,
            "eps_4q_growth_year": -32.68,
            "roe": 0.84,
            "roe_4q": 5.18,
            "gross_profit": 77798,
            "gross_margin": 5.87,
            "gross_margin_4q_avg": 8.67,
            "net_income": 82741,
            "revenue": 1326214,
            "common_shares": 5181147,
            "book_valuer_per_share": 18.96,
            "book_valuer_per_share_4q_avg": 18.81,
            "equity": 9822906,
            "current_ratio": 224.82,
            "debt_ratio": 33.9,
            "inventory_turnover_ratio": 1.47,
            "account_receivable_turnover_ratio": 2.41,
            "reinvestment_rate": 65.05,
            "research_to_sale_ratio": 0.11,
            "price_fair": 39.64,
            "eps_avg_yearly": 1.13,
            "eps_latest_yearly": 0.64,
            "eps_growth_yearly": 26.36
        },
        "20182": {
            "year_quarter": 20182,
            "year": 2018,
            "quarter": 2,
            "eps": 0.14,
            "eps_growth_year": -58.82,
            "eps_4q": 0.72,
            "eps_4q_growth_year": -45.93,
            "roe": 0.8,
            "roe_4q": 4.140000000000001,
            "gross_profit": 63648,
            "gross_margin": 3.89,
            "gross_margin_4q_avg": 6.97,
            "net_income": 78577,
            "revenue": 1635182,
            "common_shares": 5181147,
            "book_valuer_per_share": 18.88,
            "book_valuer_per_share_4q_avg": 18.83,
            "equity": 9781404,
            "current_ratio": 219.97,
            "debt_ratio": 34.79,
            "inventory_turnover_ratio": 1.7,
            "account_receivable_turnover_ratio": 2.82,
            "reinvestment_rate": 38.86,
            "research_to_sale_ratio": 0.08,
            "price_fair": 19.94,
            "eps_avg_yearly": 1.08,
            "eps_latest_yearly": 0.56,
            "eps_growth_yearly": 8.46
        },
        "20183": {
            "year_quarter": 20183,
            "year": 2018,
            "quarter": 3,
            "eps": 0.18,
            "eps_growth_year": -37.93,
            "eps_4q": 0.64,
            "eps_4q_growth_year": -52.44,
            "roe": 1.04,
            "roe_4q": 3.6100000000000003,
            "gross_profit": 40806,
            "gross_margin": 2.67,
            "gross_margin_4q_avg": 5.51,
            "net_income": 102218,
            "revenue": 1527557,
            "common_shares": 5543827,
            "book_valuer_per_share": 17.79,
            "book_valuer_per_share_4q_avg": 18.65,
            "equity": 9862475,
            "current_ratio": 196,
            "debt_ratio": 33.85,
            "inventory_turnover_ratio": 1.56,
            "account_receivable_turnover_ratio": 2.34,
            "reinvestment_rate": 123.46,
            "research_to_sale_ratio": 0.07,
            "price_fair": 29,
            "eps_avg_yearly": 1.05,
            "eps_latest_yearly": 0.72,
            "eps_growth_yearly": 17.75
        },
        "20184": {
            "year_quarter": 20184,
            "year": 2018,
            "quarter": 4,
            "eps": 0.04,
            "eps_growth_year": -75.97,
            "eps_4q": 0.52,
            "eps_4q_growth_year": -52.59,
            "roe": 0.24,
            "roe_4q": 2.92,
            "gross_profit": 102214,
            "gross_margin": 5.42,
            "gross_margin_4q_avg": 4.46,
            "net_income": 23290,
            "revenue": 1886181,
            "common_shares": 5543827,
            "book_valuer_per_share": 17.32,
            "book_valuer_per_share_4q_avg": 18.24,
            "equity": 9604436,
            "current_ratio": 176.93,
            "debt_ratio": 38.42,
            "inventory_turnover_ratio": 2.01,
            "account_receivable_turnover_ratio": 2.48,
            "reinvestment_rate": 89.51,
            "research_to_sale_ratio": 0.06,
            "price_fair": 20.27,
            "eps_avg_yearly": 1.01,
            "eps_latest_yearly": 0.16,
            "eps_growth_yearly": 10.02
        },
        "20191": {
            "year_quarter": 20191,
            "year": 2019,
            "quarter": 1,
            "eps": 0.25,
            "eps_growth_year": 56.25,
            "eps_4q": 0.61,
            "eps_4q_growth_year": -36.13,
            "roe": 1.4,
            "roe_4q": 3.4799999999999995,
            "gross_profit": 176893,
            "gross_margin": 10.35,
            "gross_margin_4q_avg": 5.58,
            "net_income": 136701,
            "revenue": 1709711,
            "common_shares": 5543827,
            "book_valuer_per_share": 17.81,
            "book_valuer_per_share_4q_avg": 17.95,
            "equity": 9873394,
            "current_ratio": 205.39,
            "debt_ratio": 40.58,
            "inventory_turnover_ratio": 2.15,
            "account_receivable_turnover_ratio": 1.97,
            "reinvestment_rate": 74.33,
            "research_to_sale_ratio": 0.07,
            "price_fair": 35.35,
            "eps_avg_yearly": 1.01,
            "eps_latest_yearly": 1,
            "eps_growth_yearly": 128.04
        },
        "20192": {
            "year_quarter": 20192,
            "year": 2019,
            "quarter": 2,
            "eps": 0.37,
            "eps_growth_year": 164.29,
            "eps_4q": 0.84,
            "eps_4q_growth_year": 16.07,
            "roe": 2.08,
            "roe_4q": 4.76,
            "gross_profit": 246910,
            "gross_margin": 14.65,
            "gross_margin_4q_avg": 8.27,
            "net_income": 204309,
            "revenue": 1685601,
            "common_shares": 5543827,
            "book_valuer_per_share": 17.71,
            "book_valuer_per_share_4q_avg": 17.66,
            "equity": 9818495,
            "current_ratio": 179.86,
            "debt_ratio": 40.84,
            "inventory_turnover_ratio": 2.3,
            "account_receivable_turnover_ratio": 2.15,
            "reinvestment_rate": 78.13,
            "research_to_sale_ratio": 0.08,
            "price_fair": 35.44,
            "eps_avg_yearly": 1.01,
            "eps_latest_yearly": 1.48,
            "eps_growth_yearly": 130.42
        },
        "20193": {
            "year_quarter": 20193,
            "year": 2019,
            "quarter": 3,
            "eps": 0.37,
            "eps_growth_year": 105.56,
            "eps_4q": 1.03,
            "eps_4q_growth_year": 60.99,
            "roe": 2.08,
            "roe_4q": 5.800000000000001,
            "gross_profit": 244892,
            "gross_margin": 14.88,
            "gross_margin_4q_avg": 11.33,
            "net_income": 205791,
            "revenue": 1645365,
            "common_shares": 5543827,
            "book_valuer_per_share": 17.99,
            "book_valuer_per_share_4q_avg": 17.71,
            "equity": 9972663,
            "current_ratio": 179.16,
            "debt_ratio": 41.21,
            "inventory_turnover_ratio": 2.53,
            "account_receivable_turnover_ratio": 2.28,
            "reinvestment_rate": 95.39,
            "research_to_sale_ratio": 0.09,
            "price_fair": 36.84,
            "eps_avg_yearly": 1.05,
            "eps_latest_yearly": 1.48,
            "eps_growth_yearly": 140.84
        },
        "20194": {
            "year_quarter": 20194,
            "year": 2019,
            "quarter": 4,
            "eps": 0.49,
            "eps_growth_year": 1077.41,
            "eps_4q": 1.48,
            "eps_4q_growth_year": 186.24,
            "roe": 2.71,
            "roe_4q": 8.27,
            "gross_profit": 366753,
            "gross_margin": 20.95,
            "gross_margin_4q_avg": 15.21,
            "net_income": 274220,
            "revenue": 1750480,
            "common_shares": 5543827,
            "book_valuer_per_share": 18.45,
            "book_valuer_per_share_4q_avg": 17.99,
            "equity": 10229820,
            "current_ratio": 200.03,
            "debt_ratio": 39.55,
            "inventory_turnover_ratio": 3.1,
            "account_receivable_turnover_ratio": 2.36,
            "reinvestment_rate": 74.2,
            "research_to_sale_ratio": 0.06,
            "price_fair": 38.85,
            "eps_avg_yearly": 1.11,
            "eps_latest_yearly": 1.96,
            "eps_growth_yearly": 142.99
        },
        "20201": {
            "year_quarter": 20201,
            "year": 2020,
            "quarter": 1,
            "eps": 0.26,
            "eps_growth_year": 4,
            "eps_4q": 1.5,
            "eps_4q_growth_year": 143.76,
            "roe": 1.46,
            "roe_4q": 8.33,
            "gross_profit": 235941,
            "gross_margin": 17.96,
            "gross_margin_4q_avg": 17.11,
            "net_income": 146395,
            "revenue": 1314013,
            "common_shares": 5543827,
            "book_valuer_per_share": 17.63,
            "book_valuer_per_share_4q_avg": 17.95,
            "equity": 9775732,
            "current_ratio": 166.61,
            "debt_ratio": 38.11,
            "inventory_turnover_ratio": 2.42,
            "account_receivable_turnover_ratio": 1.93,
            "reinvestment_rate": 90.04,
            "research_to_sale_ratio": 0.1,
            "price_fair": 39.46,
            "eps_avg_yearly": 1.13,
            "eps_latest_yearly": 1.04,
            "eps_growth_yearly": 137.99
        },
        "20202": {
            "year_quarter": 20202,
            "year": 2020,
            "quarter": 2,
            "eps": 0.38,
            "eps_growth_year": 2.7,
            "eps_4q": 1.46,
            "eps_4q_growth_year": 73.04,
            "roe": 2.24,
            "roe_4q": 8.49,
            "gross_profit": 203273,
            "gross_margin": 14.97,
            "gross_margin_4q_avg": 17.19,
            "net_income": 221225,
            "revenue": 1358049,
            "common_shares": 5543827,
            "book_valuer_per_share": 18.03,
            "book_valuer_per_share_4q_avg": 18.03,
            "equity": 9996169,
            "current_ratio": 154.85,
            "debt_ratio": 34.37,
            "inventory_turnover_ratio": 2.74,
            "account_receivable_turnover_ratio": 2.23,
            "reinvestment_rate": 79.11,
            "research_to_sale_ratio": 0.09,
            "price_fair": 39.2,
            "eps_avg_yearly": 1.12,
            "eps_latest_yearly": 1.52,
            "eps_growth_yearly": 120.58
        },
        "20203": {
            "year_quarter": 20203,
            "year": 2020,
            "quarter": 3,
            "eps": 0.33,
            "eps_growth_year": -10.81,
            "eps_4q": 1.43,
            "eps_4q_growth_year": 39.3,
            "roe": 1.85,
            "roe_4q": 8.26,
            "gross_profit": 173661,
            "gross_margin": 13.22,
            "gross_margin_4q_avg": 16.78,
            "net_income": 192008,
            "revenue": 1313190,
            "common_shares": 5821018,
            "book_valuer_per_share": 18.48,
            "book_valuer_per_share_4q_avg": 18.15,
            "equity": 10759950,
            "current_ratio": 180.32,
            "debt_ratio": 31.99,
            "inventory_turnover_ratio": 3.44,
            "account_receivable_turnover_ratio": 2.43,
            "reinvestment_rate": 75.07,
            "research_to_sale_ratio": 0.09,
            "price_fair": 39.46,
            "eps_avg_yearly": 1.13,
            "eps_latest_yearly": 1.32,
            "eps_growth_yearly": 124
        },
        "20204": {
            "year_quarter": 20204,
            "year": 2020,
            "quarter": 4,
            "eps": 0.93,
            "eps_growth_year": 88.92,
            "eps_4q": 1.9,
            "eps_4q_growth_year": 28.02,
            "roe": 4.76,
            "roe_4q": 10.309999999999999,
            "gross_profit": 516277,
            "gross_margin": 30.05,
            "gross_margin_4q_avg": 19.05,
            "net_income": 543959,
            "revenue": 1718294,
            "common_shares": 5821018,
            "book_valuer_per_share": 20.8,
            "book_valuer_per_share_4q_avg": 18.74,
            "equity": 12109545,
            "current_ratio": 200.4,
            "debt_ratio": 28.28,
            "inventory_turnover_ratio": 3.78,
            "account_receivable_turnover_ratio": 2.83,
            "reinvestment_rate": 74.03,
            "research_to_sale_ratio": 0.1,
            "price_fair": 43.75,
            "eps_avg_yearly": 1.25,
            "eps_latest_yearly": 3.72,
            "eps_growth_yearly": 157.79
        },
        "20211": {
            "year_quarter": 20211,
            "year": 2021,
            "quarter": 1,
            "eps": 0.95,
            "eps_growth_year": 265.38,
            "eps_4q": 2.6,
            "eps_4q_growth_year": 73.38,
            "roe": 4.41,
            "roe_4q": 13.26,
            "gross_profit": 642859,
            "gross_margin": 34.7,
            "gross_margin_4q_avg": 23.24,
            "net_income": 555116,
            "revenue": 1852605,
            "common_shares": 5821018,
            "book_valuer_per_share": 22.43,
            "book_valuer_per_share_4q_avg": 19.94,
            "equity": 13055778,
            "current_ratio": 157.9,
            "debt_ratio": 25.94,
            "inventory_turnover_ratio": 3.21,
            "account_receivable_turnover_ratio": 2.4,
            "reinvestment_rate": 46.22,
            "research_to_sale_ratio": 0.1,
            "price_fair": 49.44,
            "eps_avg_yearly": 1.41,
            "eps_latest_yearly": 3.8,
            "eps_growth_yearly": 166.28
        },
        "20212": {
            "year_quarter": 20212,
            "year": 2021,
            "quarter": 2,
            "eps": 1.59,
            "eps_growth_year": 318.42,
            "eps_4q": 3.8,
            "eps_4q_growth_year": 161.19,
            "roe": 6.56,
            "roe_4q": 17.58,
            "gross_profit": 837684,
            "gross_margin": 35.86,
            "gross_margin_4q_avg": 28.46,
            "net_income": 922852,
            "revenue": 2335675,
            "common_shares": 5821018,
            "book_valuer_per_share": 25.93,
            "book_valuer_per_share_4q_avg": 21.91,
            "equity": 15092404,
            "current_ratio": 167.19,
            "debt_ratio": 20.03,
            "inventory_turnover_ratio": 3.64,
            "account_receivable_turnover_ratio": 2.66,
            "reinvestment_rate": 37.6,
            "research_to_sale_ratio": 0.05,
            "price_fair": 60.38,
            "eps_avg_yearly": 1.73,
            "eps_latest_yearly": 6.36,
            "eps_growth_yearly": 179.79
        },
        "20213": {
            "year_quarter": 20213,
            "year": 2021,
            "quarter": 3,
            "eps": 1.15,
            "eps_growth_year": 248.48,
            "eps_4q": 4.55,
            "eps_4q_growth_year": 217.78,
            "roe": 4.51,
            "roe_4q": 20.240000000000002,
            "gross_profit": 845525,
            "gross_margin": 34.33,
            "gross_margin_4q_avg": 33.74,
            "net_income": 680859,
            "revenue": 2462953,
            "common_shares": 5937438,
            "book_valuer_per_share": 25.44,
            "book_valuer_per_share_4q_avg": 23.65,
            "equity": 15103665,
            "current_ratio": 144.51,
            "debt_ratio": 22.21,
            "inventory_turnover_ratio": 4.02,
            "account_receivable_turnover_ratio": 2.24,
            "reinvestment_rate": 21.03,
            "research_to_sale_ratio": 0.06,
            "price_fair": 67.9,
            "eps_avg_yearly": 1.94,
            "eps_latest_yearly": 4.6,
            "eps_growth_yearly": 176.55
        },
        "20214": {
            "year_quarter": 20214,
            "year": 2021,
            "quarter": 4,
            "eps": 1.59,
            "eps_growth_year": 69.83,
            "eps_4q": 5.22,
            "eps_4q_growth_year": 175.49,
            "roe": 6.17,
            "roe_4q": 21.65,
            "gross_profit": 1271600,
            "gross_margin": 43.63,
            "gross_margin_4q_avg": 37.13,
            "net_income": 942300,
            "revenue": 2914580,
            "common_shares": 5937438,
            "book_valuer_per_share": 26.04,
            "book_valuer_per_share_4q_avg": 24.96,
            "equity": 15462049,
            "current_ratio": 211.06,
            "debt_ratio": 18.53,
            "inventory_turnover_ratio": 3.26,
            "account_receivable_turnover_ratio": 2.19,
            "reinvestment_rate": 15.94,
            "research_to_sale_ratio": 0.05,
            "price_fair": 80.33,
            "eps_avg_yearly": 2.3,
            "eps_latest_yearly": 6.36,
            "eps_growth_yearly": 196.46
        },
        "20221": {
            "year_quarter": 20221,
            "year": 2022,
            "quarter": 1,
            "eps": 0.39,
            "eps_growth_year": -58.95,
            "eps_4q": 4.68,
            "eps_4q_growth_year": 80.02,
            "roe": 1.48,
            "roe_4q": 18.72,
            "gross_profit": 556706,
            "gross_margin": 25.99,
            "gross_margin_4q_avg": 34.95,
            "net_income": 230820,
            "revenue": 2141616,
            "common_shares": 5937438,
            "book_valuer_per_share": 26.61,
            "book_valuer_per_share_4q_avg": 26.01,
            "equity": 15796589,
            "current_ratio": 263.4,
            "debt_ratio": 15.1,
            "inventory_turnover_ratio": 3.04,
            "account_receivable_turnover_ratio": 1.78,
            "reinvestment_rate": 64.02,
            "research_to_sale_ratio": 0.08,
            "price_fair": 82.34,
            "eps_avg_yearly": 2.35,
            "eps_latest_yearly": 1.56,
            "eps_growth_yearly": 179.06
        },
        "20222": {
            "year_quarter": 20222,
            "year": 2022,
            "quarter": 2,
            "eps": 0.78,
            "eps_growth_year": -50.94,
            "eps_4q": 3.9,
            "eps_4q_growth_year": 2.57,
            "roe": 3.15,
            "roe_4q": 15.31,
            "gross_profit": 816758,
            "gross_margin": 34.78,
            "gross_margin_4q_avg": 34.68,
            "net_income": 462232,
            "revenue": 2348179,
            "common_shares": 5937438,
            "book_valuer_per_share": 22.83,
            "book_valuer_per_share_4q_avg": 25.23,
            "equity": 13557216,
            "current_ratio": 151.27,
            "debt_ratio": 23.71,
            "inventory_turnover_ratio": 2.62,
            "account_receivable_turnover_ratio": 2.51,
            "reinvestment_rate": 50.26,
            "research_to_sale_ratio": 0.07,
            "price_fair": 87.94,
            "eps_avg_yearly": 2.51,
            "eps_latest_yearly": 3.12,
            "eps_growth_yearly": 207.18
        },
        "20223": {
            "year_quarter": 20223,
            "year": 2022,
            "quarter": 3,
            "eps": 0.76,
            "eps_growth_year": -33.91,
            "eps_4q": 3.52,
            "eps_4q_growth_year": -22.76,
            "roe": 3.3,
            "roe_4q": 14.1,
            "gross_profit": 1040755,
            "gross_margin": 36.88,
            "gross_margin_4q_avg": 35.32,
            "net_income": 452393,
            "revenue": 2821671,
            "common_shares": 5937438,
            "book_valuer_per_share": 23.35,
            "book_valuer_per_share_4q_avg": 24.71,
            "equity": 13866562,
            "current_ratio": 298.62,
            "debt_ratio": 14.1,
            "inventory_turnover_ratio": 2.64,
            "account_receivable_turnover_ratio": 2.86,
            "reinvestment_rate": 14.09,
            "research_to_sale_ratio": 0.06,
            "price_fair": 93.01,
            "eps_avg_yearly": 2.66,
            "eps_latest_yearly": 3.04,
            "eps_growth_yearly": 199.4
        },
        "20224": {
            "year_quarter": 20224,
            "year": 2022,
            "quarter": 4,
            "eps": 0.51,
            "eps_growth_year": -67.96,
            "eps_4q": 2.44,
            "eps_4q_growth_year": -53.33,
            "roe": 2.15,
            "roe_4q": 10.08,
            "gross_profit": 818653,
            "gross_margin": 32.7,
            "gross_margin_4q_avg": 32.59,
            "net_income": 301924,
            "revenue": 2503866,
            "common_shares": 5937438,
            "book_valuer_per_share": 23.94,
            "book_valuer_per_share_4q_avg": 24.18,
            "equity": 14216958,
            "current_ratio": 244.16,
            "debt_ratio": 13.26,
            "inventory_turnover_ratio": 2.86,
            "account_receivable_turnover_ratio": 2.32,
            "reinvestment_rate": 6.52,
            "research_to_sale_ratio": 0.07,
            "price_fair": 97.13,
            "eps_avg_yearly": 2.78,
            "eps_latest_yearly": 2.04,
            "eps_growth_yearly": 210.62
        },
        "20231": {
            "year_quarter": 20231,
            "year": 2023,
            "quarter": 1,
            "eps": -0.04,
            "eps_growth_year": -110.26,
            "eps_4q": 2.01,
            "eps_4q_growth_year": -57.09,
            "roe": -0.17,
            "roe_4q": 8.43,
            "gross_profit": 312722,
            "gross_margin": 19.93,
            "gross_margin_4q_avg": 31.07,
            "net_income": -25127,
            "revenue": 1569177,
            "common_shares": 5937438,
            "book_valuer_per_share": 24.71,
            "book_valuer_per_share_4q_avg": 23.71,
            "equity": 14672210,
            "current_ratio": 285.05,
            "debt_ratio": 12.09,
            "inventory_turnover_ratio": 2.31,
            "account_receivable_turnover_ratio": 1.93,
            "reinvestment_rate": 2.39,
            "research_to_sale_ratio": 0.1,
            "price_fair": 101.27,
            "eps_avg_yearly": 2.89,
            "eps_latest_yearly": 2.04,
            "eps_growth_yearly": 84.66
        }
    },
    "months": {
        "2001-06": {
            "month": "2001-06",
            "price": "11.28",
            "revenue": 205806
        },
        "2001-07": {
            "month": "2001-07",
            "price": "9.46",
            "revenue": 212579
        },
        "2001-08": {
            "month": "2001-08",
            "price": "10.08",
            "revenue": 202878
        },
        "2001-09": {
            "month": "2001-09",
            "price": "11.99",
            "revenue": 197190
        },
        "2001-10": {
            "month": "2001-10",
            "price": "9.29",
            "revenue": 210368
        },
        "2001-11": {
            "month": "2001-11",
            "price": "9.32",
            "revenue": 165530
        },
        "2001-12": {
            "month": "2001-12",
            "price": "11.56",
            "revenue": 198842
        },
        "2002-01": {
            "month": "2002-01",
            "price": "13.85",
            "revenue": 190873
        },
        "2002-02": {
            "month": "2002-02",
            "price": "14.35",
            "revenue": 197088
        },
        "2002-03": {
            "month": "2002-03",
            "price": "17.18",
            "revenue": 229815
        },
        "2002-04": {
            "month": "2002-04",
            "price": "17.73",
            "revenue": 238176
        },
        "2002-05": {
            "month": "2002-05",
            "price": "14.16",
            "revenue": 196600
        },
        "2002-06": {
            "month": "2002-06",
            "price": "16.28",
            "revenue": 183945
        },
        "2002-07": {
            "month": "2002-07",
            "price": "21.17",
            "revenue": 210862
        },
        "2002-08": {
            "month": "2002-08",
            "price": "22.24",
            "revenue": 222723
        },
        "2002-09": {
            "month": "2002-09",
            "price": "16.78",
            "revenue": 213649
        },
        "2002-10": {
            "month": "2002-10",
            "price": "14.70",
            "revenue": 212252
        },
        "2002-11": {
            "month": "2002-11",
            "price": "19.37",
            "revenue": 241775
        },
        "2002-12": {
            "month": "2002-12",
            "price": "19.51",
            "revenue": 245348
        },
        "2003-01": {
            "month": "2003-01",
            "price": "22.63",
            "revenue": 220030
        },
        "2003-02": {
            "month": "2003-02",
            "price": "20.07",
            "revenue": 238647
        },
        "2003-03": {
            "month": "2003-03",
            "price": "17.86",
            "revenue": 231847
        },
        "2003-04": {
            "month": "2003-04",
            "price": "17.44",
            "revenue": 201303
        },
        "2003-05": {
            "month": "2003-05",
            "price": "16.47",
            "revenue": 247773
        },
        "2003-06": {
            "month": "2003-06",
            "price": "18.28",
            "revenue": 236269
        },
        "2003-07": {
            "month": "2003-07",
            "price": "19.61",
            "revenue": 244771
        },
        "2003-08": {
            "month": "2003-08",
            "price": "22.51",
            "revenue": 248866
        },
        "2003-09": {
            "month": "2003-09",
            "price": "19.14",
            "revenue": 226447
        },
        "2003-10": {
            "month": "2003-10",
            "price": "21.15",
            "revenue": 285411
        },
        "2003-11": {
            "month": "2003-11",
            "price": "21.71",
            "revenue": 283103
        },
        "2003-12": {
            "month": "2003-12",
            "price": "21.59",
            "revenue": 279309
        },
        "2004-01": {
            "month": "2004-01",
            "price": "22.09",
            "revenue": 240840
        },
        "2004-02": {
            "month": "2004-02",
            "price": "21.24",
            "revenue": 292603
        },
        "2004-03": {
            "month": "2004-03",
            "price": "20.12",
            "revenue": 283231
        },
        "2004-04": {
            "month": "2004-04",
            "price": "18.58",
            "revenue": 359061
        },
        "2004-05": {
            "month": "2004-05",
            "price": "16.54",
            "revenue": 341242
        },
        "2004-06": {
            "month": "2004-06",
            "price": "16.51",
            "revenue": 327084
        },
        "2004-07": {
            "month": "2004-07",
            "price": "17.50",
            "revenue": 355534
        },
        "2004-08": {
            "month": "2004-08",
            "price": "16.34",
            "revenue": 371653
        },
        "2004-09": {
            "month": "2004-09",
            "price": "18.11",
            "revenue": 386934
        },
        "2004-10": {
            "month": "2004-10",
            "price": "19.30",
            "revenue": 453152
        },
        "2004-11": {
            "month": "2004-11",
            "price": "17.18",
            "revenue": 310499
        },
        "2004-12": {
            "month": "2004-12",
            "price": "17.70",
            "revenue": 289569
        },
        "2005-01": {
            "month": "2005-01",
            "price": "17.99",
            "revenue": 432922
        },
        "2005-02": {
            "month": "2005-02",
            "price": "17.55",
            "revenue": 363034
        },
        "2005-03": {
            "month": "2005-03",
            "price": "16.84",
            "revenue": 472828
        },
        "2005-04": {
            "month": "2005-04",
            "price": "14.61",
            "revenue": 391179
        },
        "2005-05": {
            "month": "2005-05",
            "price": "14.28",
            "revenue": 333895
        },
        "2005-06": {
            "month": "2005-06",
            "price": "15.82",
            "revenue": 381718
        },
        "2005-07": {
            "month": "2005-07",
            "price": "15.46",
            "revenue": 359247
        },
        "2005-08": {
            "month": "2005-08",
            "price": "14.32",
            "revenue": 375262
        },
        "2005-09": {
            "month": "2005-09",
            "price": "13.06",
            "revenue": 381282
        },
        "2005-10": {
            "month": "2005-10",
            "price": "13.38",
            "revenue": 342583
        },
        "2005-11": {
            "month": "2005-11",
            "price": "13.15",
            "revenue": 383218
        },
        "2005-12": {
            "month": "2005-12",
            "price": "13.24",
            "revenue": 436304
        },
        "2006-01": {
            "month": "2006-01",
            "price": "14.08",
            "revenue": 373250
        },
        "2006-02": {
            "month": "2006-02",
            "price": "13.41",
            "revenue": 325294
        },
        "2006-03": {
            "month": "2006-03",
            "price": "12.45",
            "revenue": 373038
        },
        "2006-04": {
            "month": "2006-04",
            "price": "13.23",
            "revenue": 452922
        },
        "2006-05": {
            "month": "2006-05",
            "price": "13.69",
            "revenue": 376238
        },
        "2006-06": {
            "month": "2006-06",
            "price": "12.57",
            "revenue": 381423
        },
        "2006-07": {
            "month": "2006-07",
            "price": "12.21",
            "revenue": 400757
        },
        "2006-08": {
            "month": "2006-08",
            "price": "11.86",
            "revenue": 381813
        },
        "2006-09": {
            "month": "2006-09",
            "price": "11.80",
            "revenue": 292532
        },
        "2006-10": {
            "month": "2006-10",
            "price": "12.77",
            "revenue": 287443
        },
        "2006-11": {
            "month": "2006-11",
            "price": "13.25",
            "revenue": 440307
        },
        "2006-12": {
            "month": "2006-12",
            "price": "13.67",
            "revenue": 464965
        },
        "2007-01": {
            "month": "2007-01",
            "price": "13.84",
            "revenue": 453955
        },
        "2007-02": {
            "month": "2007-02",
            "price": "13.74",
            "revenue": 372584
        },
        "2007-03": {
            "month": "2007-03",
            "price": "13.76",
            "revenue": 475852
        },
        "2007-04": {
            "month": "2007-04",
            "price": "15.20",
            "revenue": 488052
        },
        "2007-05": {
            "month": "2007-05",
            "price": "14.91",
            "revenue": 519824
        },
        "2007-06": {
            "month": "2007-06",
            "price": "15.84",
            "revenue": 496242
        },
        "2007-07": {
            "month": "2007-07",
            "price": "20.09",
            "revenue": 495878
        },
        "2007-08": {
            "month": "2007-08",
            "price": "19.62",
            "revenue": 571753
        },
        "2007-09": {
            "month": "2007-09",
            "price": "23.59",
            "revenue": 538921
        },
        "2007-10": {
            "month": "2007-10",
            "price": "26.75",
            "revenue": 483375
        },
        "2007-11": {
            "month": "2007-11",
            "price": "24.02",
            "revenue": 589563
        },
        "2007-12": {
            "month": "2007-12",
            "price": "25.11",
            "revenue": 575112
        },
        "2008-01": {
            "month": "2008-01",
            "price": "23.67",
            "revenue": 627346
        },
        "2008-02": {
            "month": "2008-02",
            "price": "23.58",
            "revenue": 508975
        },
        "2008-03": {
            "month": "2008-03",
            "price": "26.69",
            "revenue": 554738
        },
        "2008-04": {
            "month": "2008-04",
            "price": "26.15",
            "revenue": 535444
        },
        "2008-05": {
            "month": "2008-05",
            "price": "30.64",
            "revenue": 658809
        },
        "2008-06": {
            "month": "2008-06",
            "price": "27.47",
            "revenue": 511697
        },
        "2008-07": {
            "month": "2008-07",
            "price": "23.04",
            "revenue": 516868
        },
        "2008-08": {
            "month": "2008-08",
            "price": "20.10",
            "revenue": 397116
        },
        "2008-09": {
            "month": "2008-09",
            "price": "17.75",
            "revenue": 390010
        },
        "2008-10": {
            "month": "2008-10",
            "price": "14.18",
            "revenue": 298712
        },
        "2008-11": {
            "month": "2008-11",
            "price": "13.14",
            "revenue": 265768
        },
        "2008-12": {
            "month": "2008-12",
            "price": "14.15",
            "revenue": 305390
        },
        "2009-01": {
            "month": "2009-01",
            "price": "15.90",
            "revenue": 278565
        },
        "2009-02": {
            "month": "2009-02",
            "price": "15.61",
            "revenue": 346262
        },
        "2009-03": {
            "month": "2009-03",
            "price": "15.73",
            "revenue": 381668
        },
        "2009-04": {
            "month": "2009-04",
            "price": "17.15",
            "revenue": 401618
        },
        "2009-05": {
            "month": "2009-05",
            "price": "20.61",
            "revenue": 464363
        },
        "2009-06": {
            "month": "2009-06",
            "price": "21.24",
            "revenue": 424208
        },
        "2009-07": {
            "month": "2009-07",
            "price": "20.30",
            "revenue": 395356
        },
        "2009-08": {
            "month": "2009-08",
            "price": "22.08",
            "revenue": 482067
        },
        "2009-09": {
            "month": "2009-09",
            "price": "23.98",
            "revenue": 409410
        },
        "2009-10": {
            "month": "2009-10",
            "price": "24.29",
            "revenue": 386806
        },
        "2009-11": {
            "month": "2009-11",
            "price": "25.33",
            "revenue": 376924
        },
        "2009-12": {
            "month": "2009-12",
            "price": "25.68",
            "revenue": 519463
        },
        "2010-01": {
            "month": "2010-01",
            "price": "28.63",
            "revenue": 490872
        },
        "2010-02": {
            "month": "2010-02",
            "price": "26.96",
            "revenue": 396678
        },
        "2010-03": {
            "month": "2010-03",
            "price": "28.55",
            "revenue": 596327
        },
        "2010-04": {
            "month": "2010-04",
            "price": "29.22",
            "revenue": 650746
        },
        "2010-05": {
            "month": "2010-05",
            "price": "27.94",
            "revenue": 490122
        },
        "2010-06": {
            "month": "2010-06",
            "price": "26.50",
            "revenue": 529878
        },
        "2010-07": {
            "month": "2010-07",
            "price": "27.57",
            "revenue": 505369
        },
        "2010-08": {
            "month": "2010-08",
            "price": "27.63",
            "revenue": 552406
        },
        "2010-09": {
            "month": "2010-09",
            "price": "29.97",
            "revenue": 477340
        },
        "2010-10": {
            "month": "2010-10",
            "price": "32.36",
            "revenue": 556989
        },
        "2010-11": {
            "month": "2010-11",
            "price": "36.46",
            "revenue": 504436
        },
        "2010-12": {
            "month": "2010-12",
            "price": "42.57",
            "revenue": 585595
        },
        "2011-01": {
            "month": "2011-01",
            "price": "48.87",
            "revenue": 583020
        },
        "2011-02": {
            "month": "2011-02",
            "price": "49.71",
            "revenue": 626633
        },
        "2011-03": {
            "month": "2011-03",
            "price": "47.08",
            "revenue": 653624
        },
        "2011-04": {
            "month": "2011-04",
            "price": "50.91",
            "revenue": 678845
        },
        "2011-05": {
            "month": "2011-05",
            "price": "50.58",
            "revenue": 578932
        },
        "2011-06": {
            "month": "2011-06",
            "price": "48.15",
            "revenue": 487877
        },
        "2011-07": {
            "month": "2011-07",
            "price": "52.16",
            "revenue": 501403
        },
        "2011-08": {
            "month": "2011-08",
            "price": "49.95",
            "revenue": 576173
        },
        "2011-09": {
            "month": "2011-09",
            "price": "42.03",
            "revenue": 431601
        },
        "2011-10": {
            "month": "2011-10",
            "price": "38.08",
            "revenue": 352794
        },
        "2011-11": {
            "month": "2011-11",
            "price": "37.05",
            "revenue": 369754
        },
        "2011-12": {
            "month": "2011-12",
            "price": "30.36",
            "revenue": 454032
        },
        "2012-01": {
            "month": "2012-01",
            "price": "33.76",
            "revenue": 359988
        },
        "2012-02": {
            "month": "2012-02",
            "price": "38.98",
            "revenue": 493382
        },
        "2012-03": {
            "month": "2012-03",
            "price": "38.20",
            "revenue": 485097
        },
        "2012-04": {
            "month": "2012-04",
            "price": "36.38",
            "revenue": 451151
        },
        "2012-05": {
            "month": "2012-05",
            "price": "32.09",
            "revenue": 310448
        },
        "2012-06": {
            "month": "2012-06",
            "price": "30.63",
            "revenue": 384323
        },
        "2012-07": {
            "month": "2012-07",
            "price": "34.09",
            "revenue": 546229
        },
        "2012-08": {
            "month": "2012-08",
            "price": "31.75",
            "revenue": 438979
        },
        "2012-09": {
            "month": "2012-09",
            "price": "28.08",
            "revenue": 359417
        },
        "2012-10": {
            "month": "2012-10",
            "price": "25.50",
            "revenue": 267235
        },
        "2012-11": {
            "month": "2012-11",
            "price": "23.57",
            "revenue": 302902
        },
        "2012-12": {
            "month": "2012-12",
            "price": "25.00",
            "revenue": 391359
        },
        "2013-01": {
            "month": "2013-01",
            "price": "26.98",
            "revenue": 451751
        },
        "2013-02": {
            "month": "2013-02",
            "price": "26.01",
            "revenue": 400351
        },
        "2013-03": {
            "month": "2013-03",
            "price": "24.47",
            "revenue": 375129
        },
        "2013-04": {
            "month": "2013-04",
            "price": "22.56",
            "revenue": 373402
        },
        "2013-05": {
            "month": "2013-05",
            "price": "23.46",
            "revenue": 491671
        },
        "2013-06": {
            "month": "2013-06",
            "price": "22.93",
            "revenue": 484523
        },
        "2013-07": {
            "month": "2013-07",
            "price": "23.92",
            "revenue": 477431
        },
        "2013-08": {
            "month": "2013-08",
            "price": "22.93",
            "revenue": 530310
        },
        "2013-09": {
            "month": "2013-09",
            "price": "23.81",
            "revenue": 540620
        },
        "2013-10": {
            "month": "2013-10",
            "price": "25.76",
            "revenue": 581679
        },
        "2013-11": {
            "month": "2013-11",
            "price": "24.58",
            "revenue": 563171
        },
        "2013-12": {
            "month": "2013-12",
            "price": "25.52",
            "revenue": 534191
        },
        "2014-01": {
            "month": "2014-01",
            "price": "26.78",
            "revenue": 471829
        },
        "2014-02": {
            "month": "2014-02",
            "price": "24.89",
            "revenue": 414779
        },
        "2014-03": {
            "month": "2014-03",
            "price": "23.45",
            "revenue": 457752
        },
        "2014-04": {
            "month": "2014-04",
            "price": "24.16",
            "revenue": 537581
        },
        "2014-05": {
            "month": "2014-05",
            "price": "23.75",
            "revenue": 543777
        },
        "2014-06": {
            "month": "2014-06",
            "price": "24.63",
            "revenue": 486416
        },
        "2014-07": {
            "month": "2014-07",
            "price": "24.78",
            "revenue": 512931
        },
        "2014-08": {
            "month": "2014-08",
            "price": "21.23",
            "revenue": 496062
        },
        "2014-09": {
            "month": "2014-09",
            "price": "21.21",
            "revenue": 462861
        },
        "2014-10": {
            "month": "2014-10",
            "price": "20.10",
            "revenue": 422244
        },
        "2014-11": {
            "month": "2014-11",
            "price": "20.22",
            "revenue": 388860
        },
        "2014-12": {
            "month": "2014-12",
            "price": "20.98",
            "revenue": 371193
        },
        "2015-01": {
            "month": "2015-01",
            "price": "24.02",
            "revenue": 371364
        },
        "2015-02": {
            "month": "2015-02",
            "price": "22.47",
            "revenue": 391204
        },
        "2015-03": {
            "month": "2015-03",
            "price": "21.12",
            "revenue": 468097
        },
        "2015-04": {
            "month": "2015-04",
            "price": "21.82",
            "revenue": 462895
        },
        "2015-05": {
            "month": "2015-05",
            "price": "21.17",
            "revenue": 444604
        },
        "2015-06": {
            "month": "2015-06",
            "price": "18.74",
            "revenue": 349319
        },
        "2015-07": {
            "month": "2015-07",
            "price": "17.13",
            "revenue": 387570
        },
        "2015-08": {
            "month": "2015-08",
            "price": "15.43",
            "revenue": 424944
        },
        "2015-09": {
            "month": "2015-09",
            "price": "17.46",
            "revenue": 422117
        },
        "2015-10": {
            "month": "2015-10",
            "price": "18.75",
            "revenue": 460185
        },
        "2015-11": {
            "month": "2015-11",
            "price": "18.21",
            "revenue": 476983
        },
        "2015-12": {
            "month": "2015-12",
            "price": "17.35",
            "revenue": 386574
        },
        "2016-01": {
            "month": "2016-01",
            "price": "17.00",
            "revenue": 431933
        },
        "2016-02": {
            "month": "2016-02",
            "price": "18.42",
            "revenue": 388190
        },
        "2016-03": {
            "month": "2016-03",
            "price": "18.78",
            "revenue": 513785
        },
        "2016-04": {
            "month": "2016-04",
            "price": "18.36",
            "revenue": 466720
        },
        "2016-05": {
            "month": "2016-05",
            "price": "17.23",
            "revenue": 371912
        },
        "2016-06": {
            "month": "2016-06",
            "price": "17.17",
            "revenue": 445917
        },
        "2016-07": {
            "month": "2016-07",
            "price": "17.65",
            "revenue": 463211
        },
        "2016-08": {
            "month": "2016-08",
            "price": "17.94",
            "revenue": 491768
        },
        "2016-09": {
            "month": "2016-09",
            "price": "17.75",
            "revenue": 449147
        },
        "2016-10": {
            "month": "2016-10",
            "price": "18.44",
            "revenue": 467221
        },
        "2016-11": {
            "month": "2016-11",
            "price": "18.52",
            "revenue": 569210
        },
        "2016-12": {
            "month": "2016-12",
            "price": "19.34",
            "revenue": 721698
        },
        "2017-01": {
            "month": "2017-01",
            "price": "19.25",
            "revenue": 419813
        },
        "2017-02": {
            "month": "2017-02",
            "price": "19.52",
            "revenue": 539426
        },
        "2017-03": {
            "month": "2017-03",
            "price": "18.59",
            "revenue": 571410
        },
        "2017-04": {
            "month": "2017-04",
            "price": "18.63",
            "revenue": 495433
        },
        "2017-05": {
            "month": "2017-05",
            "price": "18.35",
            "revenue": 487212
        },
        "2017-06": {
            "month": "2017-06",
            "price": "18.74",
            "revenue": 582870
        },
        "2017-07": {
            "month": "2017-07",
            "price": "18.98",
            "revenue": 484002
        },
        "2017-08": {
            "month": "2017-08",
            "price": "18.39",
            "revenue": 641144
        },
        "2017-09": {
            "month": "2017-09",
            "price": "19.19",
            "revenue": 585591
        },
        "2017-10": {
            "month": "2017-10",
            "price": "19.03",
            "revenue": 574113
        },
        "2017-11": {
            "month": "2017-11",
            "price": "19.01",
            "revenue": 548296
        },
        "2017-12": {
            "month": "2017-12",
            "price": "18.99",
            "revenue": 473599
        },
        "2018-01": {
            "month": "2018-01",
            "price": "18.94",
            "revenue": 438679
        },
        "2018-02": {
            "month": "2018-02",
            "price": "17.78",
            "revenue": 397145
        },
        "2018-03": {
            "month": "2018-03",
            "price": "17.86",
            "revenue": 490319
        },
        "2018-04": {
            "month": "2018-04",
            "price": "17.92",
            "revenue": 511607
        },
        "2018-05": {
            "month": "2018-05",
            "price": "18.02",
            "revenue": 615776
        },
        "2018-06": {
            "month": "2018-06",
            "price": "17.79",
            "revenue": 507832
        },
        "2018-07": {
            "month": "2018-07",
            "price": "17.58",
            "revenue": 522271
        },
        "2018-08": {
            "month": "2018-08",
            "price": "16.91",
            "revenue": 525019
        },
        "2018-09": {
            "month": "2018-09",
            "price": "16.46",
            "revenue": 480267
        },
        "2018-10": {
            "month": "2018-10",
            "price": "14.76",
            "revenue": 607727
        },
        "2018-11": {
            "month": "2018-11",
            "price": "13.93",
            "revenue": 657106
        },
        "2018-12": {
            "month": "2018-12",
            "price": "13.49",
            "revenue": 621374
        },
        "2019-01": {
            "month": "2019-01",
            "price": "13.43",
            "revenue": 620182
        },
        "2019-02": {
            "month": "2019-02",
            "price": "14.32",
            "revenue": 477215
        },
        "2019-03": {
            "month": "2019-03",
            "price": "14.26",
            "revenue": 612209
        },
        "2019-04": {
            "month": "2019-04",
            "price": "14.35",
            "revenue": 622183
        },
        "2019-05": {
            "month": "2019-05",
            "price": "13.99",
            "revenue": 542154
        },
        "2019-06": {
            "month": "2019-06",
            "price": "13.81",
            "revenue": 521248
        },
        "2019-07": {
            "month": "2019-07",
            "price": "14.28",
            "revenue": 554435
        },
        "2019-08": {
            "month": "2019-08",
            "price": "15.14",
            "revenue": 528587
        },
        "2019-09": {
            "month": "2019-09",
            "price": "15.21",
            "revenue": 562238
        },
        "2019-10": {
            "month": "2019-10",
            "price": "15.05",
            "revenue": 583313
        },
        "2019-11": {
            "month": "2019-11",
            "price": "15.81",
            "revenue": 574097
        },
        "2019-12": {
            "month": "2019-12",
            "price": "15.79",
            "revenue": 593109
        },
        "2020-01": {
            "month": "2020-01",
            "price": "15.59",
            "revenue": 383724
        },
        "2020-02": {
            "month": "2020-02",
            "price": "14.34",
            "revenue": 430415
        },
        "2020-03": {
            "month": "2020-03",
            "price": "13.87",
            "revenue": 499915
        },
        "2020-04": {
            "month": "2020-04",
            "price": "15.28",
            "revenue": 433191
        },
        "2020-05": {
            "month": "2020-05",
            "price": "17.33",
            "revenue": 473355
        },
        "2020-06": {
            "month": "2020-06",
            "price": "18.82",
            "revenue": 451529
        },
        "2020-07": {
            "month": "2020-07",
            "price": "18.85",
            "revenue": 432139
        },
        "2020-08": {
            "month": "2020-08",
            "price": "17.77",
            "revenue": 407986
        },
        "2020-09": {
            "month": "2020-09",
            "price": "18.77",
            "revenue": 473181
        },
        "2020-10": {
            "month": "2020-10",
            "price": "18.34",
            "revenue": 458950
        },
        "2020-11": {
            "month": "2020-11",
            "price": "19.36",
            "revenue": 576968
        },
        "2020-12": {
            "month": "2020-12",
            "price": "20.01",
            "revenue": 682421
        },
        "2021-01": {
            "month": "2021-01",
            "price": "20.23",
            "revenue": 653244
        },
        "2021-02": {
            "month": "2021-02",
            "price": "21.13",
            "revenue": 519823
        },
        "2021-03": {
            "month": "2021-03",
            "price": "23.58",
            "revenue": 679625
        },
        "2021-04": {
            "month": "2021-04",
            "price": "29.26",
            "revenue": 800995
        },
        "2021-05": {
            "month": "2021-05",
            "price": "29.31",
            "revenue": 740520
        },
        "2021-06": {
            "month": "2021-06",
            "price": "33.06",
            "revenue": 794147
        },
        "2021-07": {
            "month": "2021-07",
            "price": "37.14",
            "revenue": 821270
        },
        "2021-08": {
            "month": "2021-08",
            "price": "36.17",
            "revenue": 788485
        },
        "2021-09": {
            "month": "2021-09",
            "price": "40.88",
            "revenue": 853180
        },
        "2021-10": {
            "month": "2021-10",
            "price": "43.51",
            "revenue": 943444
        },
        "2021-11": {
            "month": "2021-11",
            "price": "38.37",
            "revenue": 1054461
        },
        "2021-12": {
            "month": "2021-12",
            "price": "36.91",
            "revenue": 916679
        },
        "2022-01": {
            "month": "2022-01",
            "price": "35.82",
            "revenue": 759128
        },
        "2022-02": {
            "month": "2022-02",
            "price": "36.66",
            "revenue": 668580
        },
        "2022-03": {
            "month": "2022-03",
            "price": "37.87",
            "revenue": 714113
        },
        "2022-04": {
            "month": "2022-04",
            "price": "36.60",
            "revenue": 579784
        },
        "2022-05": {
            "month": "2022-05",
            "price": "30.03",
            "revenue": 874100
        },
        "2022-06": {
            "month": "2022-06",
            "price": "29.29",
            "revenue": 893613
        },
        "2022-07": {
            "month": "2022-07",
            "price": "27.82",
            "revenue": 969456
        },
        "2022-08": {
            "month": "2022-08",
            "price": "26.87",
            "revenue": 1082981
        },
        "2022-09": {
            "month": "2022-09",
            "price": "28.10",
            "revenue": 769148
        },
        "2022-10": {
            "month": "2022-10",
            "price": "25.48",
            "revenue": 879815
        },
        "2022-11": {
            "month": "2022-11",
            "price": "26.36",
            "revenue": 794927
        },
        "2022-12": {
            "month": "2022-12",
            "price": "28.14",
            "revenue": 829188
        },
        "2023-01": {
            "month": "2023-01",
            "price": "28.86",
            "revenue": 453973
        },
        "2023-02": {
            "month": "2023-02",
            "price": "28.97",
            "revenue": 566122
        },
        "2023-03": {
            "month": "2023-03",
            "price": "28.85",
            "revenue": 549006
        },
        "2023-04": {
            "month": "2023-04",
            "price": "28.71",
            "revenue": 522892
        },
        "2023-05": {
            "month": "2023-05",
            "price": "26.27",
            "revenue": 592132
        }
    }
}
