{
    "summary": {
        "stock_name": "台達化",
        "stock_id": "1309",
        "category": "塑膠",
        "main_business": "聚苯乙烯及加工品之製銷,丙烯(月青)、丁二烯、苯乙烯共聚體樹脂<br>ABS之製銷,﹝丙烯(月青)、苯乙烯共聚合樹脂﹞SAN之製銷<br>玻璃棉及其有關產品之製銷,塑膠原料及加工品之製銷",
        "website_url": "http://www.ttc.com.tw",
        "ceo": "吳培基",
        "pe_ratio": -30,
        "report_year_from": 2001,
        "report_year_to": 2023,
        "age": 23,
        "eps_negative_percentage": 26,
        "eps_growth_avg": {
            "last_all": -13.14,
            "last_2y": -62.3,
            "last_4y": 1.03,
            "last_8y": 14.72,
            "last_12y": -11.95,
            "last_16y": -9.54,
            "last_20y": -13.14,
            "at_2006_last_3y": -29.96,
            "at_2007_last_3y": 36.7,
            "at_2008_last_3y": 2.53,
            "at_2009_last_3y": 25.76,
            "at_2010_last_3y": -0.69,
            "at_2011_last_3y": -50.43,
            "at_2012_last_3y": -50.43,
            "at_2013_last_3y": -50.43,
            "at_2014_last_3y": -83.07,
            "at_2015_last_3y": -100,
            "at_2016_last_3y": -14.29,
            "at_2017_last_3y": 23.81,
            "at_2018_last_3y": 37.54,
            "at_2019_last_3y": 51.17,
            "at_2020_last_3y": 58.31,
            "at_2021_last_3y": 31.34,
            "at_2022_last_3y": 26.29,
            "at_2023_last_3y": -21.73,
            "at_2024_last_3y": -21.73,
            "at_2006_last_all": -29.96,
            "at_2007_last_all": 2.53,
            "at_2008_last_all": -17.98,
            "at_2009_last_all": -17.98,
            "at_2010_last_all": -15.33,
            "at_2011_last_all": -20.17,
            "at_2012_last_all": -30.15,
            "at_2013_last_all": -30.15,
            "at_2014_last_all": -37.91,
            "at_2015_last_all": -37.91,
            "at_2016_last_all": -26.97,
            "at_2017_last_all": -15.43,
            "at_2018_last_all": -19.05,
            "at_2019_last_all": -10.5,
            "at_2020_last_all": -2.61,
            "at_2021_last_all": -2.96,
            "at_2022_last_all": -7.71,
            "at_2023_last_all": -13.14,
            "at_2024_last_all": -13.14
        },
        "latest_eps": -0.51,
        "latest_price": 15.55,
        "latest_roe": -2.88,
        "latest_gross_margin": 2.09,
        "latest_equity": 6865686,
        "latest_revenue": 3980713,
        "latest_gross_profit": 83370,
        "latest_net_income": -72023,
        "latest_debt_ratio": 23.7,
        "latest_current_ratio": 317.29,
        "latest_account_receivable_turnover_ratio": 2.2,
        "latest_inventory_turnover_ratio": 3.71,
        "latest_reinvestment_rate": -5.04,
        "latest_research_to_sale_ratio": 0.1
    },
    "eps_dividends": {
        "1990": {
            "cash": 2.5,
            "stock": 1,
            "eps": 0
        },
        "1991": {
            "cash": 2,
            "stock": 1,
            "eps": 0
        },
        "1992": {
            "cash": 0.5,
            "stock": 0,
            "eps": 0
        },
        "1993": {
            "cash": 0.5,
            "stock": 0,
            "eps": 0
        },
        "1994": {
            "cash": 0.5,
            "stock": 0,
            "eps": 0
        },
        "1995": {
            "cash": 1.5,
            "stock": 0,
            "eps": 0
        },
        "1996": {
            "cash": 1.1,
            "stock": 0,
            "eps": 0
        },
        "1998": {
            "cash": 0,
            "stock": 0.5,
            "eps": 0
        },
        "1999": {
            "cash": 0,
            "stock": 1,
            "eps": 0
        },
        "2000": {
            "cash": 0,
            "stock": 0.6,
            "eps": 0
        },
        "2001": {
            "cash": 0,
            "stock": 0,
            "eps": -0.57
        },
        "2002": {
            "cash": 0,
            "stock": 0,
            "eps": 0.1
        },
        "2003": {
            "cash": 0,
            "stock": 0,
            "eps": -0.29
        },
        "2004": {
            "cash": 0,
            "stock": 0,
            "eps": 0.67
        },
        "2005": {
            "cash": 0.2,
            "stock": 0.3,
            "eps": 0.22
        },
        "2006": {
            "cash": 0,
            "stock": 0,
            "eps": 0.39
        },
        "2007": {
            "cash": 0,
            "stock": 0,
            "eps": 0.78
        },
        "2008": {
            "cash": 0.2,
            "stock": 0.3,
            "eps": -5.52
        },
        "2009": {
            "cash": 0,
            "stock": 0,
            "eps": 1.93
        },
        "2010": {
            "cash": 0,
            "stock": 0,
            "eps": 1.89
        },
        "2011": {
            "cash": 0.7,
            "stock": 1.7,
            "eps": 0.96
        },
        "2012": {
            "cash": 0,
            "stock": 0,
            "eps": -0.19
        },
        "2013": {
            "cash": 0,
            "stock": 0,
            "eps": 0.06
        },
        "2014": {
            "cash": 0,
            "stock": 0,
            "eps": -1.92
        },
        "2015": {
            "cash": 0,
            "stock": 0,
            "eps": 0.21
        },
        "2016": {
            "cash": 0,
            "stock": 0,
            "eps": 0.36
        },
        "2017": {
            "cash": 0,
            "stock": 0,
            "eps": 1.53
        },
        "2018": {
            "cash": 0,
            "stock": 0,
            "eps": 0.63
        },
        "2019": {
            "cash": 0.2,
            "stock": 0.2,
            "eps": 1.21
        },
        "2020": {
            "cash": 0.3,
            "stock": 0.3,
            "eps": 5.59
        },
        "2021": {
            "cash": 2,
            "stock": 1,
            "eps": 5.15
        },
        "2022": {
            "cash": 2,
            "stock": 0.5,
            "eps": 1.08
        },
        "2023": {
            "cash": 0.5,
            "stock": 0,
            "eps": -0.4
        },
        "2024": {
            "cash": 0.3,
            "stock": 0,
            "eps": 0
        }
    },
    "dividends": {
        "1990-05-02": {
            "cash": 2.5,
            "stock": 1
        },
        "1991-05-24": {
            "cash": 2,
            "stock": 1
        },
        "1992-05-15": {
            "cash": 0.5,
            "stock": 0
        },
        "1993-05-07": {
            "cash": 0.5,
            "stock": 0
        },
        "1994-05-18": {
            "cash": 0.5,
            "stock": 0
        },
        "1995-06-07": {
            "cash": 1.5,
            "stock": 0
        },
        "1996-06-05": {
            "cash": 1.1,
            "stock": 0
        },
        "1998-05-13": {
            "cash": 0,
            "stock": 0.5
        },
        "1999-06-04": {
            "cash": 0,
            "stock": 1
        },
        "2000-05-30": {
            "cash": 0,
            "stock": 0.6
        },
        "2005-03-15": {
            "cash": 0.2,
            "stock": 0.3
        },
        "2008-03-13": {
            "cash": 0.2,
            "stock": 0.3
        },
        "2011-01-01": {
            "cash": 0.2,
            "stock": 0.5
        },
        "2011-03-16": {
            "cash": 0.5,
            "stock": 1.2
        },
        "2019-08-23": {
            "cash": 0.2,
            "stock": 0.2
        },
        "2020-08-28": {
            "cash": 0.3,
            "stock": 0.3
        },
        "2021-10-07": {
            "cash": 2,
            "stock": 1
        },
        "2022-08-31": {
            "cash": 2,
            "stock": 0.5
        },
        "2023-07-27": {
            "cash": 0.5,
            "stock": 0
        },
        "2024-03-07": {
            "cash": 0.3,
            "stock": 0
        }
    },
    "prices": {
        "200101": "9.08",
        "200102": "9.56",
        "200103": "8.36",
        "200104": "7.20",
        "200105": "5.88",
        "200106": "5.97",
        "200107": "4.71",
        "200108": "5.32",
        "200109": "5.75",
        "200110": "4.87",
        "200111": "4.80",
        "200112": "6.47",
        "200201": "9.90",
        "200202": "9.11",
        "200203": "12.75",
        "200204": "13.44",
        "200205": "9.93",
        "200206": "10.26",
        "200207": "11.27",
        "200208": "12.10",
        "200209": "9.19",
        "200210": "7.83",
        "200211": "10.19",
        "200212": "11.48",
        "200301": "13.00",
        "200302": "11.68",
        "200303": "9.56",
        "200304": "8.88",
        "200305": "8.52",
        "200306": "10.52",
        "200307": "11.29",
        "200308": "11.84",
        "200309": "10.57",
        "200310": "11.48",
        "200311": "11.52",
        "200312": "12.90",
        "200401": "13.61",
        "200402": "13.80",
        "200403": "12.86",
        "200404": "11.94",
        "200405": "10.51",
        "200406": "10.72",
        "200407": "11.70",
        "200408": "11.11",
        "200409": "12.29",
        "200410": "12.86",
        "200411": "11.77",
        "200412": "11.83",
        "200501": "11.89",
        "200502": "11.70",
        "200503": "11.22",
        "200504": "9.54",
        "200505": "8.91",
        "200506": "9.83",
        "200507": "9.67",
        "200508": "9.13",
        "200509": "7.66",
        "200510": "7.35",
        "200511": "7.41",
        "200512": "7.59",
        "200601": "8.40",
        "200602": "8.14",
        "200603": "7.33",
        "200604": "8.02",
        "200605": "8.19",
        "200606": "6.99",
        "200607": "7.05",
        "200608": "7.08",
        "200609": "6.96",
        "200610": "7.76",
        "200611": "8.09",
        "200612": "8.92",
        "200701": "9.03",
        "200702": "9.01",
        "200703": "8.37",
        "200704": "9.02",
        "200705": "8.64",
        "200706": "8.94",
        "200707": "10.81",
        "200708": "10.17",
        "200709": "11.74",
        "200710": "12.85",
        "200711": "10.97",
        "200712": "10.68",
        "200801": "10.67",
        "200802": "10.38",
        "200803": "11.17",
        "200804": "11.75",
        "200805": "12.20",
        "200806": "10.97",
        "200807": "9.23",
        "200808": "8.74",
        "200809": "6.86",
        "200810": "5.44",
        "200811": "5.00",
        "200812": "4.96",
        "200901": "5.24",
        "200902": "4.94",
        "200903": "5.90",
        "200904": "7.28",
        "200905": "8.45",
        "200906": "8.27",
        "200907": "8.69",
        "200908": "9.92",
        "200909": "11.90",
        "200910": "13.30",
        "200911": "13.83",
        "200912": "13.41",
        "201001": "13.98",
        "201002": "12.35",
        "201003": "13.05",
        "201004": "12.82",
        "201005": "11.28",
        "201006": "10.96",
        "201007": "12.03",
        "201008": "12.65",
        "201009": "11.82",
        "201010": "12.21",
        "201011": "12.71",
        "201012": "12.91",
        "201101": "13.80",
        "201102": "13.96",
        "201103": "14.07",
        "201104": "16.88",
        "201105": "17.39",
        "201106": "17.10",
        "201107": "17.82",
        "201108": "17.36",
        "201109": "13.85",
        "201110": "12.38",
        "201111": "12.08",
        "201112": "11.14",
        "201201": "11.94",
        "201202": "13.62",
        "201203": "13.56",
        "201204": "11.59",
        "201205": "10.81",
        "201206": "10.47",
        "201207": "11.13",
        "201208": "11.50",
        "201209": "10.31",
        "201210": "9.70",
        "201211": "9.07",
        "201212": "9.63",
        "201301": "9.99",
        "201302": "9.87",
        "201303": "9.41",
        "201304": "9.22",
        "201305": "9.65",
        "201306": "10.53",
        "201307": "12.63",
        "201308": "11.38",
        "201309": "11.30",
        "201310": "13.08",
        "201311": "11.91",
        "201312": "12.28",
        "201401": "12.16",
        "201402": "11.45",
        "201403": "11.25",
        "201404": "11.05",
        "201405": "10.14",
        "201406": "10.74",
        "201407": "11.23",
        "201408": "9.37",
        "201409": "9.14",
        "201410": "8.50",
        "201411": "8.28",
        "201412": "8.96",
        "201501": "9.64",
        "201502": "9.38",
        "201503": "9.26",
        "201504": "9.13",
        "201505": "9.36",
        "201506": "8.49",
        "201507": "7.94",
        "201508": "7.88",
        "201509": "8.68",
        "201510": "9.07",
        "201511": "8.21",
        "201512": "7.41",
        "201601": "7.20",
        "201602": "7.55",
        "201603": "7.91",
        "201604": "7.85",
        "201605": "7.33",
        "201606": "7.27",
        "201607": "7.36",
        "201608": "7.64",
        "201609": "7.65",
        "201610": "8.11",
        "201611": "8.31",
        "201612": "10.51",
        "201701": "10.98",
        "201702": "11.60",
        "201703": "10.37",
        "201704": "9.76",
        "201705": "9.63",
        "201706": "9.62",
        "201707": "10.30",
        "201708": "10.42",
        "201709": "11.13",
        "201710": "10.85",
        "201711": "11.70",
        "201712": "13.92",
        "201801": "14.54",
        "201802": "13.23",
        "201803": "12.08",
        "201804": "12.44",
        "201805": "14.95",
        "201806": "15.70",
        "201807": "14.71",
        "201808": "14.61",
        "201809": "13.89",
        "201810": "12.05",
        "201811": "10.68",
        "201812": "10.34",
        "201901": "9.85",
        "201902": "10.33",
        "201903": "10.28",
        "201904": "10.47",
        "201905": "10.52",
        "201906": "10.42",
        "201907": "10.66",
        "201908": "10.44",
        "201909": "11.40",
        "201910": "11.22",
        "201911": "11.05",
        "201912": "11.05",
        "202001": "10.94",
        "202002": "9.68",
        "202003": "8.32",
        "202004": "9.01",
        "202005": "11.28",
        "202006": "14.68",
        "202007": "15.67",
        "202008": "19.52",
        "202009": "27.90",
        "202010": "30.55",
        "202011": "31.60",
        "202012": "33.56",
        "202101": "32.71",
        "202102": "33.07",
        "202103": "40.96",
        "202104": "47.07",
        "202105": "40.76",
        "202106": "42.61",
        "202107": "44.60",
        "202108": "43.20",
        "202109": "38.29",
        "202110": "35.80",
        "202111": "34.93",
        "202112": "33.85",
        "202201": "33.74",
        "202202": "33.80",
        "202203": "33.70",
        "202204": "32.26",
        "202205": "28.87",
        "202206": "29.31",
        "202207": "26.94",
        "202208": "22.72",
        "202209": "21.75",
        "202210": "20.15",
        "202211": "20.23",
        "202212": "21.95",
        "202301": "22.23",
        "202302": "22.94",
        "202303": "21.93",
        "202304": "21.10",
        "202305": "20.06",
        "202306": "20.21",
        "202307": "19.79",
        "202308": "18.19",
        "202309": "17.92",
        "202310": "17.12",
        "202311": "16.96",
        "202312": "16.82"
    },
    "quarters": {
        "20011": {
            "year_quarter": 20011,
            "year": 2001,
            "quarter": 1,
            "eps": -0.08,
            "eps_growth_year": -130.77,
            "eps_4q": -0.19,
            "eps_4q_growth_year": -121.47,
            "roe": -0.54,
            "roe_4q": -0.54,
            "gross_profit": 58729,
            "gross_margin": 6.5,
            "gross_margin_4q_avg": 6.5,
            "net_income": -20758,
            "net_income_4q": null,
            "revenue": 904166,
            "revenue_4q": null,
            "common_shares": 2626219,
            "book_valuer_per_share": 14.55,
            "book_valuer_per_share_4q_avg": 14.55,
            "equity": 3821273,
            "current_ratio": 317.87,
            "debt_ratio": 18.03,
            "inventory_turnover_ratio": 1.71,
            "account_receivable_turnover_ratio": null,
            "reinvestment_rate": null,
            "research_to_sale_ratio": null,
            "price_fair": 0,
            "eps_avg_yearly": 0,
            "eps_latest_yearly": 0,
            "eps_growth_yearly": 0
        },
        "20012": {
            "year_quarter": 20012,
            "year": 2001,
            "quarter": 2,
            "eps": -0.26,
            "eps_growth_year": -533.33,
            "eps_4q": -0.5,
            "eps_4q_growth_year": -175.83,
            "roe": -1.79,
            "roe_4q": -2.33,
            "gross_profit": 45420,
            "gross_margin": 4.91,
            "gross_margin_4q_avg": 5.71,
            "net_income": -67648,
            "net_income_4q": null,
            "revenue": 924352,
            "revenue_4q": null,
            "common_shares": 2626219,
            "book_valuer_per_share": 14.3,
            "book_valuer_per_share_4q_avg": 14.43,
            "equity": 3756353,
            "current_ratio": 251.93,
            "debt_ratio": 20.8,
            "inventory_turnover_ratio": 1.82,
            "account_receivable_turnover_ratio": null,
            "reinvestment_rate": null,
            "research_to_sale_ratio": null,
            "price_fair": 0,
            "eps_avg_yearly": 0,
            "eps_latest_yearly": 0,
            "eps_growth_yearly": 0
        },
        "20013": {
            "year_quarter": 20013,
            "year": 2001,
            "quarter": 3,
            "eps": -0.2,
            "eps_growth_year": -2100,
            "eps_4q": -0.71,
            "eps_4q_growth_year": -231.38,
            "roe": -1.38,
            "roe_4q": -3.71,
            "gross_profit": 79346,
            "gross_margin": 6.55,
            "gross_margin_4q_avg": 5.99,
            "net_income": -51300,
            "net_income_4q": null,
            "revenue": 1211726,
            "revenue_4q": null,
            "common_shares": 2626219,
            "book_valuer_per_share": 14.09,
            "book_valuer_per_share_4q_avg": 14.31,
            "equity": 3700020,
            "current_ratio": 202.46,
            "debt_ratio": 23.77,
            "inventory_turnover_ratio": 2.54,
            "account_receivable_turnover_ratio": null,
            "reinvestment_rate": null,
            "research_to_sale_ratio": null,
            "price_fair": 0,
            "eps_avg_yearly": 0,
            "eps_latest_yearly": 0,
            "eps_growth_yearly": 0
        },
        "20014": {
            "year_quarter": 20014,
            "year": 2001,
            "quarter": 4,
            "eps": -0.03,
            "eps_growth_year": null,
            "eps_4q": -0.57,
            "eps_4q_growth_year": -538.46,
            "roe": -0.25,
            "roe_4q": -3.96,
            "gross_profit": 79406,
            "gross_margin": 7.56,
            "gross_margin_4q_avg": 6.38,
            "net_income": -9056,
            "net_income_4q": null,
            "revenue": 1050161,
            "revenue_4q": null,
            "common_shares": 2626219,
            "book_valuer_per_share": 14,
            "book_valuer_per_share_4q_avg": 14.24,
            "equity": 3675449,
            "current_ratio": 162.99,
            "debt_ratio": 29.14,
            "inventory_turnover_ratio": 2.12,
            "account_receivable_turnover_ratio": null,
            "reinvestment_rate": null,
            "research_to_sale_ratio": null,
            "price_fair": 0,
            "eps_avg_yearly": 0,
            "eps_latest_yearly": 0,
            "eps_growth_yearly": 0
        },
        "20021": {
            "year_quarter": 20021,
            "year": 2002,
            "quarter": 1,
            "eps": 0.2,
            "eps_growth_year": null,
            "eps_4q": -0.3,
            "eps_4q_growth_year": null,
            "roe": 1.38,
            "roe_4q": -2.04,
            "gross_profit": 76110,
            "gross_margin": 6.37,
            "gross_margin_4q_avg": 6.35,
            "net_income": 51225,
            "net_income_4q": null,
            "revenue": 1195036,
            "revenue_4q": null,
            "common_shares": 2626219,
            "book_valuer_per_share": 14.26,
            "book_valuer_per_share_4q_avg": 14.16,
            "equity": 3744659,
            "current_ratio": 184,
            "debt_ratio": 28.27,
            "inventory_turnover_ratio": 2.24,
            "account_receivable_turnover_ratio": null,
            "reinvestment_rate": null,
            "research_to_sale_ratio": null,
            "price_fair": 0,
            "eps_avg_yearly": 0,
            "eps_latest_yearly": 0,
            "eps_growth_yearly": 0
        },
        "20022": {
            "year_quarter": 20022,
            "year": 2002,
            "quarter": 2,
            "eps": -0.01,
            "eps_growth_year": null,
            "eps_4q": -0.05,
            "eps_4q_growth_year": null,
            "roe": -0.08,
            "roe_4q": -0.33000000000000007,
            "gross_profit": 103069,
            "gross_margin": 9.24,
            "gross_margin_4q_avg": 7.43,
            "net_income": -2945,
            "net_income_4q": null,
            "revenue": 1114945,
            "revenue_4q": null,
            "common_shares": 2626219,
            "book_valuer_per_share": 14.18,
            "book_valuer_per_share_4q_avg": 14.13,
            "equity": 3724855,
            "current_ratio": 208.08,
            "debt_ratio": 25.74,
            "inventory_turnover_ratio": 1.91,
            "account_receivable_turnover_ratio": null,
            "reinvestment_rate": null,
            "research_to_sale_ratio": null,
            "price_fair": 0,
            "eps_avg_yearly": 0,
            "eps_latest_yearly": 0,
            "eps_growth_yearly": 0
        },
        "20023": {
            "year_quarter": 20023,
            "year": 2002,
            "quarter": 3,
            "eps": -0.04,
            "eps_growth_year": null,
            "eps_4q": 0.11,
            "eps_4q_growth_year": null,
            "roe": -0.28,
            "roe_4q": 0.7699999999999998,
            "gross_profit": 40381,
            "gross_margin": 2.97,
            "gross_margin_4q_avg": 6.54,
            "net_income": -10365,
            "net_income_4q": null,
            "revenue": 1360634,
            "revenue_4q": null,
            "common_shares": 2626219,
            "book_valuer_per_share": 14.21,
            "book_valuer_per_share_4q_avg": 14.16,
            "equity": 3731346,
            "current_ratio": 207.69,
            "debt_ratio": 25.96,
            "inventory_turnover_ratio": 2.5,
            "account_receivable_turnover_ratio": null,
            "reinvestment_rate": null,
            "research_to_sale_ratio": null,
            "price_fair": 0,
            "eps_avg_yearly": 0,
            "eps_latest_yearly": 0,
            "eps_growth_yearly": 0
        },
        "20024": {
            "year_quarter": 20024,
            "year": 2002,
            "quarter": 4,
            "eps": -0.05,
            "eps_growth_year": null,
            "eps_4q": 0.09,
            "eps_4q_growth_year": null,
            "roe": -0.38,
            "roe_4q": 0.6399999999999999,
            "gross_profit": 64203,
            "gross_margin": 4.27,
            "gross_margin_4q_avg": 5.71,
            "net_income": -14050,
            "net_income_4q": null,
            "revenue": 1502810,
            "revenue_4q": null,
            "common_shares": 2626219,
            "book_valuer_per_share": 14.05,
            "book_valuer_per_share_4q_avg": 14.18,
            "equity": 3689181,
            "current_ratio": 228.18,
            "debt_ratio": 40.03,
            "inventory_turnover_ratio": 2.96,
            "account_receivable_turnover_ratio": null,
            "reinvestment_rate": 378.83,
            "research_to_sale_ratio": null,
            "price_fair": 0,
            "eps_avg_yearly": 0,
            "eps_latest_yearly": 0,
            "eps_growth_yearly": 0
        },
        "20031": {
            "year_quarter": 20031,
            "year": 2003,
            "quarter": 1,
            "eps": 0.15,
            "eps_growth_year": -25,
            "eps_4q": 0.05,
            "eps_4q_growth_year": null,
            "roe": 1.07,
            "roe_4q": 0.33,
            "gross_profit": 101024,
            "gross_margin": 8.23,
            "gross_margin_4q_avg": 6.18,
            "net_income": 39512,
            "net_income_4q": null,
            "revenue": 1226803,
            "revenue_4q": null,
            "common_shares": 2626219,
            "book_valuer_per_share": 14.2,
            "book_valuer_per_share_4q_avg": 14.16,
            "equity": 3728775,
            "current_ratio": 310.28,
            "debt_ratio": 35.48,
            "inventory_turnover_ratio": 1.72,
            "account_receivable_turnover_ratio": null,
            "reinvestment_rate": 12.21,
            "research_to_sale_ratio": null,
            "price_fair": 0,
            "eps_avg_yearly": 0,
            "eps_latest_yearly": 0,
            "eps_growth_yearly": 0
        },
        "20032": {
            "year_quarter": 20032,
            "year": 2003,
            "quarter": 2,
            "eps": -0.51,
            "eps_growth_year": null,
            "eps_4q": -0.45,
            "eps_4q_growth_year": null,
            "roe": -3.65,
            "roe_4q": -3.24,
            "gross_profit": 16562,
            "gross_margin": 1.08,
            "gross_margin_4q_avg": 4.14,
            "net_income": -133750,
            "net_income_4q": null,
            "revenue": 1540184,
            "revenue_4q": null,
            "common_shares": 2626219,
            "book_valuer_per_share": 13.68,
            "book_valuer_per_share_4q_avg": 14.04,
            "equity": 3593411,
            "current_ratio": 331.14,
            "debt_ratio": 35.52,
            "inventory_turnover_ratio": 2.09,
            "account_receivable_turnover_ratio": null,
            "reinvestment_rate": null,
            "research_to_sale_ratio": null,
            "price_fair": 0,
            "eps_avg_yearly": 0,
            "eps_latest_yearly": 0,
            "eps_growth_yearly": 0
        },
        "20033": {
            "year_quarter": 20033,
            "year": 2003,
            "quarter": 3,
            "eps": 0,
            "eps_growth_year": null,
            "eps_4q": -0.42,
            "eps_4q_growth_year": -478.83,
            "roe": -0.03,
            "roe_4q": -2.9899999999999993,
            "gross_profit": 131632,
            "gross_margin": 8.12,
            "gross_margin_4q_avg": 5.43,
            "net_income": -1038,
            "net_income_4q": null,
            "revenue": 1620381,
            "revenue_4q": null,
            "common_shares": 2626219,
            "book_valuer_per_share": 13.64,
            "book_valuer_per_share_4q_avg": 13.89,
            "equity": 3582266,
            "current_ratio": 314.45,
            "debt_ratio": 36.68,
            "inventory_turnover_ratio": 2.36,
            "account_receivable_turnover_ratio": null,
            "reinvestment_rate": null,
            "research_to_sale_ratio": null,
            "price_fair": 0,
            "eps_avg_yearly": 0,
            "eps_latest_yearly": 0,
            "eps_growth_yearly": 0
        },
        "20034": {
            "year_quarter": 20034,
            "year": 2003,
            "quarter": 4,
            "eps": 0.07,
            "eps_growth_year": null,
            "eps_4q": -0.3,
            "eps_4q_growth_year": -433.16,
            "roe": 0.5,
            "roe_4q": -2.1099999999999994,
            "gross_profit": 137749,
            "gross_margin": 8.43,
            "gross_margin_4q_avg": 6.47,
            "net_income": 18033,
            "net_income_4q": null,
            "revenue": 1633383,
            "revenue_4q": null,
            "common_shares": 2626219,
            "book_valuer_per_share": 13.73,
            "book_valuer_per_share_4q_avg": 13.81,
            "equity": 3606942,
            "current_ratio": 206.2,
            "debt_ratio": 44.29,
            "inventory_turnover_ratio": 2,
            "account_receivable_turnover_ratio": null,
            "reinvestment_rate": null,
            "research_to_sale_ratio": null,
            "price_fair": 0,
            "eps_avg_yearly": 0,
            "eps_latest_yearly": 0,
            "eps_growth_yearly": 0
        },
        "20041": {
            "year_quarter": 20041,
            "year": 2004,
            "quarter": 1,
            "eps": 0.28,
            "eps_growth_year": 86.67,
            "eps_4q": -0.17,
            "eps_4q_growth_year": -462.4,
            "roe": 2.01,
            "roe_4q": -1.17,
            "gross_profit": 135969,
            "gross_margin": 7.78,
            "gross_margin_4q_avg": 6.35,
            "net_income": 73105,
            "net_income_4q": null,
            "revenue": 1748491,
            "revenue_4q": null,
            "common_shares": 2626219,
            "book_valuer_per_share": 13.94,
            "book_valuer_per_share_4q_avg": 13.75,
            "equity": 3661863,
            "current_ratio": 223.29,
            "debt_ratio": 40.37,
            "inventory_turnover_ratio": 1.91,
            "account_receivable_turnover_ratio": null,
            "reinvestment_rate": null,
            "research_to_sale_ratio": null,
            "price_fair": 39.2,
            "eps_avg_yearly": 1.12,
            "eps_latest_yearly": 1.12,
            "eps_growth_yearly": 1200
        },
        "20042": {
            "year_quarter": 20042,
            "year": 2004,
            "quarter": 2,
            "eps": 0.05,
            "eps_growth_year": null,
            "eps_4q": 0.37,
            "eps_4q_growth_year": null,
            "roe": 0.38,
            "roe_4q": 2.86,
            "gross_profit": 122937,
            "gross_margin": 6.04,
            "gross_margin_4q_avg": 7.59,
            "net_income": 14128,
            "net_income_4q": null,
            "revenue": 2034485,
            "revenue_4q": null,
            "common_shares": 2626219,
            "book_valuer_per_share": 14.06,
            "book_valuer_per_share_4q_avg": 13.84,
            "equity": 3691569,
            "current_ratio": 235.73,
            "debt_ratio": 45.88,
            "inventory_turnover_ratio": 2.54,
            "account_receivable_turnover_ratio": null,
            "reinvestment_rate": null,
            "research_to_sale_ratio": null,
            "price_fair": 23.1,
            "eps_avg_yearly": 0.66,
            "eps_latest_yearly": 0.2,
            "eps_growth_yearly": 435.71
        },
        "20043": {
            "year_quarter": 20043,
            "year": 2004,
            "quarter": 3,
            "eps": 0.59,
            "eps_growth_year": null,
            "eps_4q": 0.99,
            "eps_4q_growth_year": null,
            "roe": 4.1,
            "roe_4q": 6.989999999999999,
            "gross_profit": 187865,
            "gross_margin": 8.23,
            "gross_margin_4q_avg": 7.62,
            "net_income": 154506,
            "net_income_4q": null,
            "revenue": 2283340,
            "revenue_4q": null,
            "common_shares": 2626219,
            "book_valuer_per_share": 14.67,
            "book_valuer_per_share_4q_avg": 14.1,
            "equity": 3851665,
            "current_ratio": 228.89,
            "debt_ratio": 45.85,
            "inventory_turnover_ratio": 2.52,
            "account_receivable_turnover_ratio": null,
            "reinvestment_rate": null,
            "research_to_sale_ratio": null,
            "price_fair": 42.93,
            "eps_avg_yearly": 1.23,
            "eps_latest_yearly": 2.36,
            "eps_growth_yearly": 1730.48
        },
        "20044": {
            "year_quarter": 20044,
            "year": 2004,
            "quarter": 4,
            "eps": -0.25,
            "eps_growth_year": -457.14,
            "eps_4q": 0.67,
            "eps_4q_growth_year": null,
            "roe": -1.71,
            "roe_4q": 4.779999999999999,
            "gross_profit": 130564,
            "gross_margin": 5.82,
            "gross_margin_4q_avg": 6.97,
            "net_income": -65017,
            "net_income_4q": null,
            "revenue": 2244288,
            "revenue_4q": null,
            "common_shares": 2626219,
            "book_valuer_per_share": 14.27,
            "book_valuer_per_share_4q_avg": 14.24,
            "equity": 3746587,
            "current_ratio": 207.92,
            "debt_ratio": 56.76,
            "inventory_turnover_ratio": 1.63,
            "account_receivable_turnover_ratio": null,
            "reinvestment_rate": null,
            "research_to_sale_ratio": null,
            "price_fair": 42.93,
            "eps_avg_yearly": 1.23,
            "eps_latest_yearly": 2.36,
            "eps_growth_yearly": 1730.48
        },
        "20051": {
            "year_quarter": 20051,
            "year": 2005,
            "quarter": 1,
            "eps": 0.06,
            "eps_growth_year": -78.57,
            "eps_4q": 0.44,
            "eps_4q_growth_year": null,
            "roe": 0.43,
            "roe_4q": 3.1999999999999993,
            "gross_profit": 114107,
            "gross_margin": 4.75,
            "gross_margin_4q_avg": 6.21,
            "net_income": 16521,
            "net_income_4q": null,
            "revenue": 2402437,
            "revenue_4q": null,
            "common_shares": 2626219,
            "book_valuer_per_share": 14.73,
            "book_valuer_per_share_4q_avg": 14.43,
            "equity": 3868995,
            "current_ratio": 323.24,
            "debt_ratio": 47.94,
            "inventory_turnover_ratio": 1.62,
            "account_receivable_turnover_ratio": null,
            "reinvestment_rate": -4175.84,
            "research_to_sale_ratio": null,
            "price_fair": 42.93,
            "eps_avg_yearly": 1.23,
            "eps_latest_yearly": 2.36,
            "eps_growth_yearly": 1730.48
        },
        "20052": {
            "year_quarter": 20052,
            "year": 2005,
            "quarter": 2,
            "eps": -0.36,
            "eps_growth_year": -820,
            "eps_4q": 0.04,
            "eps_4q_growth_year": -89.47,
            "roe": -2.52,
            "roe_4q": 0.2999999999999998,
            "gross_profit": 142843,
            "gross_margin": 5.67,
            "gross_margin_4q_avg": 6.12,
            "net_income": -95812,
            "net_income_4q": null,
            "revenue": 2520135,
            "revenue_4q": null,
            "common_shares": 2626219,
            "book_valuer_per_share": 14.17,
            "book_valuer_per_share_4q_avg": 14.46,
            "equity": 3720137,
            "current_ratio": 323.4,
            "debt_ratio": 49,
            "inventory_turnover_ratio": 2.31,
            "account_receivable_turnover_ratio": null,
            "reinvestment_rate": null,
            "research_to_sale_ratio": null,
            "price_fair": 42.93,
            "eps_avg_yearly": 1.23,
            "eps_latest_yearly": 2.36,
            "eps_growth_yearly": 1730.48
        },
        "20053": {
            "year_quarter": 20053,
            "year": 2005,
            "quarter": 3,
            "eps": 0.42,
            "eps_growth_year": -28.81,
            "eps_4q": -0.11,
            "eps_4q_growth_year": -110.93,
            "roe": 3.02,
            "roe_4q": -0.78,
            "gross_profit": 206226,
            "gross_margin": 8.5,
            "gross_margin_4q_avg": 6.19,
            "net_income": 114696,
            "net_income_4q": null,
            "revenue": 2424787,
            "revenue_4q": null,
            "common_shares": 2705005,
            "book_valuer_per_share": 14.3,
            "book_valuer_per_share_4q_avg": 14.37,
            "equity": 3869086,
            "current_ratio": 441.98,
            "debt_ratio": 45.12,
            "inventory_turnover_ratio": 2.66,
            "account_receivable_turnover_ratio": null,
            "reinvestment_rate": -297.9,
            "research_to_sale_ratio": null,
            "price_fair": 42.93,
            "eps_avg_yearly": 1.23,
            "eps_latest_yearly": 2.36,
            "eps_growth_yearly": 1730.48
        },
        "20054": {
            "year_quarter": 20054,
            "year": 2005,
            "quarter": 4,
            "eps": 0.1,
            "eps_growth_year": null,
            "eps_4q": 0.23,
            "eps_4q_growth_year": -66.28,
            "roe": 0.72,
            "roe_4q": 1.6500000000000001,
            "gross_profit": 170587,
            "gross_margin": 7.94,
            "gross_margin_4q_avg": 6.72,
            "net_income": 28123,
            "net_income_4q": null,
            "revenue": 2148915,
            "revenue_4q": null,
            "common_shares": 2705005,
            "book_valuer_per_share": 14.52,
            "book_valuer_per_share_4q_avg": 14.43,
            "equity": 3927025,
            "current_ratio": 199.08,
            "debt_ratio": 55.67,
            "inventory_turnover_ratio": 1.66,
            "account_receivable_turnover_ratio": null,
            "reinvestment_rate": 79.33,
            "research_to_sale_ratio": null,
            "price_fair": 35.7,
            "eps_avg_yearly": 1.02,
            "eps_latest_yearly": 0.4,
            "eps_growth_yearly": 1221.67
        },
        "20061": {
            "year_quarter": 20061,
            "year": 2006,
            "quarter": 1,
            "eps": -0.05,
            "eps_growth_year": -183.33,
            "eps_4q": 0.13,
            "eps_4q_growth_year": -69.29,
            "roe": -0.33,
            "roe_4q": 0.8900000000000001,
            "gross_profit": 120035,
            "gross_margin": 5.72,
            "gross_margin_4q_avg": 6.96,
            "net_income": -12774,
            "net_income_4q": null,
            "revenue": 2097758,
            "revenue_4q": null,
            "common_shares": 2705005,
            "book_valuer_per_share": 14.48,
            "book_valuer_per_share_4q_avg": 14.37,
            "equity": 3916781,
            "current_ratio": 337.82,
            "debt_ratio": 47.68,
            "inventory_turnover_ratio": 1.53,
            "account_receivable_turnover_ratio": null,
            "reinvestment_rate": -422.87,
            "research_to_sale_ratio": null,
            "price_fair": 35.7,
            "eps_avg_yearly": 1.02,
            "eps_latest_yearly": 0.4,
            "eps_growth_yearly": 1221.67
        },
        "20062": {
            "year_quarter": 20062,
            "year": 2006,
            "quarter": 2,
            "eps": 0.11,
            "eps_growth_year": null,
            "eps_4q": 0.6,
            "eps_4q_growth_year": 1452.67,
            "roe": 0.74,
            "roe_4q": 4.15,
            "gross_profit": 104459,
            "gross_margin": 4.69,
            "gross_margin_4q_avg": 6.71,
            "net_income": 29021,
            "net_income_4q": null,
            "revenue": 2229227,
            "revenue_4q": null,
            "common_shares": 2705005,
            "book_valuer_per_share": 14.61,
            "book_valuer_per_share_4q_avg": 14.48,
            "equity": 3951315,
            "current_ratio": 285.99,
            "debt_ratio": 47.87,
            "inventory_turnover_ratio": 2.37,
            "account_receivable_turnover_ratio": null,
            "reinvestment_rate": -334.53,
            "research_to_sale_ratio": null,
            "price_fair": 35.7,
            "eps_avg_yearly": 1.02,
            "eps_latest_yearly": 0.4,
            "eps_growth_yearly": 1221.67
        },
        "20063": {
            "year_quarter": 20063,
            "year": 2006,
            "quarter": 3,
            "eps": 0.17,
            "eps_growth_year": -59.52,
            "eps_4q": 0.33,
            "eps_4q_growth_year": null,
            "roe": 1.18,
            "roe_4q": 2.3099999999999996,
            "gross_profit": 104812,
            "gross_margin": 4.78,
            "gross_margin_4q_avg": 5.78,
            "net_income": 46982,
            "net_income_4q": null,
            "revenue": 2194985,
            "revenue_4q": null,
            "common_shares": 2705005,
            "book_valuer_per_share": 14.85,
            "book_valuer_per_share_4q_avg": 14.62,
            "equity": 4015644,
            "current_ratio": 309.8,
            "debt_ratio": 46.92,
            "inventory_turnover_ratio": 2.32,
            "account_receivable_turnover_ratio": null,
            "reinvestment_rate": -243.66,
            "research_to_sale_ratio": null,
            "price_fair": 33.32,
            "eps_avg_yearly": 0.95,
            "eps_latest_yearly": 0.68,
            "eps_growth_yearly": 1020.97
        },
        "20064": {
            "year_quarter": 20064,
            "year": 2006,
            "quarter": 4,
            "eps": 0.16,
            "eps_growth_year": 60,
            "eps_4q": 0.39,
            "eps_4q_growth_year": 71.59,
            "roe": 1.1,
            "roe_4q": 2.6900000000000004,
            "gross_profit": 104490,
            "gross_margin": 4.81,
            "gross_margin_4q_avg": 5,
            "net_income": 44447,
            "net_income_4q": null,
            "revenue": 2171558,
            "revenue_4q": null,
            "common_shares": 2705005,
            "book_valuer_per_share": 15.07,
            "book_valuer_per_share_4q_avg": 14.75,
            "equity": 4076114,
            "current_ratio": 173.72,
            "debt_ratio": 60.63,
            "inventory_turnover_ratio": 1.43,
            "account_receivable_turnover_ratio": null,
            "reinvestment_rate": 43.64,
            "research_to_sale_ratio": null,
            "price_fair": 31.5,
            "eps_avg_yearly": 0.9,
            "eps_latest_yearly": 0.64,
            "eps_growth_yearly": 846.89
        },
        "20071": {
            "year_quarter": 20071,
            "year": 2007,
            "quarter": 1,
            "eps": -0.07,
            "eps_growth_year": null,
            "eps_4q": 0.37,
            "eps_4q_growth_year": 176.83,
            "roe": -0.47,
            "roe_4q": 2.55,
            "gross_profit": 93241,
            "gross_margin": 3.93,
            "gross_margin_4q_avg": 4.55,
            "net_income": -19122,
            "net_income_4q": null,
            "revenue": 2372211,
            "revenue_4q": null,
            "common_shares": 2705005,
            "book_valuer_per_share": 15.09,
            "book_valuer_per_share_4q_avg": 14.91,
            "equity": 4081882,
            "current_ratio": 209.47,
            "debt_ratio": 48.86,
            "inventory_turnover_ratio": 1.35,
            "account_receivable_turnover_ratio": null,
            "reinvestment_rate": -243.66,
            "research_to_sale_ratio": null,
            "price_fair": 31.5,
            "eps_avg_yearly": 0.9,
            "eps_latest_yearly": 0.64,
            "eps_growth_yearly": 846.89
        },
        "20072": {
            "year_quarter": 20072,
            "year": 2007,
            "quarter": 2,
            "eps": 0.36,
            "eps_growth_year": 227.27,
            "eps_4q": 0.63,
            "eps_4q_growth_year": 4.24,
            "roe": 2.34,
            "roe_4q": 4.1499999999999995,
            "gross_profit": 163143,
            "gross_margin": 5.54,
            "gross_margin_4q_avg": 4.77,
            "net_income": 96963,
            "net_income_4q": null,
            "revenue": 2943476,
            "revenue_4q": null,
            "common_shares": 2705005,
            "book_valuer_per_share": 15.55,
            "book_valuer_per_share_4q_avg": 15.14,
            "equity": 4205488,
            "current_ratio": 247.72,
            "debt_ratio": 43.17,
            "inventory_turnover_ratio": 2.09,
            "account_receivable_turnover_ratio": null,
            "reinvestment_rate": -131.7,
            "research_to_sale_ratio": null,
            "price_fair": 31.5,
            "eps_avg_yearly": 0.9,
            "eps_latest_yearly": 0.64,
            "eps_growth_yearly": 846.89
        },
        "20073": {
            "year_quarter": 20073,
            "year": 2007,
            "quarter": 3,
            "eps": 0.33,
            "eps_growth_year": 94.12,
            "eps_4q": 0.78,
            "eps_4q_growth_year": 135.33,
            "roe": 2.1,
            "roe_4q": 5.07,
            "gross_profit": 126652,
            "gross_margin": 4.89,
            "gross_margin_4q_avg": 4.79,
            "net_income": 90105,
            "net_income_4q": null,
            "revenue": 2591744,
            "revenue_4q": null,
            "common_shares": 2705005,
            "book_valuer_per_share": 16.11,
            "book_valuer_per_share_4q_avg": 15.46,
            "equity": 4356977,
            "current_ratio": 277.86,
            "debt_ratio": 41.24,
            "inventory_turnover_ratio": 1.98,
            "account_receivable_turnover_ratio": null,
            "reinvestment_rate": -109.33,
            "research_to_sale_ratio": null,
            "price_fair": 33.6,
            "eps_avg_yearly": 0.96,
            "eps_latest_yearly": 1.32,
            "eps_growth_yearly": 721.14
        },
        "20074": {
            "year_quarter": 20074,
            "year": 2007,
            "quarter": 4,
            "eps": 0.16,
            "eps_growth_year": 0,
            "eps_4q": 0.77,
            "eps_4q_growth_year": 98.64,
            "roe": 1.01,
            "roe_4q": 4.98,
            "gross_profit": 148533,
            "gross_margin": 5.9,
            "gross_margin_4q_avg": 5.07,
            "net_income": 44055,
            "net_income_4q": null,
            "revenue": 2518031,
            "revenue_4q": null,
            "common_shares": 2705005,
            "book_valuer_per_share": 16.29,
            "book_valuer_per_share_4q_avg": 15.76,
            "equity": 4405875,
            "current_ratio": 164.65,
            "debt_ratio": 56.03,
            "inventory_turnover_ratio": 1.25,
            "account_receivable_turnover_ratio": null,
            "reinvestment_rate": -4.82,
            "research_to_sale_ratio": null,
            "price_fair": 32.2,
            "eps_avg_yearly": 0.92,
            "eps_latest_yearly": 0.64,
            "eps_growth_yearly": 605.24
        },
        "20081": {
            "year_quarter": 20081,
            "year": 2008,
            "quarter": 1,
            "eps": -0.1,
            "eps_growth_year": null,
            "eps_4q": 0.77,
            "eps_4q_growth_year": 108.85,
            "roe": -0.61,
            "roe_4q": 4.84,
            "gross_profit": 130254,
            "gross_margin": 3.23,
            "gross_margin_4q_avg": 4.89,
            "net_income": -26423,
            "net_income_4q": null,
            "revenue": 4029336,
            "revenue_4q": null,
            "common_shares": 2705005,
            "book_valuer_per_share": 15.93,
            "book_valuer_per_share_4q_avg": 15.97,
            "equity": 4310182,
            "current_ratio": 142.21,
            "debt_ratio": 61.19,
            "inventory_turnover_ratio": 1.3,
            "account_receivable_turnover_ratio": null,
            "reinvestment_rate": 53.49,
            "research_to_sale_ratio": null,
            "price_fair": 31.2,
            "eps_avg_yearly": 0.89,
            "eps_latest_yearly": 0.64,
            "eps_growth_yearly": 520.28
        },
        "20082": {
            "year_quarter": 20082,
            "year": 2008,
            "quarter": 2,
            "eps": 0.55,
            "eps_growth_year": 52.78,
            "eps_4q": 0.95,
            "eps_4q_growth_year": 50.54,
            "roe": 3.45,
            "roe_4q": 5.950000000000001,
            "gross_profit": 346698,
            "gross_margin": 7.14,
            "gross_margin_4q_avg": 5.29,
            "net_income": 149615,
            "net_income_4q": null,
            "revenue": 4854188,
            "revenue_4q": null,
            "common_shares": 2705005,
            "book_valuer_per_share": 16.15,
            "book_valuer_per_share_4q_avg": 16.12,
            "equity": 4367465,
            "current_ratio": 146,
            "debt_ratio": 62.03,
            "inventory_turnover_ratio": 1.34,
            "account_receivable_turnover_ratio": null,
            "reinvestment_rate": 47.3,
            "research_to_sale_ratio": null,
            "price_fair": 35.23,
            "eps_avg_yearly": 1.01,
            "eps_latest_yearly": 0.64,
            "eps_growth_yearly": 661.75
        },
        "20083": {
            "year_quarter": 20083,
            "year": 2008,
            "quarter": 3,
            "eps": -0.52,
            "eps_growth_year": -257.58,
            "eps_4q": 0.08,
            "eps_4q_growth_year": -90.28,
            "roe": -3.38,
            "roe_4q": 0.4700000000000003,
            "gross_profit": -55921,
            "gross_margin": -1.36,
            "gross_margin_4q_avg": 3.73,
            "net_income": -146188,
            "net_income_4q": null,
            "revenue": 4116052,
            "revenue_4q": null,
            "common_shares": 2786155,
            "book_valuer_per_share": 15.37,
            "book_valuer_per_share_4q_avg": 15.94,
            "equity": 4281713,
            "current_ratio": 145.74,
            "debt_ratio": 63.59,
            "inventory_turnover_ratio": 1.23,
            "account_receivable_turnover_ratio": null,
            "reinvestment_rate": 115.5,
            "research_to_sale_ratio": null,
            "price_fair": 2.21,
            "eps_avg_yearly": 0.74,
            "eps_latest_yearly": 0.64,
            "eps_growth_yearly": -69.9
        },
        "20084": {
            "year_quarter": 20084,
            "year": 2008,
            "quarter": 4,
            "eps": -5.45,
            "eps_growth_year": -3506.25,
            "eps_4q": -5.53,
            "eps_4q_growth_year": -818.23,
            "roe": -43.41,
            "roe_4q": -43.949999999999996,
            "gross_profit": -1461350,
            "gross_margin": -54.27,
            "gross_margin_4q_avg": -11.32,
            "net_income": -1517871,
            "net_income_4q": null,
            "revenue": 2692953,
            "revenue_4q": null,
            "common_shares": 2786155,
            "book_valuer_per_share": 9.73,
            "book_valuer_per_share_4q_avg": 14.3,
            "equity": 2711132,
            "current_ratio": 139.27,
            "debt_ratio": 67.66,
            "inventory_turnover_ratio": 1.79,
            "account_receivable_turnover_ratio": 2.77,
            "reinvestment_rate": null,
            "research_to_sale_ratio": null,
            "price_fair": 2.21,
            "eps_avg_yearly": 0.74,
            "eps_latest_yearly": 0.64,
            "eps_growth_yearly": -69.9
        },
        "20091": {
            "year_quarter": 20091,
            "year": 2009,
            "quarter": 1,
            "eps": 0.52,
            "eps_growth_year": null,
            "eps_4q": -4.91,
            "eps_4q_growth_year": -733.56,
            "roe": 5.17,
            "roe_4q": -38.169999999999995,
            "gross_profit": 278074,
            "gross_margin": 10.98,
            "gross_margin_4q_avg": -9.38,
            "net_income": 145077,
            "net_income_4q": null,
            "revenue": 2531900,
            "revenue_4q": null,
            "common_shares": 2786155,
            "book_valuer_per_share": 10.43,
            "book_valuer_per_share_4q_avg": 12.92,
            "equity": 2906371,
            "current_ratio": 140.2,
            "debt_ratio": 65.91,
            "inventory_turnover_ratio": 1.99,
            "account_receivable_turnover_ratio": 1.44,
            "reinvestment_rate": null,
            "research_to_sale_ratio": null,
            "price_fair": 2.21,
            "eps_avg_yearly": 0.74,
            "eps_latest_yearly": 0.64,
            "eps_growth_yearly": -69.9
        },
        "20092": {
            "year_quarter": 20092,
            "year": 2009,
            "quarter": 2,
            "eps": 0.7,
            "eps_growth_year": 27.27,
            "eps_4q": -4.79,
            "eps_4q_growth_year": -606.23,
            "roe": 6.44,
            "roe_4q": -35.18,
            "gross_profit": 374362,
            "gross_margin": 10.54,
            "gross_margin_4q_avg": -8.53,
            "net_income": 193706,
            "net_income_4q": null,
            "revenue": 3550621,
            "revenue_4q": null,
            "common_shares": 2786155,
            "book_valuer_per_share": 11.16,
            "book_valuer_per_share_4q_avg": 11.67,
            "equity": 3110394,
            "current_ratio": 166.6,
            "debt_ratio": 63.4,
            "inventory_turnover_ratio": 2.28,
            "account_receivable_turnover_ratio": 2.15,
            "reinvestment_rate": null,
            "research_to_sale_ratio": null,
            "price_fair": 3.24,
            "eps_avg_yearly": 1.08,
            "eps_latest_yearly": 2.8,
            "eps_growth_yearly": -35.17
        },
        "20093": {
            "year_quarter": 20093,
            "year": 2009,
            "quarter": 3,
            "eps": 0.51,
            "eps_growth_year": null,
            "eps_4q": -3.7,
            "eps_4q_growth_year": -4996.23,
            "roe": 4.49,
            "roe_4q": -27.309999999999995,
            "gross_profit": 282583,
            "gross_margin": 6.55,
            "gross_margin_4q_avg": -6.55,
            "net_income": 142809,
            "net_income_4q": null,
            "revenue": 4316288,
            "revenue_4q": null,
            "common_shares": 2786155,
            "book_valuer_per_share": 11.66,
            "book_valuer_per_share_4q_avg": 10.75,
            "equity": 3248542,
            "current_ratio": 156.98,
            "debt_ratio": 65.94,
            "inventory_turnover_ratio": 2.8,
            "account_receivable_turnover_ratio": 2.3,
            "reinvestment_rate": null,
            "research_to_sale_ratio": null,
            "price_fair": 3.65,
            "eps_avg_yearly": 1.22,
            "eps_latest_yearly": 2.04,
            "eps_growth_yearly": -45.66
        },
        "20094": {
            "year_quarter": 20094,
            "year": 2009,
            "quarter": 4,
            "eps": 0.2,
            "eps_growth_year": null,
            "eps_4q": 1.93,
            "eps_4q_growth_year": null,
            "roe": 1.68,
            "roe_4q": 17.78,
            "gross_profit": 228079,
            "gross_margin": 6.13,
            "gross_margin_4q_avg": 8.55,
            "net_income": 54921,
            "net_income_4q": null,
            "revenue": 3721886,
            "revenue_4q": null,
            "common_shares": 2786155,
            "book_valuer_per_share": 11.82,
            "book_valuer_per_share_4q_avg": 11.27,
            "equity": 3294617,
            "current_ratio": 203.29,
            "debt_ratio": 63.65,
            "inventory_turnover_ratio": 2.38,
            "account_receivable_turnover_ratio": 3.77,
            "reinvestment_rate": null,
            "research_to_sale_ratio": null,
            "price_fair": 3.82,
            "eps_avg_yearly": 1.27,
            "eps_latest_yearly": 0.8,
            "eps_growth_yearly": -36.86
        },
        "20101": {
            "year_quarter": 20101,
            "year": 2010,
            "quarter": 1,
            "eps": 0.44,
            "eps_growth_year": -15.38,
            "eps_4q": 1.85,
            "eps_4q_growth_year": null,
            "roe": 3.66,
            "roe_4q": 16.27,
            "gross_profit": 295863,
            "gross_margin": 7.81,
            "gross_margin_4q_avg": 7.76,
            "net_income": 122675,
            "net_income_4q": null,
            "revenue": 3787454,
            "revenue_4q": null,
            "common_shares": 2786155,
            "book_valuer_per_share": 12.26,
            "book_valuer_per_share_4q_avg": 11.73,
            "equity": 3415237,
            "current_ratio": 187.53,
            "debt_ratio": 67.99,
            "inventory_turnover_ratio": 1.62,
            "account_receivable_turnover_ratio": 1.74,
            "reinvestment_rate": null,
            "research_to_sale_ratio": 0.15,
            "price_fair": 46.73,
            "eps_avg_yearly": 1.34,
            "eps_latest_yearly": 1.76,
            "eps_growth_yearly": 27.75
        },
        "20102": {
            "year_quarter": 20102,
            "year": 2010,
            "quarter": 2,
            "eps": -0.07,
            "eps_growth_year": -110.38,
            "eps_4q": 1.08,
            "eps_4q_growth_year": null,
            "roe": -0.6,
            "roe_4q": 9.23,
            "gross_profit": 163128,
            "gross_margin": 3.44,
            "gross_margin_4q_avg": 5.98,
            "net_income": -20245,
            "net_income_4q": null,
            "revenue": 4748694,
            "revenue_4q": null,
            "common_shares": 2786155,
            "book_valuer_per_share": 12.17,
            "book_valuer_per_share_4q_avg": 11.98,
            "equity": 3390041,
            "current_ratio": 197.45,
            "debt_ratio": 66.3,
            "inventory_turnover_ratio": 1.91,
            "account_receivable_turnover_ratio": 1.92,
            "reinvestment_rate": null,
            "research_to_sale_ratio": 0.11,
            "price_fair": 46.73,
            "eps_avg_yearly": 1.34,
            "eps_latest_yearly": 1.76,
            "eps_growth_yearly": 27.75
        },
        "20103": {
            "year_quarter": 20103,
            "year": 2010,
            "quarter": 3,
            "eps": 0.76,
            "eps_growth_year": 49.57,
            "eps_4q": 1.33,
            "eps_4q_growth_year": null,
            "roe": 6,
            "roe_4q": 10.74,
            "gross_profit": 372181,
            "gross_margin": 7.22,
            "gross_margin_4q_avg": 6.15,
            "net_income": 212530,
            "net_income_4q": null,
            "revenue": 5156979,
            "revenue_4q": null,
            "common_shares": 2786155,
            "book_valuer_per_share": 13.25,
            "book_valuer_per_share_4q_avg": 12.38,
            "equity": 3693014,
            "current_ratio": 213.21,
            "debt_ratio": 63.24,
            "inventory_turnover_ratio": 2.5,
            "account_receivable_turnover_ratio": 2.05,
            "reinvestment_rate": null,
            "research_to_sale_ratio": 0.11,
            "price_fair": 14.29,
            "eps_avg_yearly": 1.43,
            "eps_latest_yearly": 1.76,
            "eps_growth_yearly": 0.55
        },
        "20104": {
            "year_quarter": 20104,
            "year": 2010,
            "quarter": 4,
            "eps": 0.76,
            "eps_growth_year": 279.16,
            "eps_4q": 1.89,
            "eps_4q_growth_year": -1.92,
            "roe": 5.54,
            "roe_4q": 14.6,
            "gross_profit": 437384,
            "gross_margin": 9.19,
            "gross_margin_4q_avg": 6.92,
            "net_income": 211277,
            "net_income_4q": null,
            "revenue": 4761335,
            "revenue_4q": null,
            "common_shares": 2786155,
            "book_valuer_per_share": 14.15,
            "book_valuer_per_share_4q_avg": 12.96,
            "equity": 3941073,
            "current_ratio": 211.31,
            "debt_ratio": 56.96,
            "inventory_turnover_ratio": 2.88,
            "account_receivable_turnover_ratio": 1.91,
            "reinvestment_rate": null,
            "research_to_sale_ratio": 0.17,
            "price_fair": 24.64,
            "eps_avg_yearly": 1.77,
            "eps_latest_yearly": 3.04,
            "eps_growth_yearly": 3.91
        },
        "20111": {
            "year_quarter": 20111,
            "year": 2011,
            "quarter": 1,
            "eps": 0.74,
            "eps_growth_year": 68.18,
            "eps_4q": 2.19,
            "eps_4q_growth_year": 18.51,
            "roe": 5,
            "roe_4q": 15.94,
            "gross_profit": 360290,
            "gross_margin": 8.43,
            "gross_margin_4q_avg": 7.07,
            "net_income": 205733,
            "net_income_4q": null,
            "revenue": 4274951,
            "revenue_4q": null,
            "common_shares": 2786155,
            "book_valuer_per_share": 15.4,
            "book_valuer_per_share_4q_avg": 13.74,
            "equity": 4291760,
            "current_ratio": 182.63,
            "debt_ratio": 59.56,
            "inventory_turnover_ratio": 2.22,
            "account_receivable_turnover_ratio": 1.55,
            "reinvestment_rate": null,
            "research_to_sale_ratio": 0.14,
            "price_fair": 23.24,
            "eps_avg_yearly": 1.92,
            "eps_latest_yearly": 2.96,
            "eps_growth_yearly": 2.1
        },
        "20112": {
            "year_quarter": 20112,
            "year": 2011,
            "quarter": 2,
            "eps": 0.38,
            "eps_growth_year": null,
            "eps_4q": 2.39,
            "eps_4q_growth_year": 122.16,
            "roe": 2.78,
            "roe_4q": 19.32,
            "gross_profit": 280812,
            "gross_margin": 5.51,
            "gross_margin_4q_avg": 7.59,
            "net_income": 117332,
            "net_income_4q": null,
            "revenue": 5094356,
            "revenue_4q": null,
            "common_shares": 2786155,
            "book_valuer_per_share": 14.94,
            "book_valuer_per_share_4q_avg": 14.44,
            "equity": 4161265,
            "current_ratio": 153.89,
            "debt_ratio": 57.48,
            "inventory_turnover_ratio": 2.19,
            "account_receivable_turnover_ratio": 1.91,
            "reinvestment_rate": null,
            "research_to_sale_ratio": 0.12,
            "price_fair": 5.63,
            "eps_avg_yearly": 1.88,
            "eps_latest_yearly": 1.52,
            "eps_growth_yearly": -19.75
        },
        "20113": {
            "year_quarter": 20113,
            "year": 2011,
            "quarter": 3,
            "eps": 0.14,
            "eps_growth_year": -82.26,
            "eps_4q": 1.85,
            "eps_4q_growth_year": 39.18,
            "roe": 0.99,
            "roe_4q": 14.309999999999999,
            "gross_profit": 187902,
            "gross_margin": 3.69,
            "gross_margin_4q_avg": 6.71,
            "net_income": 42236,
            "net_income_4q": null,
            "revenue": 5095545,
            "revenue_4q": null,
            "common_shares": 3120493,
            "book_valuer_per_share": 13.92,
            "book_valuer_per_share_4q_avg": 14.6,
            "equity": 4342895,
            "current_ratio": 151.26,
            "debt_ratio": 58.56,
            "inventory_turnover_ratio": 2.22,
            "account_receivable_turnover_ratio": 1.89,
            "reinvestment_rate": null,
            "research_to_sale_ratio": 0.12,
            "price_fair": 5.37,
            "eps_avg_yearly": 1.79,
            "eps_latest_yearly": 0.56,
            "eps_growth_yearly": -44.12
        },
        "20114": {
            "year_quarter": 20114,
            "year": 2011,
            "quarter": 4,
            "eps": -0.3,
            "eps_growth_year": -139.84,
            "eps_4q": 0.87,
            "eps_4q_growth_year": -54.01,
            "roe": -2.21,
            "roe_4q": 6.56,
            "gross_profit": 11237,
            "gross_margin": 0.28,
            "gross_margin_4q_avg": 4.48,
            "net_income": -94269,
            "net_income_4q": null,
            "revenue": 3968208,
            "revenue_4q": null,
            "common_shares": 3120493,
            "book_valuer_per_share": 13.39,
            "book_valuer_per_share_4q_avg": 14.41,
            "equity": 4177344,
            "current_ratio": 151.04,
            "debt_ratio": 58.37,
            "inventory_turnover_ratio": 1.93,
            "account_receivable_turnover_ratio": 1.35,
            "reinvestment_rate": null,
            "research_to_sale_ratio": 0.18,
            "price_fair": 5.81,
            "eps_avg_yearly": 1.94,
            "eps_latest_yearly": 0.56,
            "eps_growth_yearly": -23.87
        },
        "20121": {
            "year_quarter": 20121,
            "year": 2012,
            "quarter": 1,
            "eps": 0.23,
            "eps_growth_year": -68.92,
            "eps_4q": 0.44,
            "eps_4q_growth_year": -79.75,
            "roe": 1.72,
            "roe_4q": 3.28,
            "gross_profit": 221494,
            "gross_margin": 5.7,
            "gross_margin_4q_avg": 3.8,
            "net_income": 72861,
            "net_income_4q": null,
            "revenue": 3886390,
            "revenue_4q": null,
            "common_shares": 3120493,
            "book_valuer_per_share": 13.74,
            "book_valuer_per_share_4q_avg": 14,
            "equity": 4288385,
            "current_ratio": 145.28,
            "debt_ratio": 60.57,
            "inventory_turnover_ratio": 1.6,
            "account_receivable_turnover_ratio": 1.34,
            "reinvestment_rate": null,
            "research_to_sale_ratio": 0.17,
            "price_fair": 5.81,
            "eps_avg_yearly": 1.94,
            "eps_latest_yearly": 0.56,
            "eps_growth_yearly": -23.87
        },
        "20122": {
            "year_quarter": 20122,
            "year": 2012,
            "quarter": 2,
            "eps": -0.68,
            "eps_growth_year": -280.38,
            "eps_4q": -0.61,
            "eps_4q_growth_year": -125.68,
            "roe": -5.39,
            "roe_4q": -4.89,
            "gross_profit": -94787,
            "gross_margin": -1.99,
            "gross_margin_4q_avg": 1.92,
            "net_income": -222222,
            "net_income_4q": null,
            "revenue": 4753622,
            "revenue_4q": null,
            "common_shares": 3120493,
            "book_valuer_per_share": 12.69,
            "book_valuer_per_share_4q_avg": 13.44,
            "equity": 3960316,
            "current_ratio": 140.58,
            "debt_ratio": 60.27,
            "inventory_turnover_ratio": 2.1,
            "account_receivable_turnover_ratio": 1.55,
            "reinvestment_rate": null,
            "research_to_sale_ratio": 0.12,
            "price_fair": 5.81,
            "eps_avg_yearly": 1.94,
            "eps_latest_yearly": 0.56,
            "eps_growth_yearly": -23.87
        },
        "20123": {
            "year_quarter": 20123,
            "year": 2012,
            "quarter": 3,
            "eps": 0.24,
            "eps_growth_year": 74.99,
            "eps_4q": -0.51,
            "eps_4q_growth_year": -127.42,
            "roe": 1.94,
            "roe_4q": -3.9399999999999995,
            "gross_profit": 273445,
            "gross_margin": 5.22,
            "gross_margin_4q_avg": 2.3,
            "net_income": 77606,
            "net_income_4q": null,
            "revenue": 5239108,
            "revenue_4q": null,
            "common_shares": 3276518,
            "book_valuer_per_share": 12.38,
            "book_valuer_per_share_4q_avg": 13.05,
            "equity": 4056604,
            "current_ratio": 134.01,
            "debt_ratio": 61.86,
            "inventory_turnover_ratio": 2.64,
            "account_receivable_turnover_ratio": 1.62,
            "reinvestment_rate": null,
            "research_to_sale_ratio": 0.12,
            "price_fair": 5.81,
            "eps_avg_yearly": 1.94,
            "eps_latest_yearly": 0.56,
            "eps_growth_yearly": -23.87
        },
        "20124": {
            "year_quarter": 20124,
            "year": 2012,
            "quarter": 4,
            "eps": 0.02,
            "eps_growth_year": null,
            "eps_4q": -0.19,
            "eps_4q_growth_year": -122.4,
            "roe": 0.2,
            "roe_4q": -1.5299999999999996,
            "gross_profit": 235348,
            "gross_margin": 4.95,
            "gross_margin_4q_avg": 3.47,
            "net_income": 8008,
            "net_income_4q": null,
            "revenue": 4754475,
            "revenue_4q": null,
            "common_shares": 3276518,
            "book_valuer_per_share": 12.41,
            "book_valuer_per_share_4q_avg": 12.81,
            "equity": 4066123,
            "current_ratio": 140.31,
            "debt_ratio": 58.23,
            "inventory_turnover_ratio": 2.5,
            "account_receivable_turnover_ratio": 1.49,
            "reinvestment_rate": 69.78,
            "research_to_sale_ratio": 0.15,
            "price_fair": 5.19,
            "eps_avg_yearly": 1.73,
            "eps_latest_yearly": 0.08,
            "eps_growth_yearly": -61.96
        },
        "20131": {
            "year_quarter": 20131,
            "year": 2013,
            "quarter": 1,
            "eps": 0.16,
            "eps_growth_year": -30.43,
            "eps_4q": -0.26,
            "eps_4q_growth_year": -158.07,
            "roe": 1.28,
            "roe_4q": -1.9699999999999998,
            "gross_profit": 135729,
            "gross_margin": 3.09,
            "gross_margin_4q_avg": 2.82,
            "net_income": 52361,
            "net_income_4q": null,
            "revenue": 4389762,
            "revenue_4q": null,
            "common_shares": 3276518,
            "book_valuer_per_share": 12.5,
            "book_valuer_per_share_4q_avg": 12.5,
            "equity": 4096585,
            "current_ratio": 130.62,
            "debt_ratio": 62.48,
            "inventory_turnover_ratio": 1.93,
            "account_receivable_turnover_ratio": 1.41,
            "reinvestment_rate": 92.54,
            "research_to_sale_ratio": 0.14,
            "price_fair": 56.7,
            "eps_avg_yearly": 1.62,
            "eps_latest_yearly": 0.64,
            "eps_growth_yearly": 224.23
        },
        "20132": {
            "year_quarter": 20132,
            "year": 2013,
            "quarter": 2,
            "eps": 0.16,
            "eps_growth_year": null,
            "eps_4q": 0.58,
            "eps_4q_growth_year": null,
            "roe": 1.27,
            "roe_4q": 4.6899999999999995,
            "gross_profit": 130190,
            "gross_margin": 2.26,
            "gross_margin_4q_avg": 3.88,
            "net_income": 52624,
            "net_income_4q": null,
            "revenue": 5753362,
            "revenue_4q": null,
            "common_shares": 3276518,
            "book_valuer_per_share": 12.72,
            "book_valuer_per_share_4q_avg": 12.5,
            "equity": 4167879,
            "current_ratio": 162,
            "debt_ratio": 61.01,
            "inventory_turnover_ratio": 2.3,
            "account_receivable_turnover_ratio": 1.93,
            "reinvestment_rate": 123.23,
            "research_to_sale_ratio": 0.09,
            "price_fair": 49.14,
            "eps_avg_yearly": 1.4,
            "eps_latest_yearly": 0.64,
            "eps_growth_yearly": 210.39
        },
        "20133": {
            "year_quarter": 20133,
            "year": 2013,
            "quarter": 3,
            "eps": -0.02,
            "eps_growth_year": -108.44,
            "eps_4q": 0.32,
            "eps_4q_growth_year": null,
            "roe": -0.19,
            "roe_4q": 2.5600000000000005,
            "gross_profit": 160104,
            "gross_margin": 2.69,
            "gross_margin_4q_avg": 3.25,
            "net_income": -8115,
            "net_income_4q": null,
            "revenue": 5961926,
            "revenue_4q": null,
            "common_shares": 3276518,
            "book_valuer_per_share": 12.71,
            "book_valuer_per_share_4q_avg": 12.59,
            "equity": 4163866,
            "current_ratio": 150.03,
            "debt_ratio": 63.99,
            "inventory_turnover_ratio": 2.72,
            "account_receivable_turnover_ratio": 1.8,
            "reinvestment_rate": 160.09,
            "research_to_sale_ratio": 0.1,
            "price_fair": 46.67,
            "eps_avg_yearly": 1.33,
            "eps_latest_yearly": 0.64,
            "eps_growth_yearly": 245.83
        },
        "20134": {
            "year_quarter": 20134,
            "year": 2013,
            "quarter": 4,
            "eps": -0.24,
            "eps_growth_year": -1092.58,
            "eps_4q": 0.05,
            "eps_4q_growth_year": null,
            "roe": -1.93,
            "roe_4q": 0.42999999999999994,
            "gross_profit": 82854,
            "gross_margin": 1.55,
            "gross_margin_4q_avg": 2.4,
            "net_income": -79487,
            "net_income_4q": null,
            "revenue": 5333911,
            "revenue_4q": null,
            "common_shares": 3276518,
            "book_valuer_per_share": 12.49,
            "book_valuer_per_share_4q_avg": 12.61,
            "equity": 4092193,
            "current_ratio": 132.46,
            "debt_ratio": 67,
            "inventory_turnover_ratio": 2.19,
            "account_receivable_turnover_ratio": 1.41,
            "reinvestment_rate": 121.03,
            "research_to_sale_ratio": 0.11,
            "price_fair": 49,
            "eps_avg_yearly": 1.4,
            "eps_latest_yearly": 0.64,
            "eps_growth_yearly": 306.95
        },
        "20141": {
            "year_quarter": 20141,
            "year": 2014,
            "quarter": 1,
            "eps": -0.65,
            "eps_growth_year": -506.25,
            "eps_4q": -0.76,
            "eps_4q_growth_year": null,
            "roe": -5.34,
            "roe_4q": -6.1899999999999995,
            "gross_profit": -6095,
            "gross_margin": -0.14,
            "gross_margin_4q_avg": 1.59,
            "net_income": -212860,
            "net_income_4q": null,
            "revenue": 4363504,
            "revenue_4q": null,
            "common_shares": 3276518,
            "book_valuer_per_share": 11.83,
            "book_valuer_per_share_4q_avg": 12.44,
            "equity": 3874839,
            "current_ratio": 129.16,
            "debt_ratio": 71.01,
            "inventory_turnover_ratio": 1.36,
            "account_receivable_turnover_ratio": 1.15,
            "reinvestment_rate": 231.43,
            "research_to_sale_ratio": 0.11,
            "price_fair": 47.2,
            "eps_avg_yearly": 1.35,
            "eps_latest_yearly": 0.64,
            "eps_growth_yearly": 282.23
        },
        "20142": {
            "year_quarter": 20142,
            "year": 2014,
            "quarter": 2,
            "eps": -0.24,
            "eps_growth_year": -250,
            "eps_4q": -1.16,
            "eps_4q_growth_year": -299.53,
            "roe": -2.09,
            "roe_4q": -9.549999999999999,
            "gross_profit": 125116,
            "gross_margin": 2.19,
            "gross_margin_4q_avg": 1.57,
            "net_income": -79838,
            "net_income_4q": null,
            "revenue": 5721611,
            "revenue_4q": null,
            "common_shares": 3276518,
            "book_valuer_per_share": 11.48,
            "book_valuer_per_share_4q_avg": 12.13,
            "equity": 3760964,
            "current_ratio": 129.66,
            "debt_ratio": 70.85,
            "inventory_turnover_ratio": 1.68,
            "account_receivable_turnover_ratio": 1.51,
            "reinvestment_rate": 266.37,
            "research_to_sale_ratio": 0.08,
            "price_fair": 47.2,
            "eps_avg_yearly": 1.35,
            "eps_latest_yearly": 0.64,
            "eps_growth_yearly": 282.23
        },
        "20143": {
            "year_quarter": 20143,
            "year": 2014,
            "quarter": 3,
            "eps": -0.34,
            "eps_growth_year": null,
            "eps_4q": -1.48,
            "eps_4q_growth_year": -561.57,
            "roe": -3.04,
            "roe_4q": -12.399999999999999,
            "gross_profit": 48243,
            "gross_margin": 0.83,
            "gross_margin_4q_avg": 1.11,
            "net_income": -111898,
            "net_income_4q": null,
            "revenue": 5827497,
            "revenue_4q": null,
            "common_shares": 3276518,
            "book_valuer_per_share": 11,
            "book_valuer_per_share_4q_avg": 11.7,
            "equity": 3602541,
            "current_ratio": 135.28,
            "debt_ratio": 71.34,
            "inventory_turnover_ratio": 2.05,
            "account_receivable_turnover_ratio": 1.56,
            "reinvestment_rate": 2382.02,
            "research_to_sale_ratio": 0.09,
            "price_fair": 47.2,
            "eps_avg_yearly": 1.35,
            "eps_latest_yearly": 0.64,
            "eps_growth_yearly": 282.23
        },
        "20144": {
            "year_quarter": 20144,
            "year": 2014,
            "quarter": 4,
            "eps": -0.69,
            "eps_growth_year": null,
            "eps_4q": -1.93,
            "eps_4q_growth_year": -3731.07,
            "roe": -6.41,
            "roe_4q": -16.88,
            "gross_profit": -88600,
            "gross_margin": -1.76,
            "gross_margin_4q_avg": 0.28,
            "net_income": -226590,
            "net_income_4q": null,
            "revenue": 5021204,
            "revenue_4q": null,
            "common_shares": 3276518,
            "book_valuer_per_share": 10.59,
            "book_valuer_per_share_4q_avg": 11.23,
            "equity": 3470574,
            "current_ratio": 134.42,
            "debt_ratio": 68.43,
            "inventory_turnover_ratio": 2.37,
            "account_receivable_turnover_ratio": 1.39,
            "reinvestment_rate": null,
            "research_to_sale_ratio": 0.1,
            "price_fair": 37.33,
            "eps_avg_yearly": 1.07,
            "eps_latest_yearly": 0.64,
            "eps_growth_yearly": 329.26
        },
        "20151": {
            "year_quarter": 20151,
            "year": 2015,
            "quarter": 1,
            "eps": 0.25,
            "eps_growth_year": null,
            "eps_4q": -1.03,
            "eps_4q_growth_year": null,
            "roe": 2.36,
            "roe_4q": -9.18,
            "gross_profit": 276102,
            "gross_margin": 6.78,
            "gross_margin_4q_avg": 2.01,
            "net_income": 82198,
            "net_income_4q": null,
            "revenue": 4075100,
            "revenue_4q": null,
            "common_shares": 3276518,
            "book_valuer_per_share": 10.7,
            "book_valuer_per_share_4q_avg": 10.94,
            "equity": 3505560,
            "current_ratio": 141.48,
            "debt_ratio": 65.9,
            "inventory_turnover_ratio": 2.35,
            "account_receivable_turnover_ratio": 1.28,
            "reinvestment_rate": null,
            "research_to_sale_ratio": 0.12,
            "price_fair": 24.08,
            "eps_avg_yearly": 0.69,
            "eps_latest_yearly": 0.64,
            "eps_growth_yearly": 397.22
        },
        "20152": {
            "year_quarter": 20152,
            "year": 2015,
            "quarter": 2,
            "eps": 0.58,
            "eps_growth_year": null,
            "eps_4q": -0.2,
            "eps_4q_growth_year": null,
            "roe": 5.33,
            "roe_4q": -1.7600000000000007,
            "gross_profit": 409366,
            "gross_margin": 8.14,
            "gross_margin_4q_avg": 3.5,
            "net_income": 190194,
            "net_income_4q": null,
            "revenue": 5026391,
            "revenue_4q": null,
            "common_shares": 3276518,
            "book_valuer_per_share": 11.07,
            "book_valuer_per_share_4q_avg": 10.84,
            "equity": 3626238,
            "current_ratio": 139.75,
            "debt_ratio": 66.94,
            "inventory_turnover_ratio": 2.91,
            "account_receivable_turnover_ratio": 1.69,
            "reinvestment_rate": null,
            "research_to_sale_ratio": 0.1,
            "price_fair": 29.68,
            "eps_avg_yearly": 0.85,
            "eps_latest_yearly": 2.32,
            "eps_growth_yearly": 541.74
        },
        "20153": {
            "year_quarter": 20153,
            "year": 2015,
            "quarter": 3,
            "eps": -0.55,
            "eps_growth_year": null,
            "eps_4q": -0.41,
            "eps_4q_growth_year": null,
            "roe": -5.11,
            "roe_4q": -3.8300000000000005,
            "gross_profit": -12218,
            "gross_margin": -0.3,
            "gross_margin_4q_avg": 3.22,
            "net_income": -181325,
            "net_income_4q": null,
            "revenue": 4090059,
            "revenue_4q": null,
            "common_shares": 3276518,
            "book_valuer_per_share": 10.57,
            "book_valuer_per_share_4q_avg": 10.73,
            "equity": 3464609,
            "current_ratio": 148.13,
            "debt_ratio": 63.68,
            "inventory_turnover_ratio": 2.69,
            "account_receivable_turnover_ratio": 1.41,
            "reinvestment_rate": null,
            "research_to_sale_ratio": 0.1,
            "price_fair": 32.2,
            "eps_avg_yearly": 0.92,
            "eps_latest_yearly": 2.32,
            "eps_growth_yearly": 740.33
        },
        "20154": {
            "year_quarter": 20154,
            "year": 2015,
            "quarter": 4,
            "eps": -0.07,
            "eps_growth_year": null,
            "eps_4q": 0.21,
            "eps_4q_growth_year": null,
            "roe": -0.69,
            "roe_4q": 1.8899999999999992,
            "gross_profit": 199031,
            "gross_margin": 5.19,
            "gross_margin_4q_avg": 4.95,
            "net_income": -23542,
            "net_income_4q": null,
            "revenue": 3836565,
            "revenue_4q": null,
            "common_shares": 3276518,
            "book_valuer_per_share": 10.3,
            "book_valuer_per_share_4q_avg": 10.66,
            "equity": 3375083,
            "current_ratio": 140.56,
            "debt_ratio": 63.4,
            "inventory_turnover_ratio": 2.79,
            "account_receivable_turnover_ratio": 1.46,
            "reinvestment_rate": null,
            "research_to_sale_ratio": 0.12,
            "price_fair": 32.2,
            "eps_avg_yearly": 0.92,
            "eps_latest_yearly": 2.32,
            "eps_growth_yearly": 740.33
        },
        "20161": {
            "year_quarter": 20161,
            "year": 2016,
            "quarter": 1,
            "eps": 0.15,
            "eps_growth_year": -40,
            "eps_4q": 0.11,
            "eps_4q_growth_year": null,
            "roe": 1.47,
            "roe_4q": 1,
            "gross_profit": 257531,
            "gross_margin": 6.98,
            "gross_margin_4q_avg": 5,
            "net_income": 49775,
            "net_income_4q": null,
            "revenue": 3689655,
            "revenue_4q": null,
            "common_shares": 3276518,
            "book_valuer_per_share": 10.41,
            "book_valuer_per_share_4q_avg": 10.59,
            "equity": 3412449,
            "current_ratio": 142.48,
            "debt_ratio": 62.9,
            "inventory_turnover_ratio": 2.65,
            "account_receivable_turnover_ratio": 1.53,
            "reinvestment_rate": null,
            "research_to_sale_ratio": 0.12,
            "price_fair": 32.2,
            "eps_avg_yearly": 0.92,
            "eps_latest_yearly": 2.32,
            "eps_growth_yearly": 740.33
        },
        "20162": {
            "year_quarter": 20162,
            "year": 2016,
            "quarter": 2,
            "eps": 0.04,
            "eps_growth_year": -93.1,
            "eps_4q": -0.43,
            "eps_4q_growth_year": null,
            "roe": 0.4,
            "roe_4q": -3.93,
            "gross_profit": 206381,
            "gross_margin": 4.96,
            "gross_margin_4q_avg": 4.21,
            "net_income": 13532,
            "net_income_4q": null,
            "revenue": 4162716,
            "revenue_4q": null,
            "common_shares": 3276518,
            "book_valuer_per_share": 10.27,
            "book_valuer_per_share_4q_avg": 10.39,
            "equity": 3364933,
            "current_ratio": 144.59,
            "debt_ratio": 62.17,
            "inventory_turnover_ratio": 2.74,
            "account_receivable_turnover_ratio": 1.79,
            "reinvestment_rate": null,
            "research_to_sale_ratio": 0.11,
            "price_fair": 26.88,
            "eps_avg_yearly": 0.77,
            "eps_latest_yearly": 0.16,
            "eps_growth_yearly": 533.6
        },
        "20163": {
            "year_quarter": 20163,
            "year": 2016,
            "quarter": 3,
            "eps": -0.14,
            "eps_growth_year": null,
            "eps_4q": -0.02,
            "eps_4q_growth_year": null,
            "roe": -1.36,
            "roe_4q": -0.18000000000000005,
            "gross_profit": 134801,
            "gross_margin": 3.49,
            "gross_margin_4q_avg": 5.16,
            "net_income": -45318,
            "net_income_4q": null,
            "revenue": 3862114,
            "revenue_4q": null,
            "common_shares": 3276518,
            "book_valuer_per_share": 10.11,
            "book_valuer_per_share_4q_avg": 10.27,
            "equity": 3312534,
            "current_ratio": 148.11,
            "debt_ratio": 60.65,
            "inventory_turnover_ratio": 2.52,
            "account_receivable_turnover_ratio": 1.77,
            "reinvestment_rate": null,
            "research_to_sale_ratio": 0.13,
            "price_fair": 26.88,
            "eps_avg_yearly": 0.77,
            "eps_latest_yearly": 0.16,
            "eps_growth_yearly": 533.6
        },
        "20164": {
            "year_quarter": 20164,
            "year": 2016,
            "quarter": 4,
            "eps": 0.31,
            "eps_growth_year": null,
            "eps_4q": 0.37,
            "eps_4q_growth_year": 79.01,
            "roe": 3.08,
            "roe_4q": 3.59,
            "gross_profit": 346543,
            "gross_margin": 7.37,
            "gross_margin_4q_avg": 5.7,
            "net_income": 102888,
            "net_income_4q": null,
            "revenue": 4704570,
            "revenue_4q": null,
            "common_shares": 3276518,
            "book_valuer_per_share": 10.31,
            "book_valuer_per_share_4q_avg": 10.28,
            "equity": 3379118,
            "current_ratio": 151.09,
            "debt_ratio": 60.14,
            "inventory_turnover_ratio": 3.07,
            "account_receivable_turnover_ratio": 2.24,
            "reinvestment_rate": null,
            "research_to_sale_ratio": 0.1,
            "price_fair": 32.9,
            "eps_avg_yearly": 0.94,
            "eps_latest_yearly": 0.16,
            "eps_growth_yearly": 758.67
        },
        "20171": {
            "year_quarter": 20171,
            "year": 2017,
            "quarter": 1,
            "eps": 0.28,
            "eps_growth_year": 86.67,
            "eps_4q": 0.5,
            "eps_4q_growth_year": 362.18,
            "roe": 2.68,
            "roe_4q": 4.8,
            "gross_profit": 334370,
            "gross_margin": 7.4,
            "gross_margin_4q_avg": 5.81,
            "net_income": 91131,
            "net_income_4q": null,
            "revenue": 4518603,
            "revenue_4q": null,
            "common_shares": 3276518,
            "book_valuer_per_share": 10.42,
            "book_valuer_per_share_4q_avg": 10.28,
            "equity": 3414865,
            "current_ratio": 152.21,
            "debt_ratio": 60.1,
            "inventory_turnover_ratio": 2.68,
            "account_receivable_turnover_ratio": 2.06,
            "reinvestment_rate": null,
            "research_to_sale_ratio": 0.12,
            "price_fair": 37.1,
            "eps_avg_yearly": 1.06,
            "eps_latest_yearly": 1.12,
            "eps_growth_yearly": 48.99
        },
        "20172": {
            "year_quarter": 20172,
            "year": 2017,
            "quarter": 2,
            "eps": -0.2,
            "eps_growth_year": -600,
            "eps_4q": 0.26,
            "eps_4q_growth_year": null,
            "roe": -1.91,
            "roe_4q": 2.49,
            "gross_profit": 98538,
            "gross_margin": 2.13,
            "gross_margin_4q_avg": 5.1,
            "net_income": -64809,
            "net_income_4q": null,
            "revenue": 4618697,
            "revenue_4q": null,
            "common_shares": 3276518,
            "book_valuer_per_share": 10.29,
            "book_valuer_per_share_4q_avg": 10.28,
            "equity": 3370312,
            "current_ratio": 158.43,
            "debt_ratio": 57.96,
            "inventory_turnover_ratio": 3.37,
            "account_receivable_turnover_ratio": 2.14,
            "reinvestment_rate": null,
            "research_to_sale_ratio": 0.1,
            "price_fair": 42,
            "eps_avg_yearly": 1.2,
            "eps_latest_yearly": 1.12,
            "eps_growth_yearly": 65.32
        },
        "20173": {
            "year_quarter": 20173,
            "year": 2017,
            "quarter": 3,
            "eps": 0.71,
            "eps_growth_year": null,
            "eps_4q": 1.1,
            "eps_4q_growth_year": null,
            "roe": 6.63,
            "roe_4q": 10.48,
            "gross_profit": 516152,
            "gross_margin": 9.91,
            "gross_margin_4q_avg": 6.7,
            "net_income": 232251,
            "net_income_4q": null,
            "revenue": 5209616,
            "revenue_4q": null,
            "common_shares": 3276518,
            "book_valuer_per_share": 11.11,
            "book_valuer_per_share_4q_avg": 10.53,
            "equity": 3640339,
            "current_ratio": 163.04,
            "debt_ratio": 57.11,
            "inventory_turnover_ratio": 4.34,
            "account_receivable_turnover_ratio": 2.14,
            "reinvestment_rate": null,
            "research_to_sale_ratio": 0.1,
            "price_fair": 42,
            "eps_avg_yearly": 1.2,
            "eps_latest_yearly": 1.12,
            "eps_growth_yearly": 65.32
        },
        "20174": {
            "year_quarter": 20174,
            "year": 2017,
            "quarter": 4,
            "eps": 0.74,
            "eps_growth_year": 136.67,
            "eps_4q": 1.53,
            "eps_4q_growth_year": 315.36,
            "roe": 6.45,
            "roe_4q": 13.85,
            "gross_profit": 484644,
            "gross_margin": 8.85,
            "gross_margin_4q_avg": 7.07,
            "net_income": 243506,
            "net_income_4q": null,
            "revenue": 5474126,
            "revenue_4q": null,
            "common_shares": 3276518,
            "book_valuer_per_share": 11.92,
            "book_valuer_per_share_4q_avg": 10.94,
            "equity": 3905550,
            "current_ratio": 169.61,
            "debt_ratio": 55.68,
            "inventory_turnover_ratio": 4.06,
            "account_receivable_turnover_ratio": 1.94,
            "reinvestment_rate": -413.57,
            "research_to_sale_ratio": 0.11,
            "price_fair": 57.4,
            "eps_avg_yearly": 1.64,
            "eps_latest_yearly": 2.96,
            "eps_growth_yearly": 53.21
        },
        "20181": {
            "year_quarter": 20181,
            "year": 2018,
            "quarter": 1,
            "eps": 0.58,
            "eps_growth_year": 107.14,
            "eps_4q": 1.83,
            "eps_4q_growth_year": 270.21,
            "roe": 4.73,
            "roe_4q": 15.899999999999999,
            "gross_profit": 375252,
            "gross_margin": 7.75,
            "gross_margin_4q_avg": 7.16,
            "net_income": 189651,
            "net_income_4q": null,
            "revenue": 4842167,
            "revenue_4q": null,
            "common_shares": 3276518,
            "book_valuer_per_share": 12.55,
            "book_valuer_per_share_4q_avg": 11.47,
            "equity": 4111460,
            "current_ratio": 161.08,
            "debt_ratio": 54.42,
            "inventory_turnover_ratio": 3.26,
            "account_receivable_turnover_ratio": 1.76,
            "reinvestment_rate": -107.72,
            "research_to_sale_ratio": 0.1,
            "price_fair": 62.16,
            "eps_avg_yearly": 1.78,
            "eps_latest_yearly": 2.32,
            "eps_growth_yearly": 25.27
        },
        "20182": {
            "year_quarter": 20182,
            "year": 2018,
            "quarter": 2,
            "eps": 0.59,
            "eps_growth_year": null,
            "eps_4q": 2.62,
            "eps_4q_growth_year": 922.7,
            "roe": 4.6,
            "roe_4q": 22.41,
            "gross_profit": 467723,
            "gross_margin": 7.87,
            "gross_margin_4q_avg": 8.6,
            "net_income": 192553,
            "net_income_4q": null,
            "revenue": 5945970,
            "revenue_4q": null,
            "common_shares": 3276518,
            "book_valuer_per_share": 12.99,
            "book_valuer_per_share_4q_avg": 12.14,
            "equity": 4255289,
            "current_ratio": 162.89,
            "debt_ratio": 54.78,
            "inventory_turnover_ratio": 3.72,
            "account_receivable_turnover_ratio": 2.09,
            "reinvestment_rate": -64.99,
            "research_to_sale_ratio": 0.09,
            "price_fair": 60.34,
            "eps_avg_yearly": 1.87,
            "eps_latest_yearly": 2.36,
            "eps_growth_yearly": 22.21
        },
        "20183": {
            "year_quarter": 20183,
            "year": 2018,
            "quarter": 3,
            "eps": 0,
            "eps_growth_year": -100,
            "eps_4q": 1.91,
            "eps_4q_growth_year": 73.51,
            "roe": 0.03,
            "roe_4q": 15.809999999999999,
            "gross_profit": 205168,
            "gross_margin": 3.54,
            "gross_margin_4q_avg": 7,
            "net_income": 1455,
            "net_income_4q": null,
            "revenue": 5797437,
            "revenue_4q": null,
            "common_shares": 3276518,
            "book_valuer_per_share": 12.79,
            "book_valuer_per_share_4q_avg": 12.56,
            "equity": 4191398,
            "current_ratio": 154.58,
            "debt_ratio": 57.02,
            "inventory_turnover_ratio": 3.1,
            "account_receivable_turnover_ratio": 1.96,
            "reinvestment_rate": -48.6,
            "research_to_sale_ratio": 0.13,
            "price_fair": 60.34,
            "eps_avg_yearly": 1.87,
            "eps_latest_yearly": 2.36,
            "eps_growth_yearly": 22.21
        },
        "20184": {
            "year_quarter": 20184,
            "year": 2018,
            "quarter": 4,
            "eps": -0.54,
            "eps_growth_year": -172.15,
            "eps_4q": 0.63,
            "eps_4q_growth_year": -58.58,
            "roe": -4.29,
            "roe_4q": 5.07,
            "gross_profit": -4400,
            "gross_margin": -0.09,
            "gross_margin_4q_avg": 4.77,
            "net_income": -175686,
            "net_income_4q": null,
            "revenue": 5098128,
            "revenue_4q": null,
            "common_shares": 3276518,
            "book_valuer_per_share": 12.18,
            "book_valuer_per_share_4q_avg": 12.63,
            "equity": 3991957,
            "current_ratio": 162.56,
            "debt_ratio": 54.26,
            "inventory_turnover_ratio": 3.1,
            "account_receivable_turnover_ratio": 1.77,
            "reinvestment_rate": -54.42,
            "research_to_sale_ratio": 0.11,
            "price_fair": 60.34,
            "eps_avg_yearly": 1.87,
            "eps_latest_yearly": 2.36,
            "eps_growth_yearly": 22.21
        },
        "20191": {
            "year_quarter": 20191,
            "year": 2019,
            "quarter": 1,
            "eps": 0.6,
            "eps_growth_year": 3.45,
            "eps_4q": 0.65,
            "eps_4q_growth_year": -64.44,
            "roe": 4.75,
            "roe_4q": 5.09,
            "gross_profit": 393182,
            "gross_margin": 8.55,
            "gross_margin_4q_avg": 4.97,
            "net_income": 195224,
            "net_income_4q": null,
            "revenue": 4600156,
            "revenue_4q": null,
            "common_shares": 3276518,
            "book_valuer_per_share": 12.91,
            "book_valuer_per_share_4q_avg": 12.72,
            "equity": 4228617,
            "current_ratio": 182.52,
            "debt_ratio": 50.41,
            "inventory_turnover_ratio": 3.83,
            "account_receivable_turnover_ratio": 1.67,
            "reinvestment_rate": -43.81,
            "research_to_sale_ratio": 0.13,
            "price_fair": 60.34,
            "eps_avg_yearly": 1.87,
            "eps_latest_yearly": 2.36,
            "eps_growth_yearly": 22.21
        },
        "20192": {
            "year_quarter": 20192,
            "year": 2019,
            "quarter": 2,
            "eps": 0.33,
            "eps_growth_year": -44.07,
            "eps_4q": 0.39,
            "eps_4q_growth_year": -84.99,
            "roe": 2.61,
            "roe_4q": 3.099999999999999,
            "gross_profit": 337058,
            "gross_margin": 7.52,
            "gross_margin_4q_avg": 4.88,
            "net_income": 110366,
            "net_income_4q": null,
            "revenue": 4481740,
            "revenue_4q": null,
            "common_shares": 3276518,
            "book_valuer_per_share": 12.93,
            "book_valuer_per_share_4q_avg": 12.7,
            "equity": 4234989,
            "current_ratio": 191.22,
            "debt_ratio": 49.06,
            "inventory_turnover_ratio": 4.66,
            "account_receivable_turnover_ratio": 1.79,
            "reinvestment_rate": -42.71,
            "research_to_sale_ratio": 0.15,
            "price_fair": 5.12,
            "eps_avg_yearly": 1.71,
            "eps_latest_yearly": 1.32,
            "eps_growth_yearly": -95.79
        },
        "20193": {
            "year_quarter": 20193,
            "year": 2019,
            "quarter": 3,
            "eps": 0.03,
            "eps_growth_year": null,
            "eps_4q": 0.42,
            "eps_4q_growth_year": -78.17,
            "roe": 0.23,
            "roe_4q": 3.3,
            "gross_profit": 198487,
            "gross_margin": 4.53,
            "gross_margin_4q_avg": 5.13,
            "net_income": 9772,
            "net_income_4q": null,
            "revenue": 4382791,
            "revenue_4q": null,
            "common_shares": 3342048,
            "book_valuer_per_share": 12.61,
            "book_valuer_per_share_4q_avg": 12.66,
            "equity": 4213848,
            "current_ratio": 189.59,
            "debt_ratio": 49.19,
            "inventory_turnover_ratio": 5.77,
            "account_receivable_turnover_ratio": 1.79,
            "reinvestment_rate": -39.01,
            "research_to_sale_ratio": 0.14,
            "price_fair": 4.44,
            "eps_avg_yearly": 1.48,
            "eps_latest_yearly": 0.12,
            "eps_growth_yearly": -134.05
        },
        "20194": {
            "year_quarter": 20194,
            "year": 2019,
            "quarter": 4,
            "eps": 0.25,
            "eps_growth_year": null,
            "eps_4q": 1.19,
            "eps_4q_growth_year": 87.61,
            "roe": 1.94,
            "roe_4q": 9.53,
            "gross_profit": 317339,
            "gross_margin": 7.54,
            "gross_margin_4q_avg": 7.04,
            "net_income": 82615,
            "net_income_4q": null,
            "revenue": 4207517,
            "revenue_4q": null,
            "common_shares": 3342048,
            "book_valuer_per_share": 12.87,
            "book_valuer_per_share_4q_avg": 12.83,
            "equity": 4299763,
            "current_ratio": 210.71,
            "debt_ratio": 46.28,
            "inventory_turnover_ratio": 5.35,
            "account_receivable_turnover_ratio": 1.79,
            "reinvestment_rate": -39.98,
            "research_to_sale_ratio": 0.16,
            "price_fair": 49.7,
            "eps_avg_yearly": 1.42,
            "eps_latest_yearly": 1,
            "eps_growth_yearly": 249.37
        },
        "20201": {
            "year_quarter": 20201,
            "year": 2020,
            "quarter": 1,
            "eps": 0.43,
            "eps_growth_year": -28.33,
            "eps_4q": 1.04,
            "eps_4q_growth_year": 59.54,
            "roe": 3.34,
            "roe_4q": 8.12,
            "gross_profit": 315044,
            "gross_margin": 10.65,
            "gross_margin_4q_avg": 7.56,
            "net_income": 144750,
            "net_income_4q": null,
            "revenue": 2958085,
            "revenue_4q": null,
            "common_shares": 3342048,
            "book_valuer_per_share": 13.03,
            "book_valuer_per_share_4q_avg": 12.86,
            "equity": 4356033,
            "current_ratio": 247.77,
            "debt_ratio": 42.42,
            "inventory_turnover_ratio": 3.35,
            "account_receivable_turnover_ratio": 1.52,
            "reinvestment_rate": -38.45,
            "research_to_sale_ratio": 0.2,
            "price_fair": 50.87,
            "eps_avg_yearly": 1.45,
            "eps_latest_yearly": 1.72,
            "eps_growth_yearly": 253.66
        },
        "20202": {
            "year_quarter": 20202,
            "year": 2020,
            "quarter": 2,
            "eps": 0.95,
            "eps_growth_year": 187.88,
            "eps_4q": 1.64,
            "eps_4q_growth_year": 316.27,
            "roe": 7.28,
            "roe_4q": 12.790000000000001,
            "gross_profit": 592847,
            "gross_margin": 16.62,
            "gross_margin_4q_avg": 9.84,
            "net_income": 326077,
            "net_income_4q": null,
            "revenue": 3566900,
            "revenue_4q": null,
            "common_shares": 3342048,
            "book_valuer_per_share": 13.77,
            "book_valuer_per_share_4q_avg": 13.07,
            "equity": 4601265,
            "current_ratio": 197.07,
            "debt_ratio": 43.07,
            "inventory_turnover_ratio": 4.58,
            "account_receivable_turnover_ratio": 2.15,
            "reinvestment_rate": -31.88,
            "research_to_sale_ratio": 0.15,
            "price_fair": 65.02,
            "eps_avg_yearly": 1.86,
            "eps_latest_yearly": 3.8,
            "eps_growth_yearly": 340
        },
        "20203": {
            "year_quarter": 20203,
            "year": 2020,
            "quarter": 3,
            "eps": 1.91,
            "eps_growth_year": 6266.67,
            "eps_4q": 3.52,
            "eps_4q_growth_year": 742.19,
            "roe": 13.19,
            "roe_4q": 25.75,
            "gross_profit": 994057,
            "gross_margin": 24,
            "gross_margin_4q_avg": 14.7,
            "net_income": 658181,
            "net_income_4q": null,
            "revenue": 4142679,
            "revenue_4q": null,
            "common_shares": 3442310,
            "book_valuer_per_share": 15.63,
            "book_valuer_per_share_4q_avg": 13.83,
            "equity": 5381243,
            "current_ratio": 240.21,
            "debt_ratio": 37.28,
            "inventory_turnover_ratio": 5.89,
            "account_receivable_turnover_ratio": 2.53,
            "reinvestment_rate": -21.58,
            "research_to_sale_ratio": 0.11,
            "price_fair": 85.26,
            "eps_avg_yearly": 2.44,
            "eps_latest_yearly": 7.64,
            "eps_growth_yearly": 346.42
        },
        "20204": {
            "year_quarter": 20204,
            "year": 2020,
            "quarter": 4,
            "eps": 2.3,
            "eps_growth_year": 829.34,
            "eps_4q": 5.58,
            "eps_4q_growth_year": 368.34,
            "roe": 13.48,
            "roe_4q": 37.290000000000006,
            "gross_profit": 1221324,
            "gross_margin": 25.28,
            "gross_margin_4q_avg": 19.14,
            "net_income": 790810,
            "net_income_4q": null,
            "revenue": 4830717,
            "revenue_4q": null,
            "common_shares": 3442310,
            "book_valuer_per_share": 18.46,
            "book_valuer_per_share_4q_avg": 15.22,
            "equity": 6355806,
            "current_ratio": 273.81,
            "debt_ratio": 31.26,
            "inventory_turnover_ratio": 5.38,
            "account_receivable_turnover_ratio": 2.5,
            "reinvestment_rate": -16.35,
            "research_to_sale_ratio": 0.1,
            "price_fair": 106.78,
            "eps_avg_yearly": 3.05,
            "eps_latest_yearly": 9.2,
            "eps_growth_yearly": 322.36
        },
        "20211": {
            "year_quarter": 20211,
            "year": 2021,
            "quarter": 1,
            "eps": 1.42,
            "eps_growth_year": 230.23,
            "eps_4q": 6.58,
            "eps_4q_growth_year": 532.45,
            "roe": 7.38,
            "roe_4q": 41.33,
            "gross_profit": 832680,
            "gross_margin": 18.36,
            "gross_margin_4q_avg": 21.07,
            "net_income": 488665,
            "net_income_4q": null,
            "revenue": 4536148,
            "revenue_4q": null,
            "common_shares": 3442310,
            "book_valuer_per_share": 20.03,
            "book_valuer_per_share_4q_avg": 16.97,
            "equity": 6894691,
            "current_ratio": 316.8,
            "debt_ratio": 28.03,
            "inventory_turnover_ratio": 4.87,
            "account_receivable_turnover_ratio": 2.1,
            "reinvestment_rate": -12.87,
            "research_to_sale_ratio": 0.12,
            "price_fair": 121.29,
            "eps_avg_yearly": 3.47,
            "eps_latest_yearly": 5.68,
            "eps_growth_yearly": 311.96
        },
        "20212": {
            "year_quarter": 20212,
            "year": 2021,
            "quarter": 2,
            "eps": 1.57,
            "eps_growth_year": 65.26,
            "eps_4q": 7.2,
            "eps_4q_growth_year": 340.29,
            "roe": 7.48,
            "roe_4q": 41.53,
            "gross_profit": 941429,
            "gross_margin": 16.91,
            "gross_margin_4q_avg": 21.14,
            "net_income": 542132,
            "net_income_4q": null,
            "revenue": 5567940,
            "revenue_4q": null,
            "common_shares": 3442310,
            "book_valuer_per_share": 22.07,
            "book_valuer_per_share_4q_avg": 19.05,
            "equity": 7596495,
            "current_ratio": 308.07,
            "debt_ratio": 28.51,
            "inventory_turnover_ratio": 4.98,
            "account_receivable_turnover_ratio": 2.49,
            "reinvestment_rate": -11,
            "research_to_sale_ratio": 0.09,
            "price_fair": 129.5,
            "eps_avg_yearly": 3.7,
            "eps_latest_yearly": 6.28,
            "eps_growth_yearly": 289.49
        },
        "20213": {
            "year_quarter": 20213,
            "year": 2021,
            "quarter": 3,
            "eps": 0.97,
            "eps_growth_year": -49.21,
            "eps_4q": 5.78,
            "eps_4q_growth_year": 64.35,
            "roe": 4.95,
            "roe_4q": 33.29,
            "gross_profit": 757291,
            "gross_margin": 14.14,
            "gross_margin_4q_avg": 18.67,
            "net_income": 368891,
            "net_income_4q": null,
            "revenue": 5357361,
            "revenue_4q": null,
            "common_shares": 3786541,
            "book_valuer_per_share": 19.34,
            "book_valuer_per_share_4q_avg": 19.98,
            "equity": 7322492,
            "current_ratio": 249.46,
            "debt_ratio": 30.48,
            "inventory_turnover_ratio": 4.48,
            "account_receivable_turnover_ratio": 2.22,
            "reinvestment_rate": -10.2,
            "research_to_sale_ratio": 0.08,
            "price_fair": 129.98,
            "eps_avg_yearly": 3.71,
            "eps_latest_yearly": 3.88,
            "eps_growth_yearly": 255.46
        },
        "20214": {
            "year_quarter": 20214,
            "year": 2021,
            "quarter": 4,
            "eps": 1.19,
            "eps_growth_year": -48.24,
            "eps_4q": 4.89,
            "eps_4q_growth_year": -12.4,
            "roe": 6.01,
            "roe_4q": 25.82,
            "gross_profit": 854556,
            "gross_margin": 16.09,
            "gross_margin_4q_avg": 16.38,
            "net_income": 450244,
            "net_income_4q": null,
            "revenue": 5309716,
            "revenue_4q": null,
            "common_shares": 3786541,
            "book_valuer_per_share": 20.23,
            "book_valuer_per_share_4q_avg": 20.42,
            "equity": 7661813,
            "current_ratio": 311.13,
            "debt_ratio": 28.69,
            "inventory_turnover_ratio": 4.12,
            "account_receivable_turnover_ratio": 2.16,
            "reinvestment_rate": -11.15,
            "research_to_sale_ratio": 0.07,
            "price_fair": 134.83,
            "eps_avg_yearly": 3.85,
            "eps_latest_yearly": 4.76,
            "eps_growth_yearly": 261.14
        },
        "20221": {
            "year_quarter": 20221,
            "year": 2022,
            "quarter": 1,
            "eps": 0.68,
            "eps_growth_year": -52.11,
            "eps_4q": 4.28,
            "eps_4q_growth_year": -34.94,
            "roe": 3.31,
            "roe_4q": 21.75,
            "gross_profit": 610085,
            "gross_margin": 13.45,
            "gross_margin_4q_avg": 15.15,
            "net_income": 258890,
            "net_income_4q": null,
            "revenue": 4535929,
            "revenue_4q": null,
            "common_shares": 3786541,
            "book_valuer_per_share": 21.1,
            "book_valuer_per_share_4q_avg": 20.69,
            "equity": 7988948,
            "current_ratio": 362.71,
            "debt_ratio": 22.79,
            "inventory_turnover_ratio": 3.25,
            "account_receivable_turnover_ratio": 1.94,
            "reinvestment_rate": -5.63,
            "research_to_sale_ratio": 0.09,
            "price_fair": 135.91,
            "eps_avg_yearly": 3.88,
            "eps_latest_yearly": 2.72,
            "eps_growth_yearly": 254.6
        },
        "20222": {
            "year_quarter": 20222,
            "year": 2022,
            "quarter": 2,
            "eps": 0.42,
            "eps_growth_year": -73.25,
            "eps_4q": 3.11,
            "eps_4q_growth_year": -56.79,
            "roe": 2.1,
            "roe_4q": 16.37,
            "gross_profit": 552127,
            "gross_margin": 11.01,
            "gross_margin_4q_avg": 13.67,
            "net_income": 159538,
            "net_income_4q": null,
            "revenue": 5015395,
            "revenue_4q": null,
            "common_shares": 3786541,
            "book_valuer_per_share": 19,
            "book_valuer_per_share_4q_avg": 19.92,
            "equity": 7195547,
            "current_ratio": 272.32,
            "debt_ratio": 29.23,
            "inventory_turnover_ratio": 3.29,
            "account_receivable_turnover_ratio": 2.36,
            "reinvestment_rate": -5.99,
            "research_to_sale_ratio": 0.08,
            "price_fair": 134.08,
            "eps_avg_yearly": 3.83,
            "eps_latest_yearly": 1.68,
            "eps_growth_yearly": 242.31
        },
        "20223": {
            "year_quarter": 20223,
            "year": 2022,
            "quarter": 3,
            "eps": 0.09,
            "eps_growth_year": -90.72,
            "eps_4q": 2.28,
            "eps_4q_growth_year": -60.66,
            "roe": 0.5,
            "roe_4q": 11.92,
            "gross_profit": 359090,
            "gross_margin": 7.66,
            "gross_margin_4q_avg": 12.05,
            "net_income": 36184,
            "net_income_4q": null,
            "revenue": 4688096,
            "revenue_4q": null,
            "common_shares": 3975868,
            "book_valuer_per_share": 18.17,
            "book_valuer_per_share_4q_avg": 19.63,
            "equity": 7224634,
            "current_ratio": 399.23,
            "debt_ratio": 26.03,
            "inventory_turnover_ratio": 3.07,
            "account_receivable_turnover_ratio": 2.34,
            "reinvestment_rate": -6.34,
            "research_to_sale_ratio": 0.08,
            "price_fair": 125.4,
            "eps_avg_yearly": 3.58,
            "eps_latest_yearly": 0.36,
            "eps_growth_yearly": 202.55
        },
        "20224": {
            "year_quarter": 20224,
            "year": 2022,
            "quarter": 4,
            "eps": -0.11,
            "eps_growth_year": -109,
            "eps_4q": 1.04,
            "eps_4q_growth_year": -78.79,
            "roe": -0.59,
            "roe_4q": 5.32,
            "gross_profit": 238823,
            "gross_margin": 6.21,
            "gross_margin_4q_avg": 9.58,
            "net_income": -42534,
            "net_income_4q": null,
            "revenue": 3844379,
            "revenue_4q": null,
            "common_shares": 3975868,
            "book_valuer_per_share": 18.12,
            "book_valuer_per_share_4q_avg": 19.1,
            "equity": 7206214,
            "current_ratio": 442.35,
            "debt_ratio": 22.02,
            "inventory_turnover_ratio": 3.15,
            "account_receivable_turnover_ratio": 2.13,
            "reinvestment_rate": -5.85,
            "research_to_sale_ratio": 0.1,
            "price_fair": 125.4,
            "eps_avg_yearly": 3.58,
            "eps_latest_yearly": 0.36,
            "eps_growth_yearly": 202.55
        },
        "20231": {
            "year_quarter": 20231,
            "year": 2023,
            "quarter": 1,
            "eps": -0.18,
            "eps_growth_year": -126.47,
            "eps_4q": 0.2,
            "eps_4q_growth_year": -95.21,
            "roe": -0.99,
            "roe_4q": 1.02,
            "gross_profit": 99965,
            "gross_margin": 2.8,
            "gross_margin_4q_avg": 6.92,
            "net_income": -71705,
            "net_income_4q": null,
            "revenue": 3575071,
            "revenue_4q": null,
            "common_shares": 3975868,
            "book_valuer_per_share": 18.15,
            "book_valuer_per_share_4q_avg": 18.36,
            "equity": 7214740,
            "current_ratio": 378.82,
            "debt_ratio": 22.02,
            "inventory_turnover_ratio": 3.07,
            "account_receivable_turnover_ratio": 2.18,
            "reinvestment_rate": -6.3,
            "research_to_sale_ratio": 0.1,
            "price_fair": 125.4,
            "eps_avg_yearly": 3.58,
            "eps_latest_yearly": 0.36,
            "eps_growth_yearly": 202.55
        },
        "20232": {
            "year_quarter": 20232,
            "year": 2023,
            "quarter": 2,
            "eps": -0.04,
            "eps_growth_year": -109.52,
            "eps_4q": -0.24,
            "eps_4q_growth_year": -107.64,
            "roe": -0.23,
            "roe_4q": -1.31,
            "gross_profit": 122925,
            "gross_margin": 3.43,
            "gross_margin_4q_avg": 5.03,
            "net_income": -16455,
            "net_income_4q": null,
            "revenue": 3587679,
            "revenue_4q": null,
            "common_shares": 3975868,
            "book_valuer_per_share": 17.25,
            "book_valuer_per_share_4q_avg": 17.92,
            "equity": 6858015,
            "current_ratio": 391.6,
            "debt_ratio": 22.79,
            "inventory_turnover_ratio": 2.81,
            "account_receivable_turnover_ratio": 2.16,
            "reinvestment_rate": -6.09,
            "research_to_sale_ratio": 0.11,
            "price_fair": 131.49,
            "eps_avg_yearly": 3.76,
            "eps_latest_yearly": 0.36,
            "eps_growth_yearly": 231.98
        },
        "20233": {
            "year_quarter": 20233,
            "year": 2023,
            "quarter": 3,
            "eps": -0.18,
            "eps_growth_year": -300,
            "eps_4q": -0.51,
            "eps_4q_growth_year": -122.4,
            "roe": -1.05,
            "roe_4q": -2.86,
            "gross_profit": 83370,
            "gross_margin": 2.09,
            "gross_margin_4q_avg": 3.63,
            "net_income": -72023,
            "net_income_4q": null,
            "revenue": 3980713,
            "revenue_4q": null,
            "common_shares": 3975868,
            "book_valuer_per_share": 17.27,
            "book_valuer_per_share_4q_avg": 17.7,
            "equity": 6865686,
            "current_ratio": 317.29,
            "debt_ratio": 23.7,
            "inventory_turnover_ratio": 3.71,
            "account_receivable_turnover_ratio": 2.2,
            "reinvestment_rate": -5.04,
            "research_to_sale_ratio": 0.1,
            "price_fair": 142.1,
            "eps_avg_yearly": 4.06,
            "eps_latest_yearly": 0.36,
            "eps_growth_yearly": 281.61
        }
    },
    "months": {
        "2001-06": {
            "month": "2001-06",
            "price": "5.97",
            "revenue": 336709
        },
        "2001-07": {
            "month": "2001-07",
            "price": "4.71",
            "revenue": 369167
        },
        "2001-08": {
            "month": "2001-08",
            "price": "5.32",
            "revenue": 452323
        },
        "2001-09": {
            "month": "2001-09",
            "price": "5.75",
            "revenue": 390236
        },
        "2001-10": {
            "month": "2001-10",
            "price": "4.87",
            "revenue": 374834
        },
        "2001-11": {
            "month": "2001-11",
            "price": "4.80",
            "revenue": 322676
        },
        "2001-12": {
            "month": "2001-12",
            "price": "6.47",
            "revenue": 352651
        },
        "2002-01": {
            "month": "2002-01",
            "price": "9.90",
            "revenue": 383412
        },
        "2002-02": {
            "month": "2002-02",
            "price": "9.11",
            "revenue": 291749
        },
        "2002-03": {
            "month": "2002-03",
            "price": "12.75",
            "revenue": 519875
        },
        "2002-04": {
            "month": "2002-04",
            "price": "13.44",
            "revenue": 340587
        },
        "2002-05": {
            "month": "2002-05",
            "price": "9.93",
            "revenue": 412933
        },
        "2002-06": {
            "month": "2002-06",
            "price": "10.26",
            "revenue": 361425
        },
        "2002-07": {
            "month": "2002-07",
            "price": "11.27",
            "revenue": 464686
        },
        "2002-08": {
            "month": "2002-08",
            "price": "12.10",
            "revenue": 466700
        },
        "2002-09": {
            "month": "2002-09",
            "price": "9.19",
            "revenue": 429248
        },
        "2002-10": {
            "month": "2002-10",
            "price": "7.83",
            "revenue": 535975
        },
        "2002-11": {
            "month": "2002-11",
            "price": "10.19",
            "revenue": 558512
        },
        "2002-12": {
            "month": "2002-12",
            "price": "11.48",
            "revenue": 408323
        },
        "2003-01": {
            "month": "2003-01",
            "price": "13.00",
            "revenue": 398727
        },
        "2003-02": {
            "month": "2003-02",
            "price": "11.68",
            "revenue": 380517
        },
        "2003-03": {
            "month": "2003-03",
            "price": "9.56",
            "revenue": 447560
        },
        "2003-04": {
            "month": "2003-04",
            "price": "8.88",
            "revenue": 515411
        },
        "2003-05": {
            "month": "2003-05",
            "price": "8.52",
            "revenue": 539076
        },
        "2003-06": {
            "month": "2003-06",
            "price": "10.52",
            "revenue": 485697
        },
        "2003-07": {
            "month": "2003-07",
            "price": "11.29",
            "revenue": 594999
        },
        "2003-08": {
            "month": "2003-08",
            "price": "11.84",
            "revenue": 565311
        },
        "2003-09": {
            "month": "2003-09",
            "price": "10.57",
            "revenue": 460070
        },
        "2003-10": {
            "month": "2003-10",
            "price": "11.48",
            "revenue": 584755
        },
        "2003-11": {
            "month": "2003-11",
            "price": "11.52",
            "revenue": 468737
        },
        "2003-12": {
            "month": "2003-12",
            "price": "12.90",
            "revenue": 579891
        },
        "2004-01": {
            "month": "2004-01",
            "price": "13.61",
            "revenue": 561203
        },
        "2004-02": {
            "month": "2004-02",
            "price": "13.80",
            "revenue": 535756
        },
        "2004-03": {
            "month": "2004-03",
            "price": "12.86",
            "revenue": 651533
        },
        "2004-04": {
            "month": "2004-04",
            "price": "11.94",
            "revenue": 663290
        },
        "2004-05": {
            "month": "2004-05",
            "price": "10.51",
            "revenue": 635420
        },
        "2004-06": {
            "month": "2004-06",
            "price": "10.72",
            "revenue": 735776
        },
        "2004-07": {
            "month": "2004-07",
            "price": "11.70",
            "revenue": 748917
        },
        "2004-08": {
            "month": "2004-08",
            "price": "11.11",
            "revenue": 797971
        },
        "2004-09": {
            "month": "2004-09",
            "price": "12.29",
            "revenue": 736450
        },
        "2004-10": {
            "month": "2004-10",
            "price": "12.86",
            "revenue": 921917
        },
        "2004-11": {
            "month": "2004-11",
            "price": "11.77",
            "revenue": 715019
        },
        "2004-12": {
            "month": "2004-12",
            "price": "11.83",
            "revenue": 607351
        },
        "2005-01": {
            "month": "2005-01",
            "price": "11.89",
            "revenue": 755749
        },
        "2005-02": {
            "month": "2005-02",
            "price": "11.70",
            "revenue": 661356
        },
        "2005-03": {
            "month": "2005-03",
            "price": "11.22",
            "revenue": 985332
        },
        "2005-04": {
            "month": "2005-04",
            "price": "9.54",
            "revenue": 849043
        },
        "2005-05": {
            "month": "2005-05",
            "price": "8.91",
            "revenue": 754065
        },
        "2005-06": {
            "month": "2005-06",
            "price": "9.83",
            "revenue": 917026
        },
        "2005-07": {
            "month": "2005-07",
            "price": "9.67",
            "revenue": 759495
        },
        "2005-08": {
            "month": "2005-08",
            "price": "9.13",
            "revenue": 872281
        },
        "2005-09": {
            "month": "2005-09",
            "price": "7.66",
            "revenue": 793010
        },
        "2005-10": {
            "month": "2005-10",
            "price": "7.35",
            "revenue": 755941
        },
        "2005-11": {
            "month": "2005-11",
            "price": "7.41",
            "revenue": 689607
        },
        "2005-12": {
            "month": "2005-12",
            "price": "7.59",
            "revenue": 703368
        },
        "2006-01": {
            "month": "2006-01",
            "price": "8.40",
            "revenue": 654562
        },
        "2006-02": {
            "month": "2006-02",
            "price": "8.14",
            "revenue": 600267
        },
        "2006-03": {
            "month": "2006-03",
            "price": "7.33",
            "revenue": 842929
        },
        "2006-04": {
            "month": "2006-04",
            "price": "8.02",
            "revenue": 738631
        },
        "2006-05": {
            "month": "2006-05",
            "price": "8.19",
            "revenue": 746905
        },
        "2006-06": {
            "month": "2006-06",
            "price": "6.99",
            "revenue": 743691
        },
        "2006-07": {
            "month": "2006-07",
            "price": "7.05",
            "revenue": 768635
        },
        "2006-08": {
            "month": "2006-08",
            "price": "7.08",
            "revenue": 744461
        },
        "2006-09": {
            "month": "2006-09",
            "price": "6.96",
            "revenue": 681889
        },
        "2006-10": {
            "month": "2006-10",
            "price": "7.76",
            "revenue": 709783
        },
        "2006-11": {
            "month": "2006-11",
            "price": "8.09",
            "revenue": 738745
        },
        "2006-12": {
            "month": "2006-12",
            "price": "8.92",
            "revenue": 723030
        },
        "2007-01": {
            "month": "2007-01",
            "price": "9.03",
            "revenue": 908774
        },
        "2007-02": {
            "month": "2007-02",
            "price": "9.01",
            "revenue": 482273
        },
        "2007-03": {
            "month": "2007-03",
            "price": "8.37",
            "revenue": 981164
        },
        "2007-04": {
            "month": "2007-04",
            "price": "9.02",
            "revenue": 872321
        },
        "2007-05": {
            "month": "2007-05",
            "price": "8.64",
            "revenue": 1174461
        },
        "2007-06": {
            "month": "2007-06",
            "price": "8.94",
            "revenue": 896695
        },
        "2007-07": {
            "month": "2007-07",
            "price": "10.81",
            "revenue": 953724
        },
        "2007-08": {
            "month": "2007-08",
            "price": "10.17",
            "revenue": 937431
        },
        "2007-09": {
            "month": "2007-09",
            "price": "11.74",
            "revenue": 700589
        },
        "2007-10": {
            "month": "2007-10",
            "price": "12.85",
            "revenue": 843521
        },
        "2007-11": {
            "month": "2007-11",
            "price": "10.97",
            "revenue": 844512
        },
        "2007-12": {
            "month": "2007-12",
            "price": "10.68",
            "revenue": 829999
        },
        "2008-01": {
            "month": "2008-01",
            "price": "10.67",
            "revenue": 768942
        },
        "2008-02": {
            "month": "2008-02",
            "price": "10.38",
            "revenue": 710582
        },
        "2008-03": {
            "month": "2008-03",
            "price": "11.17",
            "revenue": 823521
        },
        "2008-04": {
            "month": "2008-04",
            "price": "11.75",
            "revenue": 730408
        },
        "2008-05": {
            "month": "2008-05",
            "price": "12.20",
            "revenue": 687747
        },
        "2008-06": {
            "month": "2008-06",
            "price": "10.97",
            "revenue": 743174
        },
        "2008-07": {
            "month": "2008-07",
            "price": "9.23",
            "revenue": 732407
        },
        "2008-08": {
            "month": "2008-08",
            "price": "8.74",
            "revenue": 491097
        },
        "2008-09": {
            "month": "2008-09",
            "price": "6.86",
            "revenue": 669003
        },
        "2008-10": {
            "month": "2008-10",
            "price": "5.44",
            "revenue": 521263
        },
        "2008-11": {
            "month": "2008-11",
            "price": "5.00",
            "revenue": 409947
        },
        "2008-12": {
            "month": "2008-12",
            "price": "4.96",
            "revenue": 412330
        },
        "2009-01": {
            "month": "2009-01",
            "price": "5.24",
            "revenue": 348032
        },
        "2009-02": {
            "month": "2009-02",
            "price": "4.94",
            "revenue": 482863
        },
        "2009-03": {
            "month": "2009-03",
            "price": "5.90",
            "revenue": 687774
        },
        "2009-04": {
            "month": "2009-04",
            "price": "7.28",
            "revenue": 676833
        },
        "2009-05": {
            "month": "2009-05",
            "price": "8.45",
            "revenue": 595873
        },
        "2009-06": {
            "month": "2009-06",
            "price": "8.27",
            "revenue": 751929
        },
        "2009-07": {
            "month": "2009-07",
            "price": "8.69",
            "revenue": 671488
        },
        "2009-08": {
            "month": "2009-08",
            "price": "9.92",
            "revenue": 823050
        },
        "2009-09": {
            "month": "2009-09",
            "price": "11.90",
            "revenue": 756133
        },
        "2009-10": {
            "month": "2009-10",
            "price": "13.30",
            "revenue": 816568
        },
        "2009-11": {
            "month": "2009-11",
            "price": "13.83",
            "revenue": 746393
        },
        "2009-12": {
            "month": "2009-12",
            "price": "13.41",
            "revenue": 691277
        },
        "2010-01": {
            "month": "2010-01",
            "price": "13.98",
            "revenue": 776669
        },
        "2010-02": {
            "month": "2010-02",
            "price": "12.35",
            "revenue": 636739
        },
        "2010-03": {
            "month": "2010-03",
            "price": "13.05",
            "revenue": 948156
        },
        "2010-04": {
            "month": "2010-04",
            "price": "12.82",
            "revenue": 1002929
        },
        "2010-05": {
            "month": "2010-05",
            "price": "11.28",
            "revenue": 919647
        },
        "2010-06": {
            "month": "2010-06",
            "price": "10.96",
            "revenue": 1029132
        },
        "2010-07": {
            "month": "2010-07",
            "price": "12.03",
            "revenue": 868301
        },
        "2010-08": {
            "month": "2010-08",
            "price": "12.65",
            "revenue": 1006348
        },
        "2010-09": {
            "month": "2010-09",
            "price": "11.82",
            "revenue": 934118
        },
        "2010-10": {
            "month": "2010-10",
            "price": "12.21",
            "revenue": 1007697
        },
        "2010-11": {
            "month": "2010-11",
            "price": "12.71",
            "revenue": 1000098
        },
        "2010-12": {
            "month": "2010-12",
            "price": "12.91",
            "revenue": 956575
        },
        "2011-01": {
            "month": "2011-01",
            "price": "13.80",
            "revenue": 1039914
        },
        "2011-02": {
            "month": "2011-02",
            "price": "13.96",
            "revenue": 784060
        },
        "2011-03": {
            "month": "2011-03",
            "price": "14.07",
            "revenue": 1041574
        },
        "2011-04": {
            "month": "2011-04",
            "price": "16.88",
            "revenue": 1045075
        },
        "2011-05": {
            "month": "2011-05",
            "price": "17.39",
            "revenue": 954938
        },
        "2011-06": {
            "month": "2011-06",
            "price": "17.10",
            "revenue": 902614
        },
        "2011-07": {
            "month": "2011-07",
            "price": "17.82",
            "revenue": 875583
        },
        "2011-08": {
            "month": "2011-08",
            "price": "17.36",
            "revenue": 741924
        },
        "2011-09": {
            "month": "2011-09",
            "price": "13.85",
            "revenue": 931074
        },
        "2011-10": {
            "month": "2011-10",
            "price": "12.38",
            "revenue": 861699
        },
        "2011-11": {
            "month": "2011-11",
            "price": "12.08",
            "revenue": 822994
        },
        "2011-12": {
            "month": "2011-12",
            "price": "11.14",
            "revenue": 832954
        },
        "2012-01": {
            "month": "2012-01",
            "price": "11.94",
            "revenue": 750360
        },
        "2012-02": {
            "month": "2012-02",
            "price": "13.62",
            "revenue": 889507
        },
        "2012-03": {
            "month": "2012-03",
            "price": "13.56",
            "revenue": 823849
        },
        "2012-04": {
            "month": "2012-04",
            "price": "11.59",
            "revenue": 871066
        },
        "2012-05": {
            "month": "2012-05",
            "price": "10.81",
            "revenue": 926527
        },
        "2012-06": {
            "month": "2012-06",
            "price": "10.47",
            "revenue": 892819
        },
        "2012-07": {
            "month": "2012-07",
            "price": "11.13",
            "revenue": 917795
        },
        "2012-08": {
            "month": "2012-08",
            "price": "11.50",
            "revenue": 667050
        },
        "2012-09": {
            "month": "2012-09",
            "price": "10.31",
            "revenue": 848069
        },
        "2012-10": {
            "month": "2012-10",
            "price": "9.70",
            "revenue": 884791
        },
        "2012-11": {
            "month": "2012-11",
            "price": "9.07",
            "revenue": 840992
        },
        "2012-12": {
            "month": "2012-12",
            "price": "9.63",
            "revenue": 838741
        },
        "2013-01": {
            "month": "2013-01",
            "price": "9.99",
            "revenue": 1505631
        },
        "2013-02": {
            "month": "2013-02",
            "price": "9.87",
            "revenue": 1106901
        },
        "2013-03": {
            "month": "2013-03",
            "price": "9.41",
            "revenue": 1776486
        },
        "2013-04": {
            "month": "2013-04",
            "price": "9.22",
            "revenue": 1873172
        },
        "2013-05": {
            "month": "2013-05",
            "price": "9.65",
            "revenue": 2077199
        },
        "2013-06": {
            "month": "2013-06",
            "price": "10.53",
            "revenue": 1804156
        },
        "2013-07": {
            "month": "2013-07",
            "price": "12.63",
            "revenue": 1945341
        },
        "2013-08": {
            "month": "2013-08",
            "price": "11.38",
            "revenue": 1938920
        },
        "2013-09": {
            "month": "2013-09",
            "price": "11.30",
            "revenue": 2077436
        },
        "2013-10": {
            "month": "2013-10",
            "price": "13.08",
            "revenue": 1829005
        },
        "2013-11": {
            "month": "2013-11",
            "price": "11.91",
            "revenue": 1792910
        },
        "2013-12": {
            "month": "2013-12",
            "price": "12.28",
            "revenue": 1716528
        },
        "2014-01": {
            "month": "2014-01",
            "price": "12.16",
            "revenue": 1404331
        },
        "2014-02": {
            "month": "2014-02",
            "price": "11.45",
            "revenue": 1129815
        },
        "2014-03": {
            "month": "2014-03",
            "price": "11.25",
            "revenue": 1829519
        },
        "2014-04": {
            "month": "2014-04",
            "price": "11.05",
            "revenue": 2023689
        },
        "2014-05": {
            "month": "2014-05",
            "price": "10.14",
            "revenue": 1885648
        },
        "2014-06": {
            "month": "2014-06",
            "price": "10.74",
            "revenue": 1812414
        },
        "2014-07": {
            "month": "2014-07",
            "price": "11.23",
            "revenue": 1960440
        },
        "2014-08": {
            "month": "2014-08",
            "price": "9.37",
            "revenue": 1863571
        },
        "2014-09": {
            "month": "2014-09",
            "price": "9.14",
            "revenue": 2003900
        },
        "2014-10": {
            "month": "2014-10",
            "price": "8.50",
            "revenue": 1763333
        },
        "2014-11": {
            "month": "2014-11",
            "price": "8.28",
            "revenue": 1620478
        },
        "2014-12": {
            "month": "2014-12",
            "price": "8.96",
            "revenue": 1636198
        },
        "2015-01": {
            "month": "2015-01",
            "price": "9.64",
            "revenue": 1364250
        },
        "2015-02": {
            "month": "2015-02",
            "price": "9.38",
            "revenue": 1089712
        },
        "2015-03": {
            "month": "2015-03",
            "price": "9.26",
            "revenue": 1620933
        },
        "2015-04": {
            "month": "2015-04",
            "price": "9.13",
            "revenue": 1805668
        },
        "2015-05": {
            "month": "2015-05",
            "price": "9.36",
            "revenue": 1638578
        },
        "2015-06": {
            "month": "2015-06",
            "price": "8.49",
            "revenue": 1582191
        },
        "2015-07": {
            "month": "2015-07",
            "price": "7.94",
            "revenue": 1485593
        },
        "2015-08": {
            "month": "2015-08",
            "price": "7.88",
            "revenue": 1260706
        },
        "2015-09": {
            "month": "2015-09",
            "price": "8.68",
            "revenue": 1345178
        },
        "2015-10": {
            "month": "2015-10",
            "price": "9.07",
            "revenue": 1265175
        },
        "2015-11": {
            "month": "2015-11",
            "price": "8.21",
            "revenue": 1220567
        },
        "2015-12": {
            "month": "2015-12",
            "price": "7.41",
            "revenue": 1348640
        },
        "2016-01": {
            "month": "2016-01",
            "price": "7.20",
            "revenue": 1256289
        },
        "2016-02": {
            "month": "2016-02",
            "price": "7.55",
            "revenue": 864510
        },
        "2016-03": {
            "month": "2016-03",
            "price": "7.91",
            "revenue": 1567521
        },
        "2016-04": {
            "month": "2016-04",
            "price": "7.85",
            "revenue": 1411067
        },
        "2016-05": {
            "month": "2016-05",
            "price": "7.33",
            "revenue": 1363811
        },
        "2016-06": {
            "month": "2016-06",
            "price": "7.27",
            "revenue": 1388032
        },
        "2016-07": {
            "month": "2016-07",
            "price": "7.36",
            "revenue": 1242076
        },
        "2016-08": {
            "month": "2016-08",
            "price": "7.64",
            "revenue": 1362449
        },
        "2016-09": {
            "month": "2016-09",
            "price": "7.65",
            "revenue": 1256667
        },
        "2016-10": {
            "month": "2016-10",
            "price": "8.11",
            "revenue": 1421600
        },
        "2016-11": {
            "month": "2016-11",
            "price": "8.31",
            "revenue": 1598294
        },
        "2016-12": {
            "month": "2016-12",
            "price": "10.51",
            "revenue": 1684061
        },
        "2017-01": {
            "month": "2017-01",
            "price": "10.98",
            "revenue": 1496922
        },
        "2017-02": {
            "month": "2017-02",
            "price": "11.60",
            "revenue": 1386209
        },
        "2017-03": {
            "month": "2017-03",
            "price": "10.37",
            "revenue": 1640380
        },
        "2017-04": {
            "month": "2017-04",
            "price": "9.76",
            "revenue": 1540756
        },
        "2017-05": {
            "month": "2017-05",
            "price": "9.63",
            "revenue": 1482436
        },
        "2017-06": {
            "month": "2017-06",
            "price": "9.62",
            "revenue": 1590054
        },
        "2017-07": {
            "month": "2017-07",
            "price": "10.30",
            "revenue": 1581711
        },
        "2017-08": {
            "month": "2017-08",
            "price": "10.42",
            "revenue": 1621952
        },
        "2017-09": {
            "month": "2017-09",
            "price": "11.13",
            "revenue": 2007684
        },
        "2017-10": {
            "month": "2017-10",
            "price": "10.85",
            "revenue": 1724003
        },
        "2017-11": {
            "month": "2017-11",
            "price": "11.70",
            "revenue": 1907532
        },
        "2017-12": {
            "month": "2017-12",
            "price": "13.92",
            "revenue": 1847529
        },
        "2018-01": {
            "month": "2018-01",
            "price": "14.54",
            "revenue": 1937171
        },
        "2018-02": {
            "month": "2018-02",
            "price": "13.23",
            "revenue": 1189933
        },
        "2018-03": {
            "month": "2018-03",
            "price": "12.08",
            "revenue": 1713650
        },
        "2018-04": {
            "month": "2018-04",
            "price": "12.44",
            "revenue": 1926644
        },
        "2018-05": {
            "month": "2018-05",
            "price": "14.95",
            "revenue": 2135878
        },
        "2018-06": {
            "month": "2018-06",
            "price": "15.70",
            "revenue": 1883620
        },
        "2018-07": {
            "month": "2018-07",
            "price": "14.71",
            "revenue": 2013339
        },
        "2018-08": {
            "month": "2018-08",
            "price": "14.61",
            "revenue": 1924519
        },
        "2018-09": {
            "month": "2018-09",
            "price": "13.89",
            "revenue": 1859668
        },
        "2018-10": {
            "month": "2018-10",
            "price": "12.05",
            "revenue": 1735529
        },
        "2018-11": {
            "month": "2018-11",
            "price": "10.68",
            "revenue": 1648171
        },
        "2018-12": {
            "month": "2018-12",
            "price": "10.34",
            "revenue": 1714356
        },
        "2019-01": {
            "month": "2019-01",
            "price": "9.85",
            "revenue": 1746564
        },
        "2019-02": {
            "month": "2019-02",
            "price": "10.33",
            "revenue": 1250603
        },
        "2019-03": {
            "month": "2019-03",
            "price": "10.28",
            "revenue": 1602824
        },
        "2019-04": {
            "month": "2019-04",
            "price": "10.47",
            "revenue": 1588471
        },
        "2019-05": {
            "month": "2019-05",
            "price": "10.52",
            "revenue": 1544984
        },
        "2019-06": {
            "month": "2019-06",
            "price": "10.42",
            "revenue": 1348375
        },
        "2019-07": {
            "month": "2019-07",
            "price": "10.66",
            "revenue": 1461710
        },
        "2019-08": {
            "month": "2019-08",
            "price": "10.44",
            "revenue": 1432733
        },
        "2019-09": {
            "month": "2019-09",
            "price": "11.40",
            "revenue": 1487398
        },
        "2019-10": {
            "month": "2019-10",
            "price": "11.22",
            "revenue": 1345676
        },
        "2019-11": {
            "month": "2019-11",
            "price": "11.05",
            "revenue": 1464141
        },
        "2019-12": {
            "month": "2019-12",
            "price": "11.05",
            "revenue": 1397706
        },
        "2020-01": {
            "month": "2020-01",
            "price": "10.94",
            "revenue": 1033894
        },
        "2020-02": {
            "month": "2020-02",
            "price": "9.68",
            "revenue": 890685
        },
        "2020-03": {
            "month": "2020-03",
            "price": "8.32",
            "revenue": 1033774
        },
        "2020-04": {
            "month": "2020-04",
            "price": "9.01",
            "revenue": 1151977
        },
        "2020-05": {
            "month": "2020-05",
            "price": "11.28",
            "revenue": 1137515
        },
        "2020-06": {
            "month": "2020-06",
            "price": "14.68",
            "revenue": 1276711
        },
        "2020-07": {
            "month": "2020-07",
            "price": "15.67",
            "revenue": 1404282
        },
        "2020-08": {
            "month": "2020-08",
            "price": "19.52",
            "revenue": 1366998
        },
        "2020-09": {
            "month": "2020-09",
            "price": "27.90",
            "revenue": 1371229
        },
        "2020-10": {
            "month": "2020-10",
            "price": "30.55",
            "revenue": 1419625
        },
        "2020-11": {
            "month": "2020-11",
            "price": "31.60",
            "revenue": 1622907
        },
        "2020-12": {
            "month": "2020-12",
            "price": "33.56",
            "revenue": 1789006
        },
        "2021-01": {
            "month": "2021-01",
            "price": "32.71",
            "revenue": 1456463
        },
        "2021-02": {
            "month": "2021-02",
            "price": "33.07",
            "revenue": 1233649
        },
        "2021-03": {
            "month": "2021-03",
            "price": "40.96",
            "revenue": 1845569
        },
        "2021-04": {
            "month": "2021-04",
            "price": "47.07",
            "revenue": 1876788
        },
        "2021-05": {
            "month": "2021-05",
            "price": "40.76",
            "revenue": 1827110
        },
        "2021-06": {
            "month": "2021-06",
            "price": "42.61",
            "revenue": 1864035
        },
        "2021-07": {
            "month": "2021-07",
            "price": "44.60",
            "revenue": 1696625
        },
        "2021-08": {
            "month": "2021-08",
            "price": "43.20",
            "revenue": 1846662
        },
        "2021-09": {
            "month": "2021-09",
            "price": "38.29",
            "revenue": 1813435
        },
        "2021-10": {
            "month": "2021-10",
            "price": "35.80",
            "revenue": 1851988
        },
        "2021-11": {
            "month": "2021-11",
            "price": "34.93",
            "revenue": 1899476
        },
        "2021-12": {
            "month": "2021-12",
            "price": "33.85",
            "revenue": 1560037
        },
        "2022-01": {
            "month": "2022-01",
            "price": "33.74",
            "revenue": 1480381
        },
        "2022-02": {
            "month": "2022-02",
            "price": "33.80",
            "revenue": 1415449
        },
        "2022-03": {
            "month": "2022-03",
            "price": "33.70",
            "revenue": 1640544
        },
        "2022-04": {
            "month": "2022-04",
            "price": "32.26",
            "revenue": 1637667
        },
        "2022-05": {
            "month": "2022-05",
            "price": "28.87",
            "revenue": 1633100
        },
        "2022-06": {
            "month": "2022-06",
            "price": "29.31",
            "revenue": 1817648
        },
        "2022-07": {
            "month": "2022-07",
            "price": "26.94",
            "revenue": 1586565
        },
        "2022-08": {
            "month": "2022-08",
            "price": "22.72",
            "revenue": 1529912
        },
        "2022-09": {
            "month": "2022-09",
            "price": "21.75",
            "revenue": 1497170
        },
        "2022-10": {
            "month": "2022-10",
            "price": "20.15",
            "revenue": 1299689
        },
        "2022-11": {
            "month": "2022-11",
            "price": "20.23",
            "revenue": 1183195
        },
        "2022-12": {
            "month": "2022-12",
            "price": "21.95",
            "revenue": 1362281
        },
        "2023-01": {
            "month": "2023-01",
            "price": "22.23",
            "revenue": 985589
        },
        "2023-02": {
            "month": "2023-02",
            "price": "22.94",
            "revenue": 1201305
        },
        "2023-03": {
            "month": "2023-03",
            "price": "21.93",
            "revenue": 1386900
        },
        "2023-04": {
            "month": "2023-04",
            "price": "21.10",
            "revenue": 1268082
        },
        "2023-05": {
            "month": "2023-05",
            "price": "20.06",
            "revenue": 1247913
        },
        "2023-06": {
            "month": "2023-06",
            "price": "20.21",
            "revenue": 1073664
        },
        "2023-07": {
            "month": "2023-07",
            "price": "19.79",
            "revenue": 1094051
        },
        "2023-08": {
            "month": "2023-08",
            "price": "18.19",
            "revenue": 1396557
        },
        "2023-09": {
            "month": "2023-09",
            "price": "17.92",
            "revenue": 1491814
        },
        "2023-10": {
            "month": "2023-10",
            "price": "17.12",
            "revenue": 1451953
        },
        "2023-11": {
            "month": "2023-11",
            "price": "16.96",
            "revenue": 1233538
        },
        "2023-12": {
            "month": "2023-12",
            "price": "16.82",
            "revenue": 1376542
        }
    }
}
