{
    "summary": {
        "stock_name": "台苯",
        "stock_id": "1310",
        "category": "塑膠",
        "main_business": "苯乙烯單體<br>對二乙苯<br>甲苯 乙苯",
        "website_url": "http://www.smct.com.tw/",
        "ceo": "仲崇國",
        "pe_ratio": -19,
        "report_year_from": 2001,
        "report_year_to": 2023,
        "age": 22,
        "eps_negative_percentage": 30,
        "eps_growth_avg": {
            "last_all": -41.72,
            "last_2y": -77.43,
            "last_4y": -48.98,
            "last_8y": -33.79,
            "last_12y": -46.61,
            "last_16y": -45.09,
            "last_20y": -41.72,
            "at_2006_last_3y": -28.24,
            "at_2007_last_3y": -1.39,
            "at_2008_last_3y": -58.33,
            "at_2009_last_3y": -37.5,
            "at_2010_last_3y": -56.92,
            "at_2011_last_3y": -98.59,
            "at_2012_last_3y": -97.88,
            "at_2013_last_3y": -97.88,
            "at_2014_last_3y": -100,
            "at_2015_last_3y": -100,
            "at_2016_last_3y": 0,
            "at_2017_last_3y": -8.46,
            "at_2018_last_3y": 30.04,
            "at_2019_last_3y": 15.5,
            "at_2020_last_3y": -26.37,
            "at_2021_last_3y": -36.23,
            "at_2022_last_3y": -65.11,
            "at_2023_last_3y": -65.11,
            "at_2006_last_all": -28.24,
            "at_2007_last_all": -14.93,
            "at_2008_last_all": -31.94,
            "at_2009_last_all": -31.94,
            "at_2010_last_all": -42.58,
            "at_2011_last_all": -50.78,
            "at_2012_last_all": -50.78,
            "at_2013_last_all": -50.78,
            "at_2014_last_all": -56.94,
            "at_2015_last_all": -56.94,
            "at_2016_last_all": -39.5,
            "at_2017_last_all": -38.09,
            "at_2018_last_all": -33.21,
            "at_2019_last_all": -32.79,
            "at_2020_last_all": -35.46,
            "at_2021_last_all": -37.56,
            "at_2022_last_all": -41.72,
            "at_2023_last_all": -41.72
        },
        "latest_eps": -0.89,
        "latest_price": 16.6,
        "latest_roe": -6.54,
        "latest_gross_margin": 0.33,
        "latest_equity": 6810626,
        "latest_revenue": 2318484,
        "latest_gross_profit": 7691,
        "latest_net_income": -588,
        "latest_debt_ratio": 24.11,
        "latest_current_ratio": 145.98,
        "latest_account_receivable_turnover_ratio": 2.15,
        "latest_inventory_turnover_ratio": 4.46,
        "latest_reinvestment_rate": -142.36,
        "latest_research_to_sale_ratio": 0
    },
    "eps_dividends": {
        "1990": {
            "cash": 0,
            "stock": 2,
            "eps": 0
        },
        "1991": {
            "cash": 0,
            "stock": 2,
            "eps": 0
        },
        "1996": {
            "cash": 0,
            "stock": 2.5,
            "eps": 0
        },
        "1997": {
            "cash": 1,
            "stock": 0,
            "eps": 0
        },
        "1998": {
            "cash": 0,
            "stock": 1,
            "eps": 0
        },
        "2000": {
            "cash": 0.5,
            "stock": 0.7,
            "eps": 0
        },
        "2001": {
            "cash": 0.5,
            "stock": 0.5,
            "eps": -0.68
        },
        "2002": {
            "cash": 0,
            "stock": 0,
            "eps": 1.62
        },
        "2003": {
            "cash": 0.2,
            "stock": 1,
            "eps": 0.72
        },
        "2004": {
            "cash": 0.6,
            "stock": 0,
            "eps": 1.23
        },
        "2005": {
            "cash": 0.4,
            "stock": 0.6,
            "eps": -0.6
        },
        "2006": {
            "cash": 0,
            "stock": 0,
            "eps": 0.6
        },
        "2007": {
            "cash": 0.4,
            "stock": 0.4,
            "eps": 0.75
        },
        "2008": {
            "cash": 0.3,
            "stock": 0.3,
            "eps": -1.81
        },
        "2009": {
            "cash": 0,
            "stock": 0,
            "eps": 1.18
        },
        "2010": {
            "cash": 0.6,
            "stock": 0,
            "eps": 0.05
        },
        "2011": {
            "cash": 0,
            "stock": 0,
            "eps": -1.4
        },
        "2012": {
            "cash": 0,
            "stock": 0,
            "eps": -0.78
        },
        "2013": {
            "cash": 0,
            "stock": 0,
            "eps": 2.15
        },
        "2014": {
            "cash": 0.5,
            "stock": 0.5,
            "eps": -0.04
        },
        "2015": {
            "cash": 0,
            "stock": 0,
            "eps": 1.31
        },
        "2016": {
            "cash": 1,
            "stock": 0,
            "eps": 2.68
        },
        "2017": {
            "cash": 2.2,
            "stock": 0,
            "eps": 2
        },
        "2018": {
            "cash": 1.6,
            "stock": 0,
            "eps": 2.31
        },
        "2019": {
            "cash": 2,
            "stock": 0,
            "eps": 1.66
        },
        "2020": {
            "cash": 1,
            "stock": 0,
            "eps": 0.54
        },
        "2021": {
            "cash": 0.5,
            "stock": 0,
            "eps": 0.19
        },
        "2022": {
            "cash": 0.15,
            "stock": 0,
            "eps": -0.71
        },
        "2023": {
            "cash": 0.2,
            "stock": 0,
            "eps": 0
        }
    },
    "dividends": {
        "1990-05-31": {
            "cash": 0,
            "stock": 2
        },
        "1991-04-16": {
            "cash": 0,
            "stock": 2
        },
        "1996-04-18": {
            "cash": 0,
            "stock": 2.5
        },
        "1997-05-23": {
            "cash": 1,
            "stock": 0
        },
        "1998-05-14": {
            "cash": 0,
            "stock": 1
        },
        "2000-05-24": {
            "cash": 0.5,
            "stock": 0.7
        },
        "2001-07-23": {
            "cash": 0.5,
            "stock": 0.5
        },
        "2003-03-27": {
            "cash": 0.2,
            "stock": 1
        },
        "2004-03-26": {
            "cash": 0.6,
            "stock": 0
        },
        "2005-03-25": {
            "cash": 0.4,
            "stock": 0.6
        },
        "2007-03-30": {
            "cash": 0.4,
            "stock": 0.4
        },
        "2008-03-27": {
            "cash": 0.3,
            "stock": 0.3
        },
        "2010-04-02": {
            "cash": 0.6,
            "stock": 0
        },
        "2014-10-03": {
            "cash": 0.5,
            "stock": 0.5
        },
        "2016-09-07": {
            "cash": 1,
            "stock": 0
        },
        "2017-07-21": {
            "cash": 2.2,
            "stock": 0
        },
        "2018-08-14": {
            "cash": 1.6,
            "stock": 0
        },
        "2019-09-27": {
            "cash": 2,
            "stock": 0
        },
        "2020-08-14": {
            "cash": 1,
            "stock": 0
        },
        "2021-08-06": {
            "cash": 0.5,
            "stock": 0
        },
        "2022-09-27": {
            "cash": 0.15,
            "stock": 0
        },
        "2023-03-08": {
            "cash": 0.2,
            "stock": 0
        }
    },
    "prices": {
        "200101": "25.76",
        "200102": "26.91",
        "200103": "23.78",
        "200104": "21.81",
        "200105": "18.63",
        "200106": "18.38",
        "200107": "13.52",
        "200108": "12.65",
        "200109": "12.71",
        "200110": "10.95",
        "200111": "12.33",
        "200112": "15.11",
        "200201": "19.70",
        "200202": "20.36",
        "200203": "31.68",
        "200204": "32.40",
        "200205": "26.91",
        "200206": "27.28",
        "200207": "29.47",
        "200208": "30.59",
        "200209": "26.94",
        "200210": "24.26",
        "200211": "29.57",
        "200212": "33.14",
        "200301": "38.21",
        "200302": "33.39",
        "200303": "28.94",
        "200304": "29.31",
        "200305": "26.91",
        "200306": "30.37",
        "200307": "31.62",
        "200308": "33.27",
        "200309": "26.97",
        "200310": "29.09",
        "200311": "30.03",
        "200312": "31.03",
        "200401": "34.73",
        "200402": "32.38",
        "200403": "29.53",
        "200404": "28.44",
        "200405": "24.49",
        "200406": "23.70",
        "200407": "24.78",
        "200408": "23.74",
        "200409": "25.29",
        "200410": "25.68",
        "200411": "23.90",
        "200412": "23.74",
        "200501": "23.51",
        "200502": "22.95",
        "200503": "22.24",
        "200504": "18.27",
        "200505": "16.74",
        "200506": "18.86",
        "200507": "18.36",
        "200508": "17.02",
        "200509": "14.72",
        "200510": "14.94",
        "200511": "14.64",
        "200512": "14.88",
        "200601": "16.04",
        "200602": "15.71",
        "200603": "13.85",
        "200604": "14.42",
        "200605": "14.49",
        "200606": "12.58",
        "200607": "12.60",
        "200608": "12.48",
        "200609": "12.84",
        "200610": "14.31",
        "200611": "13.98",
        "200612": "14.36",
        "200701": "14.15",
        "200702": "14.00",
        "200703": "13.31",
        "200704": "14.42",
        "200705": "14.28",
        "200706": "14.59",
        "200707": "17.21",
        "200708": "15.55",
        "200709": "15.98",
        "200710": "17.60",
        "200711": "15.19",
        "200712": "13.79",
        "200801": "13.08",
        "200802": "13.24",
        "200803": "13.85",
        "200804": "14.06",
        "200805": "14.83",
        "200806": "13.70",
        "200807": "10.97",
        "200808": "10.24",
        "200809": "8.18",
        "200810": "7.10",
        "200811": "7.22",
        "200812": "6.91",
        "200901": "7.38",
        "200902": "7.38",
        "200903": "8.26",
        "200904": "11.66",
        "200905": "13.51",
        "200906": "12.45",
        "200907": "11.96",
        "200908": "12.19",
        "200909": "13.07",
        "200910": "13.50",
        "200911": "13.46",
        "200912": "13.54",
        "201001": "17.20",
        "201002": "17.13",
        "201003": "18.18",
        "201004": "17.03",
        "201005": "13.25",
        "201006": "12.96",
        "201007": "13.50",
        "201008": "14.03",
        "201009": "13.67",
        "201010": "14.26",
        "201011": "13.92",
        "201012": "14.00",
        "201101": "14.78",
        "201102": "14.40",
        "201103": "13.67",
        "201104": "13.88",
        "201105": "13.06",
        "201106": "11.81",
        "201107": "12.06",
        "201108": "11.51",
        "201109": "8.26",
        "201110": "7.20",
        "201111": "7.24",
        "201112": "7.02",
        "201201": "7.03",
        "201202": "8.50",
        "201203": "8.41",
        "201204": "7.38",
        "201205": "6.92",
        "201206": "6.45",
        "201207": "6.58",
        "201208": "7.73",
        "201209": "9.11",
        "201210": "9.11",
        "201211": "6.99",
        "201212": "7.55",
        "201301": "7.42",
        "201302": "7.41",
        "201303": "8.79",
        "201304": "9.64",
        "201305": "11.15",
        "201306": "13.20",
        "201307": "16.52",
        "201308": "18.70",
        "201309": "18.70",
        "201310": "22.49",
        "201311": "22.44",
        "201312": "20.91",
        "201401": "22.42",
        "201402": "20.02",
        "201403": "17.69",
        "201404": "18.35",
        "201405": "17.56",
        "201406": "18.16",
        "201407": "17.90",
        "201408": "15.74",
        "201409": "13.99",
        "201410": "12.79",
        "201411": "12.41",
        "201412": "12.91",
        "201501": "13.68",
        "201502": "13.54",
        "201503": "14.52",
        "201504": "15.34",
        "201505": "15.22",
        "201506": "14.85",
        "201507": "14.67",
        "201508": "13.56",
        "201509": "13.12",
        "201510": "14.08",
        "201511": "13.77",
        "201512": "15.15",
        "201601": "17.25",
        "201602": "18.51",
        "201603": "17.56",
        "201604": "17.66",
        "201605": "15.40",
        "201606": "15.34",
        "201607": "16.10",
        "201608": "16.11",
        "201609": "16.01",
        "201610": "16.54",
        "201611": "18.63",
        "201612": "20.62",
        "201701": "20.06",
        "201702": "23.40",
        "201703": "23.82",
        "201704": "23.55",
        "201705": "23.26",
        "201706": "23.68",
        "201707": "21.02",
        "201708": "20.22",
        "201709": "20.70",
        "201710": "20.14",
        "201711": "21.05",
        "201712": "21.52",
        "201801": "22.09",
        "201802": "20.48",
        "201803": "21.28",
        "201804": "21.63",
        "201805": "22.83",
        "201806": "23.78",
        "201807": "22.68",
        "201808": "22.05",
        "201809": "22.46",
        "201810": "23.40",
        "201811": "23.81",
        "201812": "25.35",
        "201901": "22.92",
        "201902": "24.08",
        "201903": "24.31",
        "201904": "25.04",
        "201905": "24.56",
        "201906": "24.25",
        "201907": "24.44",
        "201908": "23.78",
        "201909": "22.17",
        "201910": "21.76",
        "201911": "21.30",
        "201912": "20.83",
        "202001": "20.66",
        "202002": "18.42",
        "202003": "15.30",
        "202004": "15.42",
        "202005": "16.45",
        "202006": "16.47",
        "202007": "15.88",
        "202008": "15.46",
        "202009": "16.25",
        "202010": "16.33",
        "202011": "16.94",
        "202012": "18.18",
        "202101": "17.10",
        "202102": "17.29",
        "202103": "18.59",
        "202104": "21.22",
        "202105": "19.35",
        "202106": "20.59",
        "202107": "20.66",
        "202108": "20.53",
        "202109": "20.46",
        "202110": "18.51",
        "202111": "17.91",
        "202112": "17.26",
        "202201": "17.20",
        "202202": "17.51",
        "202203": "17.17",
        "202204": "16.68",
        "202205": "15.56",
        "202206": "15.59",
        "202207": "13.70",
        "202208": "14.20",
        "202209": "14.02",
        "202210": "12.68",
        "202211": "13.21",
        "202212": "13.66",
        "202301": "13.63",
        "202302": "14.00",
        "202303": "13.90",
        "202304": "15.39",
        "202305": "16.68",
        "202306": "16.66"
    },
    "quarters": {
        "20011": {
            "year_quarter": 20011,
            "year": 2001,
            "quarter": 1,
            "eps": 0.04,
            "eps_growth_year": -97.59,
            "eps_4q": -0,
            "eps_4q_growth_year": -100.09,
            "roe": 0.26,
            "roe_4q": 0.26,
            "gross_profit": -9658,
            "gross_margin": -0.74,
            "gross_margin_4q_avg": -0.74,
            "net_income": 16920,
            "revenue": 1312620,
            "common_shares": 4618265,
            "book_valuer_per_share": 13.87,
            "book_valuer_per_share_4q_avg": 13.87,
            "equity": 6405572,
            "current_ratio": 131.88,
            "debt_ratio": 26.07,
            "inventory_turnover_ratio": 0.81,
            "account_receivable_turnover_ratio": null,
            "reinvestment_rate": null,
            "research_to_sale_ratio": null,
            "price_fair": 0,
            "eps_avg_yearly": 0,
            "eps_latest_yearly": 0,
            "eps_growth_yearly": 0
        },
        "20012": {
            "year_quarter": 20012,
            "year": 2001,
            "quarter": 2,
            "eps": -0.27,
            "eps_growth_year": -242.11,
            "eps_4q": -0.45,
            "eps_4q_growth_year": -113.27,
            "roe": -2,
            "roe_4q": -1.74,
            "gross_profit": -141906,
            "gross_margin": -12,
            "gross_margin_4q_avg": -6.37,
            "net_income": -123148,
            "revenue": 1182206,
            "common_shares": 4618265,
            "book_valuer_per_share": 12.84,
            "book_valuer_per_share_4q_avg": 13.36,
            "equity": 5929220,
            "current_ratio": 105.68,
            "debt_ratio": 31.27,
            "inventory_turnover_ratio": 2.87,
            "account_receivable_turnover_ratio": null,
            "reinvestment_rate": null,
            "research_to_sale_ratio": null,
            "price_fair": 0,
            "eps_avg_yearly": 0,
            "eps_latest_yearly": 0,
            "eps_growth_yearly": 0
        },
        "20013": {
            "year_quarter": 20013,
            "year": 2001,
            "quarter": 3,
            "eps": -0.46,
            "eps_growth_year": -243.75,
            "eps_4q": -1.19,
            "eps_4q_growth_year": -137.87,
            "roe": -3.88,
            "roe_4q": -5.62,
            "gross_profit": -8414,
            "gross_margin": -0.76,
            "gross_margin_4q_avg": -4.5,
            "net_income": -222424,
            "revenue": 1105898,
            "common_shares": 4851510,
            "book_valuer_per_share": 11.42,
            "book_valuer_per_share_4q_avg": 12.71,
            "equity": 5541912,
            "current_ratio": 78.69,
            "debt_ratio": 38.85,
            "inventory_turnover_ratio": 3.1,
            "account_receivable_turnover_ratio": null,
            "reinvestment_rate": null,
            "research_to_sale_ratio": null,
            "price_fair": 0,
            "eps_avg_yearly": 0,
            "eps_latest_yearly": 0,
            "eps_growth_yearly": 0
        },
        "20014": {
            "year_quarter": 20014,
            "year": 2001,
            "quarter": 4,
            "eps": 0.01,
            "eps_growth_year": null,
            "eps_4q": -0.64,
            "eps_4q_growth_year": -144.22,
            "roe": 0.13,
            "roe_4q": -5.49,
            "gross_profit": 8667,
            "gross_margin": 0.68,
            "gross_margin_4q_avg": -3.21,
            "net_income": 6748,
            "revenue": 1274715,
            "common_shares": 4851510,
            "book_valuer_per_share": 9.66,
            "book_valuer_per_share_4q_avg": 11.95,
            "equity": 5115950,
            "current_ratio": 121.96,
            "debt_ratio": 59.37,
            "inventory_turnover_ratio": 0.81,
            "account_receivable_turnover_ratio": null,
            "reinvestment_rate": null,
            "research_to_sale_ratio": null,
            "price_fair": 0,
            "eps_avg_yearly": 0,
            "eps_latest_yearly": 0,
            "eps_growth_yearly": 0
        },
        "20021": {
            "year_quarter": 20021,
            "year": 2002,
            "quarter": 1,
            "eps": 0.74,
            "eps_growth_year": 1750,
            "eps_4q": -0.07,
            "eps_4q_growth_year": null,
            "roe": 6.04,
            "roe_4q": 0.29000000000000004,
            "gross_profit": 351040,
            "gross_margin": 20.43,
            "gross_margin_4q_avg": 2.09,
            "net_income": 310985,
            "revenue": 1718129,
            "common_shares": 4851510,
            "book_valuer_per_share": 10.68,
            "book_valuer_per_share_4q_avg": 11.15,
            "equity": 5180942,
            "current_ratio": 91.81,
            "debt_ratio": 39.4,
            "inventory_turnover_ratio": 0.84,
            "account_receivable_turnover_ratio": null,
            "reinvestment_rate": null,
            "research_to_sale_ratio": null,
            "price_fair": 103.6,
            "eps_avg_yearly": 2.96,
            "eps_latest_yearly": 2.96,
            "eps_growth_yearly": 29200
        },
        "20022": {
            "year_quarter": 20022,
            "year": 2002,
            "quarter": 2,
            "eps": 0.43,
            "eps_growth_year": null,
            "eps_4q": 0.66,
            "eps_4q_growth_year": null,
            "roe": 3.42,
            "roe_4q": 5.710000000000002,
            "gross_profit": 345704,
            "gross_margin": 19.15,
            "gross_margin_4q_avg": 9.88,
            "net_income": 178315,
            "revenue": 1805073,
            "common_shares": 4851510,
            "book_valuer_per_share": 10.84,
            "book_valuer_per_share_4q_avg": 10.65,
            "equity": 5259330,
            "current_ratio": 92.36,
            "debt_ratio": 37.26,
            "inventory_turnover_ratio": 2.63,
            "account_receivable_turnover_ratio": null,
            "reinvestment_rate": null,
            "research_to_sale_ratio": null,
            "price_fair": 81.9,
            "eps_avg_yearly": 2.34,
            "eps_latest_yearly": 1.72,
            "eps_growth_yearly": 14516.22
        },
        "20023": {
            "year_quarter": 20023,
            "year": 2002,
            "quarter": 3,
            "eps": 0.21,
            "eps_growth_year": null,
            "eps_4q": 1.4,
            "eps_4q_growth_year": null,
            "roe": 1.65,
            "roe_4q": 11.24,
            "gross_profit": 365455,
            "gross_margin": 17.78,
            "gross_margin_4q_avg": 14.51,
            "net_income": 87444,
            "revenue": 2054854,
            "common_shares": 4851510,
            "book_valuer_per_share": 11.06,
            "book_valuer_per_share_4q_avg": 10.56,
            "equity": 5366923,
            "current_ratio": 104.36,
            "debt_ratio": 35.16,
            "inventory_turnover_ratio": 3.02,
            "account_receivable_turnover_ratio": null,
            "reinvestment_rate": null,
            "research_to_sale_ratio": null,
            "price_fair": 64.4,
            "eps_avg_yearly": 1.84,
            "eps_latest_yearly": 0.84,
            "eps_growth_yearly": 9609.26
        },
        "20024": {
            "year_quarter": 20024,
            "year": 2002,
            "quarter": 4,
            "eps": 0.24,
            "eps_growth_year": 2300,
            "eps_4q": 1.6,
            "eps_4q_growth_year": null,
            "roe": 1.79,
            "roe_4q": 12.899999999999999,
            "gross_profit": 309566,
            "gross_margin": 14.95,
            "gross_margin_4q_avg": 18.08,
            "net_income": 102106,
            "revenue": 2070584,
            "common_shares": 4851510,
            "book_valuer_per_share": 11.67,
            "book_valuer_per_share_4q_avg": 11.06,
            "equity": 6057238,
            "current_ratio": 136.84,
            "debt_ratio": 53.23,
            "inventory_turnover_ratio": 1.43,
            "account_receivable_turnover_ratio": null,
            "reinvestment_rate": -8.28,
            "research_to_sale_ratio": null,
            "price_fair": 56.7,
            "eps_avg_yearly": 1.62,
            "eps_latest_yearly": 0.96,
            "eps_growth_yearly": 7221.23
        },
        "20031": {
            "year_quarter": 20031,
            "year": 2003,
            "quarter": 1,
            "eps": 0.3,
            "eps_growth_year": -59.46,
            "eps_4q": 1.16,
            "eps_4q_growth_year": null,
            "roe": 2.16,
            "roe_4q": 9.02,
            "gross_profit": 366182,
            "gross_margin": 16.14,
            "gross_margin_4q_avg": 17.01,
            "net_income": 128741,
            "revenue": 2268386,
            "common_shares": 4851510,
            "book_valuer_per_share": 12.13,
            "book_valuer_per_share_4q_avg": 11.43,
            "equity": 5884350,
            "current_ratio": 113.66,
            "debt_ratio": 33.2,
            "inventory_turnover_ratio": 1.37,
            "account_receivable_turnover_ratio": null,
            "reinvestment_rate": -44.99,
            "research_to_sale_ratio": null,
            "price_fair": 53.76,
            "eps_avg_yearly": 1.54,
            "eps_latest_yearly": 1.2,
            "eps_growth_yearly": 5796.98
        },
        "20032": {
            "year_quarter": 20032,
            "year": 2003,
            "quarter": 2,
            "eps": -0.62,
            "eps_growth_year": -244.19,
            "eps_4q": 0.11,
            "eps_4q_growth_year": -82.96,
            "roe": -4.61,
            "roe_4q": 0.9899999999999998,
            "gross_profit": -188258,
            "gross_margin": -11.6,
            "gross_margin_4q_avg": 9.32,
            "net_income": -263732,
            "revenue": 1622760,
            "common_shares": 4851510,
            "book_valuer_per_share": 11.43,
            "book_valuer_per_share_4q_avg": 11.57,
            "equity": 5546078,
            "current_ratio": 101.95,
            "debt_ratio": 34.55,
            "inventory_turnover_ratio": 2.99,
            "account_receivable_turnover_ratio": null,
            "reinvestment_rate": -50.17,
            "research_to_sale_ratio": null,
            "price_fair": 53.76,
            "eps_avg_yearly": 1.54,
            "eps_latest_yearly": 1.2,
            "eps_growth_yearly": 5796.98
        },
        "20033": {
            "year_quarter": 20033,
            "year": 2003,
            "quarter": 3,
            "eps": 0.61,
            "eps_growth_year": 190.48,
            "eps_4q": 0.54,
            "eps_4q_growth_year": -61.52,
            "roe": 4.98,
            "roe_4q": 4.32,
            "gross_profit": 347395,
            "gross_margin": 15.51,
            "gross_margin_4q_avg": 8.75,
            "net_income": 283242,
            "revenue": 2239594,
            "common_shares": 5341562,
            "book_valuer_per_share": 10.91,
            "book_valuer_per_share_4q_avg": 11.54,
            "equity": 5829967,
            "current_ratio": 114.6,
            "debt_ratio": 32.52,
            "inventory_turnover_ratio": 5.05,
            "account_receivable_turnover_ratio": null,
            "reinvestment_rate": -44.47,
            "research_to_sale_ratio": null,
            "price_fair": 53.76,
            "eps_avg_yearly": 1.54,
            "eps_latest_yearly": 1.2,
            "eps_growth_yearly": 5796.98
        },
        "20034": {
            "year_quarter": 20034,
            "year": 2003,
            "quarter": 4,
            "eps": 0.43,
            "eps_growth_year": 79.17,
            "eps_4q": 0.75,
            "eps_4q_growth_year": -53.17,
            "roe": 3.29,
            "roe_4q": 5.819999999999999,
            "gross_profit": 346423,
            "gross_margin": 14.5,
            "gross_margin_4q_avg": 8.64,
            "net_income": 200980,
            "revenue": 2388597,
            "common_shares": 5341562,
            "book_valuer_per_share": 11.3,
            "book_valuer_per_share_4q_avg": 11.44,
            "equity": 6385927,
            "current_ratio": 131.19,
            "debt_ratio": 51.86,
            "inventory_turnover_ratio": 1.91,
            "account_receivable_turnover_ratio": null,
            "reinvestment_rate": -17.31,
            "research_to_sale_ratio": null,
            "price_fair": 54.83,
            "eps_avg_yearly": 1.57,
            "eps_latest_yearly": 1.72,
            "eps_growth_yearly": 4811.15
        },
        "20041": {
            "year_quarter": 20041,
            "year": 2004,
            "quarter": 1,
            "eps": 0.44,
            "eps_growth_year": 46.67,
            "eps_4q": 0.91,
            "eps_4q_growth_year": -21.32,
            "roe": 3.25,
            "roe_4q": 6.909999999999999,
            "gross_profit": 323736,
            "gross_margin": 12.98,
            "gross_margin_4q_avg": 7.85,
            "net_income": 206202,
            "revenue": 2494097,
            "common_shares": 5341562,
            "book_valuer_per_share": 11.81,
            "book_valuer_per_share_4q_avg": 11.36,
            "equity": 6310846,
            "current_ratio": 128.69,
            "debt_ratio": 28.14,
            "inventory_turnover_ratio": 1.68,
            "account_receivable_turnover_ratio": null,
            "reinvestment_rate": -67.96,
            "research_to_sale_ratio": null,
            "price_fair": 55.8,
            "eps_avg_yearly": 1.59,
            "eps_latest_yearly": 1.76,
            "eps_growth_yearly": 4125.17
        },
        "20042": {
            "year_quarter": 20042,
            "year": 2004,
            "quarter": 2,
            "eps": 0.09,
            "eps_growth_year": null,
            "eps_4q": 1.54,
            "eps_4q_growth_year": 1269.25,
            "roe": 0.7,
            "roe_4q": 12.22,
            "gross_profit": 178418,
            "gross_margin": 7,
            "gross_margin_4q_avg": 12.5,
            "net_income": 42859,
            "revenue": 2550656,
            "common_shares": 5341562,
            "book_valuer_per_share": 11.21,
            "book_valuer_per_share_4q_avg": 11.31,
            "equity": 5989898,
            "current_ratio": 113.11,
            "debt_ratio": 31.5,
            "inventory_turnover_ratio": 3.58,
            "account_receivable_turnover_ratio": null,
            "reinvestment_rate": -67.5,
            "research_to_sale_ratio": null,
            "price_fair": 50.4,
            "eps_avg_yearly": 1.44,
            "eps_latest_yearly": 0.36,
            "eps_growth_yearly": 3569.75
        },
        "20043": {
            "year_quarter": 20043,
            "year": 2004,
            "quarter": 3,
            "eps": 0.78,
            "eps_growth_year": 27.87,
            "eps_4q": 1.75,
            "eps_4q_growth_year": 223.88,
            "roe": 5.86,
            "roe_4q": 13.100000000000001,
            "gross_profit": 594310,
            "gross_margin": 15.1,
            "gross_margin_4q_avg": 12.4,
            "net_income": 363281,
            "revenue": 3936110,
            "common_shares": 5341562,
            "book_valuer_per_share": 11.99,
            "book_valuer_per_share_4q_avg": 11.58,
            "equity": 6402529,
            "current_ratio": 130.85,
            "debt_ratio": 31.99,
            "inventory_turnover_ratio": 5.04,
            "account_receivable_turnover_ratio": null,
            "reinvestment_rate": -52.56,
            "research_to_sale_ratio": null,
            "price_fair": 56.93,
            "eps_avg_yearly": 1.63,
            "eps_latest_yearly": 3.12,
            "eps_growth_yearly": 3513.85
        },
        "20044": {
            "year_quarter": 20044,
            "year": 2004,
            "quarter": 4,
            "eps": -0.08,
            "eps_growth_year": -118.6,
            "eps_4q": 1.27,
            "eps_4q_growth_year": 69.38,
            "roe": -0.6,
            "roe_4q": 9.21,
            "gross_profit": 68961,
            "gross_margin": 1.81,
            "gross_margin_4q_avg": 9.22,
            "net_income": -39319,
            "revenue": 3815446,
            "common_shares": 5341562,
            "book_valuer_per_share": 12.08,
            "book_valuer_per_share_4q_avg": 11.77,
            "equity": 6814067,
            "current_ratio": 138.45,
            "debt_ratio": 47.64,
            "inventory_turnover_ratio": 2.9,
            "account_receivable_turnover_ratio": null,
            "reinvestment_rate": -9.12,
            "research_to_sale_ratio": null,
            "price_fair": 56.93,
            "eps_avg_yearly": 1.63,
            "eps_latest_yearly": 3.12,
            "eps_growth_yearly": 3513.85
        },
        "20051": {
            "year_quarter": 20051,
            "year": 2005,
            "quarter": 1,
            "eps": 0.25,
            "eps_growth_year": -43.18,
            "eps_4q": 1.04,
            "eps_4q_growth_year": 14.56,
            "roe": 1.73,
            "roe_4q": 7.69,
            "gross_profit": 204516,
            "gross_margin": 6.19,
            "gross_margin_4q_avg": 7.53,
            "net_income": 115631,
            "revenue": 3304988,
            "common_shares": 5341562,
            "book_valuer_per_share": 12.34,
            "book_valuer_per_share_4q_avg": 11.91,
            "equity": 6590520,
            "current_ratio": 151.51,
            "debt_ratio": 31.38,
            "inventory_turnover_ratio": 2.21,
            "account_receivable_turnover_ratio": null,
            "reinvestment_rate": -39.78,
            "research_to_sale_ratio": null,
            "price_fair": 56.93,
            "eps_avg_yearly": 1.63,
            "eps_latest_yearly": 3.12,
            "eps_growth_yearly": 3513.85
        },
        "20052": {
            "year_quarter": 20052,
            "year": 2005,
            "quarter": 2,
            "eps": -0.77,
            "eps_growth_year": -955.56,
            "eps_4q": 0.15,
            "eps_4q_growth_year": -90.34,
            "roe": -5.72,
            "roe_4q": 1.2700000000000005,
            "gross_profit": -316013,
            "gross_margin": -11.61,
            "gross_margin_4q_avg": 2.87,
            "net_income": -360152,
            "revenue": 2720935,
            "common_shares": 5341562,
            "book_valuer_per_share": 11.23,
            "book_valuer_per_share_4q_avg": 11.91,
            "equity": 5996764,
            "current_ratio": 132.53,
            "debt_ratio": 32.42,
            "inventory_turnover_ratio": 3.85,
            "account_receivable_turnover_ratio": null,
            "reinvestment_rate": -46.75,
            "research_to_sale_ratio": null,
            "price_fair": 56.93,
            "eps_avg_yearly": 1.63,
            "eps_latest_yearly": 3.12,
            "eps_growth_yearly": 3513.85
        },
        "20053": {
            "year_quarter": 20053,
            "year": 2005,
            "quarter": 3,
            "eps": 0.1,
            "eps_growth_year": -87.18,
            "eps_4q": -0.46,
            "eps_4q_growth_year": -126.2,
            "roe": 0.85,
            "roe_4q": -3.74,
            "gross_profit": 154781,
            "gross_margin": 4.74,
            "gross_margin_4q_avg": 0.28,
            "net_income": 50907,
            "revenue": 3263682,
            "common_shares": 5665293,
            "book_valuer_per_share": 10.5,
            "book_valuer_per_share_4q_avg": 11.54,
            "equity": 5949046,
            "current_ratio": 130.27,
            "debt_ratio": 32.03,
            "inventory_turnover_ratio": 5.91,
            "account_receivable_turnover_ratio": null,
            "reinvestment_rate": -36.11,
            "research_to_sale_ratio": null,
            "price_fair": 56.93,
            "eps_avg_yearly": 1.63,
            "eps_latest_yearly": 3.12,
            "eps_growth_yearly": 3513.85
        },
        "20054": {
            "year_quarter": 20054,
            "year": 2005,
            "quarter": 4,
            "eps": -0.18,
            "eps_growth_year": null,
            "eps_4q": -0.52,
            "eps_4q_growth_year": -141.15,
            "roe": -1.42,
            "roe_4q": -4.5600000000000005,
            "gross_profit": 75507,
            "gross_margin": 2.51,
            "gross_margin_4q_avg": 0.46,
            "net_income": -86512,
            "revenue": 3006752,
            "common_shares": 5665293,
            "book_valuer_per_share": 10.4,
            "book_valuer_per_share_4q_avg": 11.12,
            "equity": 6237417,
            "current_ratio": 131.26,
            "debt_ratio": 52.71,
            "inventory_turnover_ratio": 2.25,
            "account_receivable_turnover_ratio": null,
            "reinvestment_rate": 1.25,
            "research_to_sale_ratio": null,
            "price_fair": 56.93,
            "eps_avg_yearly": 1.63,
            "eps_latest_yearly": 3.12,
            "eps_growth_yearly": 3513.85
        },
        "20061": {
            "year_quarter": 20061,
            "year": 2006,
            "quarter": 1,
            "eps": 0.07,
            "eps_growth_year": -72,
            "eps_4q": -0.75,
            "eps_4q_growth_year": -171.62,
            "roe": 0.58,
            "roe_4q": -5.71,
            "gross_profit": 78499,
            "gross_margin": 3.1,
            "gross_margin_4q_avg": -0.32,
            "net_income": 33905,
            "revenue": 2533788,
            "common_shares": 5665293,
            "book_valuer_per_share": 9.65,
            "book_valuer_per_share_4q_avg": 10.45,
            "equity": 5468710,
            "current_ratio": 120.41,
            "debt_ratio": 37.2,
            "inventory_turnover_ratio": 1.68,
            "account_receivable_turnover_ratio": null,
            "reinvestment_rate": -35,
            "research_to_sale_ratio": null,
            "price_fair": 51.1,
            "eps_avg_yearly": 1.46,
            "eps_latest_yearly": 3.12,
            "eps_growth_yearly": 303.08
        },
        "20062": {
            "year_quarter": 20062,
            "year": 2006,
            "quarter": 2,
            "eps": 0.23,
            "eps_growth_year": null,
            "eps_4q": 0.23,
            "eps_4q_growth_year": 52.28,
            "roe": 1.95,
            "roe_4q": 1.96,
            "gross_profit": 205361,
            "gross_margin": 7.25,
            "gross_margin_4q_avg": 4.4,
            "net_income": 111080,
            "revenue": 2834269,
            "common_shares": 5665293,
            "book_valuer_per_share": 10.49,
            "book_valuer_per_share_4q_avg": 10.26,
            "equity": 5944450,
            "current_ratio": 141.99,
            "debt_ratio": 35.13,
            "inventory_turnover_ratio": 3.72,
            "account_receivable_turnover_ratio": null,
            "reinvestment_rate": -29.54,
            "research_to_sale_ratio": null,
            "price_fair": 47.6,
            "eps_avg_yearly": 1.36,
            "eps_latest_yearly": 0.92,
            "eps_growth_yearly": 438.32
        },
        "20063": {
            "year_quarter": 20063,
            "year": 2006,
            "quarter": 3,
            "eps": 0.28,
            "eps_growth_year": 180,
            "eps_4q": 0.4,
            "eps_4q_growth_year": null,
            "roe": 2.32,
            "roe_4q": 3.4299999999999997,
            "gross_profit": 196843,
            "gross_margin": 5.12,
            "gross_margin_4q_avg": 4.5,
            "net_income": 139613,
            "revenue": 3847047,
            "common_shares": 5665293,
            "book_valuer_per_share": 10.79,
            "book_valuer_per_share_4q_avg": 10.33,
            "equity": 6114507,
            "current_ratio": 143.1,
            "debt_ratio": 29.64,
            "inventory_turnover_ratio": 6.02,
            "account_receivable_turnover_ratio": null,
            "reinvestment_rate": -29.05,
            "research_to_sale_ratio": null,
            "price_fair": 48.83,
            "eps_avg_yearly": 1.4,
            "eps_latest_yearly": 1.12,
            "eps_growth_yearly": 474.77
        },
        "20064": {
            "year_quarter": 20064,
            "year": 2006,
            "quarter": 4,
            "eps": 0.02,
            "eps_growth_year": null,
            "eps_4q": 0.75,
            "eps_4q_growth_year": null,
            "roe": 0.13,
            "roe_4q": 4.9799999999999995,
            "gross_profit": 291784,
            "gross_margin": 8.15,
            "gross_margin_4q_avg": 5.91,
            "net_income": 7773,
            "revenue": 3580041,
            "common_shares": 5665293,
            "book_valuer_per_share": 10.01,
            "book_valuer_per_share_4q_avg": 10.24,
            "equity": 5865623,
            "current_ratio": 128.89,
            "debt_ratio": 51.68,
            "inventory_turnover_ratio": 2.36,
            "account_receivable_turnover_ratio": null,
            "reinvestment_rate": -1.61,
            "research_to_sale_ratio": null,
            "price_fair": 44.98,
            "eps_avg_yearly": 1.29,
            "eps_latest_yearly": 0.08,
            "eps_growth_yearly": 421.2
        },
        "20071": {
            "year_quarter": 20071,
            "year": 2007,
            "quarter": 1,
            "eps": 0.2,
            "eps_growth_year": 185.71,
            "eps_4q": 0.74,
            "eps_4q_growth_year": null,
            "roe": 1.66,
            "roe_4q": 6.06,
            "gross_profit": 190150,
            "gross_margin": 4.62,
            "gross_margin_4q_avg": 6.29,
            "net_income": 96490,
            "revenue": 4119016,
            "common_shares": 5665293,
            "book_valuer_per_share": 10.12,
            "book_valuer_per_share_4q_avg": 10.35,
            "equity": 5735621,
            "current_ratio": 164.58,
            "debt_ratio": 32.53,
            "inventory_turnover_ratio": 2.84,
            "account_receivable_turnover_ratio": null,
            "reinvestment_rate": -28.49,
            "research_to_sale_ratio": null,
            "price_fair": 43.23,
            "eps_avg_yearly": 1.24,
            "eps_latest_yearly": 0.8,
            "eps_growth_yearly": 858.7
        },
        "20072": {
            "year_quarter": 20072,
            "year": 2007,
            "quarter": 2,
            "eps": 0.16,
            "eps_growth_year": -30.43,
            "eps_4q": 0.65,
            "eps_4q_growth_year": 187.69,
            "roe": 1.39,
            "roe_4q": 5.5,
            "gross_profit": 151709,
            "gross_margin": 3.53,
            "gross_margin_4q_avg": 5.36,
            "net_income": 79379,
            "revenue": 4300832,
            "common_shares": 5665293,
            "book_valuer_per_share": 10.1,
            "book_valuer_per_share_4q_avg": 10.26,
            "equity": 5720868,
            "current_ratio": 158.05,
            "debt_ratio": 33.25,
            "inventory_turnover_ratio": 6.95,
            "account_receivable_turnover_ratio": null,
            "reinvestment_rate": -21.54,
            "research_to_sale_ratio": null,
            "price_fair": 40.91,
            "eps_avg_yearly": 1.17,
            "eps_latest_yearly": 0.64,
            "eps_growth_yearly": 754.4
        },
        "20073": {
            "year_quarter": 20073,
            "year": 2007,
            "quarter": 3,
            "eps": 0.3,
            "eps_growth_year": 7.14,
            "eps_4q": 0.66,
            "eps_4q_growth_year": 66.8,
            "roe": 2.52,
            "roe_4q": 5.7,
            "gross_profit": 231853,
            "gross_margin": 5.42,
            "gross_margin_4q_avg": 5.43,
            "net_income": 151915,
            "revenue": 4274625,
            "common_shares": 5889693,
            "book_valuer_per_share": 10.8,
            "book_valuer_per_share_4q_avg": 10.26,
            "equity": 6358325,
            "current_ratio": 167.13,
            "debt_ratio": 29.55,
            "inventory_turnover_ratio": 6.65,
            "account_receivable_turnover_ratio": null,
            "reinvestment_rate": -22.32,
            "research_to_sale_ratio": null,
            "price_fair": 41.02,
            "eps_avg_yearly": 1.17,
            "eps_latest_yearly": 1.2,
            "eps_growth_yearly": 713.96
        },
        "20074": {
            "year_quarter": 20074,
            "year": 2007,
            "quarter": 4,
            "eps": 0.09,
            "eps_growth_year": 350,
            "eps_4q": 0.74,
            "eps_4q_growth_year": -1.37,
            "roe": 0.65,
            "roe_4q": 6.22,
            "gross_profit": 76911,
            "gross_margin": 1.84,
            "gross_margin_4q_avg": 3.85,
            "net_income": 45247,
            "revenue": 4181002,
            "common_shares": 5889693,
            "book_valuer_per_share": 12.4,
            "book_valuer_per_share_4q_avg": 10.86,
            "equity": 7547040,
            "current_ratio": 136.23,
            "debt_ratio": 42.63,
            "inventory_turnover_ratio": 2.85,
            "account_receivable_turnover_ratio": null,
            "reinvestment_rate": -6.65,
            "research_to_sale_ratio": null,
            "price_fair": 36.26,
            "eps_avg_yearly": 1.04,
            "eps_latest_yearly": 0.36,
            "eps_growth_yearly": 697.76
        },
        "20081": {
            "year_quarter": 20081,
            "year": 2008,
            "quarter": 1,
            "eps": 0,
            "eps_growth_year": -100,
            "eps_4q": 0.47,
            "eps_4q_growth_year": -36.19,
            "roe": 0.16,
            "roe_4q": 4.72,
            "gross_profit": 148371,
            "gross_margin": 2.69,
            "gross_margin_4q_avg": 3.37,
            "net_income": 11408,
            "revenue": 5512305,
            "common_shares": 5889693,
            "book_valuer_per_share": 11.27,
            "book_valuer_per_share_4q_avg": 11.14,
            "equity": 6890508,
            "current_ratio": 134.38,
            "debt_ratio": 47.09,
            "inventory_turnover_ratio": 2.3,
            "account_receivable_turnover_ratio": null,
            "reinvestment_rate": 130.49,
            "research_to_sale_ratio": null,
            "price_fair": 33.44,
            "eps_avg_yearly": 0.96,
            "eps_latest_yearly": 0.36,
            "eps_growth_yearly": 774.26
        },
        "20082": {
            "year_quarter": 20082,
            "year": 2008,
            "quarter": 2,
            "eps": 0.39,
            "eps_growth_year": 143.75,
            "eps_4q": 1.69,
            "eps_4q_growth_year": 159.03,
            "roe": 1.33,
            "roe_4q": 4.66,
            "gross_profit": 313040,
            "gross_margin": 4.9,
            "gross_margin_4q_avg": 3.71,
            "net_income": 90981,
            "revenue": 6386327,
            "common_shares": 5889693,
            "book_valuer_per_share": 11.18,
            "book_valuer_per_share_4q_avg": 11.41,
            "equity": 6770690,
            "current_ratio": 127.22,
            "debt_ratio": 50.31,
            "inventory_turnover_ratio": 2.59,
            "account_receivable_turnover_ratio": null,
            "reinvestment_rate": 125.5,
            "research_to_sale_ratio": null,
            "price_fair": 36.05,
            "eps_avg_yearly": 1.03,
            "eps_latest_yearly": 0.36,
            "eps_growth_yearly": 910.81
        },
        "20083": {
            "year_quarter": 20083,
            "year": 2008,
            "quarter": 3,
            "eps": -0.85,
            "eps_growth_year": -383.33,
            "eps_4q": -0.34,
            "eps_4q_growth_year": -151.3,
            "roe": -6.21,
            "roe_4q": -4.069999999999999,
            "gross_profit": -236628,
            "gross_margin": -4.24,
            "gross_margin_4q_avg": 1.3,
            "net_income": -407119,
            "revenue": 5580536,
            "common_shares": 6064793,
            "book_valuer_per_share": 10.24,
            "book_valuer_per_share_4q_avg": 11.27,
            "equity": 6340525,
            "current_ratio": 116.56,
            "debt_ratio": 52.44,
            "inventory_turnover_ratio": 2.58,
            "account_receivable_turnover_ratio": null,
            "reinvestment_rate": 3628.56,
            "research_to_sale_ratio": null,
            "price_fair": 25.6,
            "eps_avg_yearly": 0.73,
            "eps_latest_yearly": 0.36,
            "eps_growth_yearly": 602.83
        },
        "20084": {
            "year_quarter": 20084,
            "year": 2008,
            "quarter": 4,
            "eps": -1.35,
            "eps_growth_year": -1600,
            "eps_4q": -1.76,
            "eps_4q_growth_year": -337.42,
            "roe": -12.35,
            "roe_4q": -17.069999999999997,
            "gross_profit": -505283,
            "gross_margin": -21.5,
            "gross_margin_4q_avg": -4.54,
            "net_income": -688421,
            "revenue": 2349729,
            "common_shares": 6064793,
            "book_valuer_per_share": 7.48,
            "book_valuer_per_share_4q_avg": 10.04,
            "equity": 4807667,
            "current_ratio": 108.66,
            "debt_ratio": 54.09,
            "inventory_turnover_ratio": 1.49,
            "account_receivable_turnover_ratio": 2.46,
            "reinvestment_rate": null,
            "research_to_sale_ratio": null,
            "price_fair": 25.6,
            "eps_avg_yearly": 0.73,
            "eps_latest_yearly": 0.36,
            "eps_growth_yearly": 602.83
        },
        "20091": {
            "year_quarter": 20091,
            "year": 2009,
            "quarter": 1,
            "eps": 0.59,
            "eps_growth_year": null,
            "eps_4q": -1.26,
            "eps_4q_growth_year": -368.42,
            "roe": 6.15,
            "roe_4q": -11.08,
            "gross_profit": 525710,
            "gross_margin": 15.13,
            "gross_margin_4q_avg": -1.43,
            "net_income": 306074,
            "revenue": 3474826,
            "common_shares": 5906723,
            "book_valuer_per_share": 8.25,
            "book_valuer_per_share_4q_avg": 9.29,
            "equity": 5150317,
            "current_ratio": 116.49,
            "debt_ratio": 52.92,
            "inventory_turnover_ratio": 1.77,
            "account_receivable_turnover_ratio": 1.56,
            "reinvestment_rate": null,
            "research_to_sale_ratio": null,
            "price_fair": 25.6,
            "eps_avg_yearly": 0.73,
            "eps_latest_yearly": 0.36,
            "eps_growth_yearly": 602.83
        },
        "20092": {
            "year_quarter": 20092,
            "year": 2009,
            "quarter": 2,
            "eps": 0.85,
            "eps_growth_year": 117.95,
            "eps_4q": -0.79,
            "eps_4q_growth_year": -146.66,
            "roe": 8.41,
            "roe_4q": -3.999999999999999,
            "gross_profit": 664015,
            "gross_margin": 15.99,
            "gross_margin_4q_avg": 1.35,
            "net_income": 449037,
            "revenue": 4151522,
            "common_shares": 5803403,
            "book_valuer_per_share": 9.1,
            "book_valuer_per_share_4q_avg": 8.77,
            "equity": 5533864,
            "current_ratio": 130.39,
            "debt_ratio": 48.38,
            "inventory_turnover_ratio": 2.01,
            "account_receivable_turnover_ratio": 1.98,
            "reinvestment_rate": 328.4,
            "research_to_sale_ratio": null,
            "price_fair": 37.28,
            "eps_avg_yearly": 1.07,
            "eps_latest_yearly": 3.4,
            "eps_growth_yearly": 549.51
        },
        "20093": {
            "year_quarter": 20093,
            "year": 2009,
            "quarter": 3,
            "eps": 0.13,
            "eps_growth_year": null,
            "eps_4q": 0.27,
            "eps_4q_growth_year": null,
            "roe": 0.84,
            "roe_4q": 3.0500000000000007,
            "gross_profit": 229417,
            "gross_margin": 4.88,
            "gross_margin_4q_avg": 3.63,
            "net_income": 47897,
            "revenue": 4700670,
            "common_shares": 5803403,
            "book_valuer_per_share": 9.38,
            "book_valuer_per_share_4q_avg": 8.55,
            "equity": 5826703,
            "current_ratio": 132.1,
            "debt_ratio": 49.35,
            "inventory_turnover_ratio": 2.39,
            "account_receivable_turnover_ratio": 3.01,
            "reinvestment_rate": 408.4,
            "research_to_sale_ratio": null,
            "price_fair": 35.16,
            "eps_avg_yearly": 1,
            "eps_latest_yearly": 0.52,
            "eps_growth_yearly": 450.81
        },
        "20094": {
            "year_quarter": 20094,
            "year": 2009,
            "quarter": 4,
            "eps": -0.39,
            "eps_growth_year": null,
            "eps_4q": 1.21,
            "eps_4q_growth_year": null,
            "roe": -2.5,
            "roe_4q": 12.9,
            "gross_profit": 40773,
            "gross_margin": 0.8,
            "gross_margin_4q_avg": 9.2,
            "net_income": -163159,
            "revenue": 5099058,
            "common_shares": 5803403,
            "book_valuer_per_share": 13.26,
            "book_valuer_per_share_4q_avg": 10,
            "equity": 7203543,
            "current_ratio": 142.51,
            "debt_ratio": 43.25,
            "inventory_turnover_ratio": 2.49,
            "account_receivable_turnover_ratio": 4.12,
            "reinvestment_rate": 664.21,
            "research_to_sale_ratio": null,
            "price_fair": 35.16,
            "eps_avg_yearly": 1,
            "eps_latest_yearly": 0.52,
            "eps_growth_yearly": 450.81
        },
        "20101": {
            "year_quarter": 20101,
            "year": 2010,
            "quarter": 1,
            "eps": -0.01,
            "eps_growth_year": -101.69,
            "eps_4q": 0.52,
            "eps_4q_growth_year": null,
            "roe": 0.11,
            "roe_4q": 6.859999999999999,
            "gross_profit": 151089,
            "gross_margin": 3.31,
            "gross_margin_4q_avg": 6.25,
            "net_income": 8803,
            "revenue": 4570823,
            "common_shares": 5803403,
            "book_valuer_per_share": 13.33,
            "book_valuer_per_share_4q_avg": 11.27,
            "equity": 8365868,
            "current_ratio": 146.1,
            "debt_ratio": 39.82,
            "inventory_turnover_ratio": 2.13,
            "account_receivable_turnover_ratio": 1.85,
            "reinvestment_rate": 1836.74,
            "research_to_sale_ratio": 0.25,
            "price_fair": 35.16,
            "eps_avg_yearly": 1,
            "eps_latest_yearly": 0.52,
            "eps_growth_yearly": 450.81
        },
        "20102": {
            "year_quarter": 20102,
            "year": 2010,
            "quarter": 2,
            "eps": 0.13,
            "eps_growth_year": -84.72,
            "eps_4q": -0.11,
            "eps_4q_growth_year": null,
            "roe": 1.41,
            "roe_4q": -0.14,
            "gross_profit": -232545,
            "gross_margin": -4.67,
            "gross_margin_4q_avg": 1.08,
            "net_income": 104216,
            "revenue": 4984727,
            "common_shares": 5803403,
            "book_valuer_per_share": 9.74,
            "book_valuer_per_share_4q_avg": 11.43,
            "equity": 6366519,
            "current_ratio": 133.63,
            "debt_ratio": 46.13,
            "inventory_turnover_ratio": 2.79,
            "account_receivable_turnover_ratio": 2.42,
            "reinvestment_rate": 1551.15,
            "research_to_sale_ratio": -0.08,
            "price_fair": 35.53,
            "eps_avg_yearly": 1.02,
            "eps_latest_yearly": 0.52,
            "eps_growth_yearly": 392.87
        },
        "20103": {
            "year_quarter": 20103,
            "year": 2010,
            "quarter": 3,
            "eps": -0.02,
            "eps_growth_year": -118.25,
            "eps_4q": -0.25,
            "eps_4q_growth_year": -190.55,
            "roe": 0.23,
            "roe_4q": -0.75,
            "gross_profit": 177855,
            "gross_margin": 3.78,
            "gross_margin_4q_avg": 0.81,
            "net_income": 14529,
            "revenue": 4708244,
            "common_shares": 5803403,
            "book_valuer_per_share": 9.77,
            "book_valuer_per_share_4q_avg": 11.53,
            "equity": 6413895,
            "current_ratio": 144.23,
            "debt_ratio": 44,
            "inventory_turnover_ratio": 2.86,
            "account_receivable_turnover_ratio": 2.56,
            "reinvestment_rate": 7342.51,
            "research_to_sale_ratio": 0.12,
            "price_fair": 35,
            "eps_avg_yearly": 1,
            "eps_latest_yearly": 0.52,
            "eps_growth_yearly": 436.57
        },
        "20104": {
            "year_quarter": 20104,
            "year": 2010,
            "quarter": 4,
            "eps": -0.05,
            "eps_growth_year": null,
            "eps_4q": 0.05,
            "eps_4q_growth_year": -96.23,
            "roe": -0.55,
            "roe_4q": 1.2,
            "gross_profit": 296669,
            "gross_margin": 5.56,
            "gross_margin_4q_avg": 2,
            "net_income": -35097,
            "revenue": 5333059,
            "common_shares": 5803403,
            "book_valuer_per_share": 9.72,
            "book_valuer_per_share_4q_avg": 10.64,
            "equity": 6453886,
            "current_ratio": 120.49,
            "debt_ratio": 48.76,
            "inventory_turnover_ratio": 2.9,
            "account_receivable_turnover_ratio": 2.78,
            "reinvestment_rate": 46421.08,
            "research_to_sale_ratio": 0.84,
            "price_fair": 40.37,
            "eps_avg_yearly": 1.15,
            "eps_latest_yearly": 0.52,
            "eps_growth_yearly": 571.24
        },
        "20111": {
            "year_quarter": 20111,
            "year": 2011,
            "quarter": 1,
            "eps": -0.3,
            "eps_growth_year": null,
            "eps_4q": -0.25,
            "eps_4q_growth_year": -146.95,
            "roe": -2.41,
            "roe_4q": -1.32,
            "gross_profit": 5672,
            "gross_margin": 0.12,
            "gross_margin_4q_avg": 1.2,
            "net_income": -159657,
            "revenue": 4803349,
            "common_shares": 5803403,
            "book_valuer_per_share": 10.25,
            "book_valuer_per_share_4q_avg": 9.87,
            "equity": 6795723,
            "current_ratio": 125.23,
            "debt_ratio": 47.79,
            "inventory_turnover_ratio": 2.2,
            "account_receivable_turnover_ratio": 2.4,
            "reinvestment_rate": null,
            "research_to_sale_ratio": 0.27,
            "price_fair": 3.67,
            "eps_avg_yearly": 1.22,
            "eps_latest_yearly": 0.52,
            "eps_growth_yearly": -34.51
        },
        "20112": {
            "year_quarter": 20112,
            "year": 2011,
            "quarter": 2,
            "eps": -0.93,
            "eps_growth_year": -813.84,
            "eps_4q": -1.3,
            "eps_4q_growth_year": null,
            "roe": -8.47,
            "roe_4q": -11.200000000000001,
            "gross_profit": -257294,
            "gross_margin": -5.26,
            "gross_margin_4q_avg": 1.05,
            "net_income": -547623,
            "revenue": 4887071,
            "common_shares": 5803403,
            "book_valuer_per_share": 9.11,
            "book_valuer_per_share_4q_avg": 9.71,
            "equity": 6129727,
            "current_ratio": 121.37,
            "debt_ratio": 51.55,
            "inventory_turnover_ratio": 2.2,
            "account_receivable_turnover_ratio": 2.3,
            "reinvestment_rate": null,
            "research_to_sale_ratio": -0.16,
            "price_fair": 4.11,
            "eps_avg_yearly": 1.37,
            "eps_latest_yearly": 0.52,
            "eps_growth_yearly": -23.14
        },
        "20113": {
            "year_quarter": 20113,
            "year": 2011,
            "quarter": 3,
            "eps": -0.07,
            "eps_growth_year": null,
            "eps_4q": -1.35,
            "eps_4q_growth_year": null,
            "roe": -0.92,
            "roe_4q": -12.350000000000001,
            "gross_profit": 52297,
            "gross_margin": 1.41,
            "gross_margin_4q_avg": 0.46,
            "net_income": -54392,
            "revenue": 3714979,
            "common_shares": 5803403,
            "book_valuer_per_share": 8.37,
            "book_valuer_per_share_4q_avg": 9.36,
            "equity": 5696428,
            "current_ratio": 123.42,
            "debt_ratio": 51.76,
            "inventory_turnover_ratio": 1.74,
            "account_receivable_turnover_ratio": 1.89,
            "reinvestment_rate": null,
            "research_to_sale_ratio": 0.05,
            "price_fair": 4.28,
            "eps_avg_yearly": 1.43,
            "eps_latest_yearly": 0.52,
            "eps_growth_yearly": -147.52
        },
        "20114": {
            "year_quarter": 20114,
            "year": 2011,
            "quarter": 4,
            "eps": -0.1,
            "eps_growth_year": null,
            "eps_4q": -1.39,
            "eps_4q_growth_year": -3155.77,
            "roe": -1.28,
            "roe_4q": -13.080000000000002,
            "gross_profit": 227710,
            "gross_margin": 4.32,
            "gross_margin_4q_avg": 0.15,
            "net_income": -72938,
            "revenue": 5265533,
            "common_shares": 5803403,
            "book_valuer_per_share": 8.34,
            "book_valuer_per_share_4q_avg": 9.02,
            "equity": 5708442,
            "current_ratio": 118.59,
            "debt_ratio": 51.46,
            "inventory_turnover_ratio": 2.99,
            "account_receivable_turnover_ratio": 2.75,
            "reinvestment_rate": null,
            "research_to_sale_ratio": 0.85,
            "price_fair": 5.88,
            "eps_avg_yearly": 1.96,
            "eps_latest_yearly": 0.52,
            "eps_growth_yearly": -81.28
        },
        "20121": {
            "year_quarter": 20121,
            "year": 2012,
            "quarter": 1,
            "eps": -0.2,
            "eps_growth_year": null,
            "eps_4q": -1.29,
            "eps_4q_growth_year": null,
            "roe": -1.87,
            "roe_4q": -12.540000000000001,
            "gross_profit": -46320,
            "gross_margin": -0.94,
            "gross_margin_4q_avg": -0.12,
            "net_income": -106195,
            "revenue": 4910714,
            "common_shares": 5803403,
            "book_valuer_per_share": 8.32,
            "book_valuer_per_share_4q_avg": 8.54,
            "equity": 5647180,
            "current_ratio": 120.94,
            "debt_ratio": 51.2,
            "inventory_turnover_ratio": 3.08,
            "account_receivable_turnover_ratio": 2.6,
            "reinvestment_rate": null,
            "research_to_sale_ratio": 0.22,
            "price_fair": 5.88,
            "eps_avg_yearly": 1.96,
            "eps_latest_yearly": 0.52,
            "eps_growth_yearly": -81.28
        },
        "20122": {
            "year_quarter": 20122,
            "year": 2012,
            "quarter": 2,
            "eps": -0.47,
            "eps_growth_year": null,
            "eps_4q": -0.83,
            "eps_4q_growth_year": null,
            "roe": -6.17,
            "roe_4q": -10.239999999999998,
            "gross_profit": -164573,
            "gross_margin": -4,
            "gross_margin_4q_avg": 0.2,
            "net_income": -333738,
            "revenue": 4119395,
            "common_shares": 5803403,
            "book_valuer_per_share": 7.45,
            "book_valuer_per_share_4q_avg": 8.12,
            "equity": 5171685,
            "current_ratio": 113.59,
            "debt_ratio": 52.52,
            "inventory_turnover_ratio": 2.6,
            "account_receivable_turnover_ratio": 2.54,
            "reinvestment_rate": null,
            "research_to_sale_ratio": -0.18,
            "price_fair": 5.88,
            "eps_avg_yearly": 1.96,
            "eps_latest_yearly": 0.52,
            "eps_growth_yearly": -81.28
        },
        "20123": {
            "year_quarter": 20123,
            "year": 2012,
            "quarter": 3,
            "eps": 0.06,
            "eps_growth_year": null,
            "eps_4q": -0.71,
            "eps_4q_growth_year": null,
            "roe": 0.47,
            "roe_4q": -8.85,
            "gross_profit": 141029,
            "gross_margin": 2.79,
            "gross_margin_4q_avg": 0.54,
            "net_income": 24570,
            "revenue": 5059915,
            "common_shares": 5803403,
            "book_valuer_per_share": 7.75,
            "book_valuer_per_share_4q_avg": 7.97,
            "equity": 5333737,
            "current_ratio": 109.54,
            "debt_ratio": 54.3,
            "inventory_turnover_ratio": 3.27,
            "account_receivable_turnover_ratio": 3.09,
            "reinvestment_rate": null,
            "research_to_sale_ratio": 0.02,
            "price_fair": 5.88,
            "eps_avg_yearly": 1.96,
            "eps_latest_yearly": 0.52,
            "eps_growth_yearly": -81.28
        },
        "20124": {
            "year_quarter": 20124,
            "year": 2012,
            "quarter": 4,
            "eps": -0.17,
            "eps_growth_year": null,
            "eps_4q": -0.88,
            "eps_4q_growth_year": null,
            "roe": -1.33,
            "roe_4q": -8.9,
            "gross_profit": 3933,
            "gross_margin": 0.09,
            "gross_margin_4q_avg": -0.52,
            "net_income": -69295,
            "revenue": 4606846,
            "common_shares": 5027331,
            "book_valuer_per_share": 8.43,
            "book_valuer_per_share_4q_avg": 7.99,
            "equity": 5048798,
            "current_ratio": 104.86,
            "debt_ratio": 52.38,
            "inventory_turnover_ratio": 3.16,
            "account_receivable_turnover_ratio": 2.83,
            "reinvestment_rate": null,
            "research_to_sale_ratio": 0.82,
            "price_fair": 5.88,
            "eps_avg_yearly": 1.96,
            "eps_latest_yearly": 0.52,
            "eps_growth_yearly": -81.28
        },
        "20131": {
            "year_quarter": 20131,
            "year": 2013,
            "quarter": 1,
            "eps": 0.04,
            "eps_growth_year": null,
            "eps_4q": -0.61,
            "eps_4q_growth_year": null,
            "roe": 0.51,
            "roe_4q": -6.52,
            "gross_profit": 170319,
            "gross_margin": 3.43,
            "gross_margin_4q_avg": 0.58,
            "net_income": 25820,
            "revenue": 4958708,
            "common_shares": 5027331,
            "book_valuer_per_share": 8.44,
            "book_valuer_per_share_4q_avg": 8.02,
            "equity": 5175590,
            "current_ratio": 105.63,
            "debt_ratio": 51.89,
            "inventory_turnover_ratio": 3.75,
            "account_receivable_turnover_ratio": 3.34,
            "reinvestment_rate": null,
            "research_to_sale_ratio": 0.18,
            "price_fair": 5.88,
            "eps_avg_yearly": 1.96,
            "eps_latest_yearly": 0.52,
            "eps_growth_yearly": -81.28
        },
        "20132": {
            "year_quarter": 20132,
            "year": 2013,
            "quarter": 2,
            "eps": 0.45,
            "eps_growth_year": null,
            "eps_4q": 0.39,
            "eps_4q_growth_year": null,
            "roe": 4.01,
            "roe_4q": 3.6599999999999993,
            "gross_profit": 357185,
            "gross_margin": 6.46,
            "gross_margin_4q_avg": 3.19,
            "net_income": 213844,
            "revenue": 5526378,
            "common_shares": 5027331,
            "book_valuer_per_share": 9.34,
            "book_valuer_per_share_4q_avg": 8.49,
            "equity": 5484772,
            "current_ratio": 102.54,
            "debt_ratio": 50.14,
            "inventory_turnover_ratio": 4.88,
            "account_receivable_turnover_ratio": 3.65,
            "reinvestment_rate": null,
            "research_to_sale_ratio": 0.02,
            "price_fair": 40.6,
            "eps_avg_yearly": 1.16,
            "eps_latest_yearly": 1.8,
            "eps_growth_yearly": 1880.59
        },
        "20133": {
            "year_quarter": 20133,
            "year": 2013,
            "quarter": 3,
            "eps": 1.07,
            "eps_growth_year": 1699.59,
            "eps_4q": 1.4,
            "eps_4q_growth_year": null,
            "roe": 9.08,
            "roe_4q": 12.27,
            "gross_profit": 645659,
            "gross_margin": 11.69,
            "gross_margin_4q_avg": 5.42,
            "net_income": 537203,
            "revenue": 5523448,
            "common_shares": 5027331,
            "book_valuer_per_share": 11.06,
            "book_valuer_per_share_4q_avg": 9.32,
            "equity": 6345232,
            "current_ratio": 117.24,
            "debt_ratio": 41.68,
            "inventory_turnover_ratio": 4.69,
            "account_receivable_turnover_ratio": 3.96,
            "reinvestment_rate": null,
            "research_to_sale_ratio": 0.08,
            "price_fair": 106.4,
            "eps_avg_yearly": 3.04,
            "eps_latest_yearly": 4.28,
            "eps_growth_yearly": 2325.56
        },
        "20134": {
            "year_quarter": 20134,
            "year": 2013,
            "quarter": 4,
            "eps": 0.59,
            "eps_growth_year": null,
            "eps_4q": 2.16,
            "eps_4q_growth_year": null,
            "roe": 3.72,
            "roe_4q": 17.320000000000004,
            "gross_profit": 300490,
            "gross_margin": 5.23,
            "gross_margin_4q_avg": 6.7,
            "net_income": 241776,
            "revenue": 5747998,
            "common_shares": 5027331,
            "book_valuer_per_share": 11.81,
            "book_valuer_per_share_4q_avg": 10.16,
            "equity": 6663176,
            "current_ratio": 122.19,
            "debt_ratio": 41.07,
            "inventory_turnover_ratio": 4.69,
            "account_receivable_turnover_ratio": 4.17,
            "reinvestment_rate": null,
            "research_to_sale_ratio": 0.1,
            "price_fair": 98.47,
            "eps_avg_yearly": 2.81,
            "eps_latest_yearly": 2.36,
            "eps_growth_yearly": 1490.56
        },
        "20141": {
            "year_quarter": 20141,
            "year": 2014,
            "quarter": 1,
            "eps": 0.02,
            "eps_growth_year": -50,
            "eps_4q": 2.14,
            "eps_4q_growth_year": null,
            "roe": 0.19,
            "roe_4q": 17,
            "gross_profit": 93912,
            "gross_margin": 1.79,
            "gross_margin_4q_avg": 6.29,
            "net_income": 12758,
            "revenue": 5258276,
            "common_shares": 5027331,
            "book_valuer_per_share": 11.66,
            "book_valuer_per_share_4q_avg": 10.97,
            "equity": 6587756,
            "current_ratio": 130.29,
            "debt_ratio": 39.11,
            "inventory_turnover_ratio": 3.88,
            "account_receivable_turnover_ratio": 3.97,
            "reinvestment_rate": null,
            "research_to_sale_ratio": 0.06,
            "price_fair": 74.55,
            "eps_avg_yearly": 2.13,
            "eps_latest_yearly": 0.08,
            "eps_growth_yearly": 1021.31
        },
        "20142": {
            "year_quarter": 20142,
            "year": 2014,
            "quarter": 2,
            "eps": 0.63,
            "eps_growth_year": 40,
            "eps_4q": 2.2,
            "eps_4q_growth_year": 457.08,
            "roe": 4.63,
            "roe_4q": 17.62,
            "gross_profit": 17951,
            "gross_margin": 0.39,
            "gross_margin_4q_avg": 4.78,
            "net_income": 301513,
            "revenue": 4587215,
            "common_shares": 5027331,
            "book_valuer_per_share": 11.88,
            "book_valuer_per_share_4q_avg": 11.6,
            "equity": 6445247,
            "current_ratio": 132.62,
            "debt_ratio": 39.7,
            "inventory_turnover_ratio": 3.84,
            "account_receivable_turnover_ratio": 3.75,
            "reinvestment_rate": 1047.86,
            "research_to_sale_ratio": 0.04,
            "price_fair": 77.28,
            "eps_avg_yearly": 2.21,
            "eps_latest_yearly": 2.52,
            "eps_growth_yearly": 3257.05
        },
        "20143": {
            "year_quarter": 20143,
            "year": 2014,
            "quarter": 3,
            "eps": -0.18,
            "eps_growth_year": -116.82,
            "eps_4q": 1,
            "eps_4q_growth_year": -28.69,
            "roe": -1.46,
            "roe_4q": 7.08,
            "gross_profit": -98641,
            "gross_margin": -2.19,
            "gross_margin_4q_avg": 1.31,
            "net_income": -90406,
            "revenue": 4496697,
            "common_shares": 5278698,
            "book_valuer_per_share": 10.65,
            "book_valuer_per_share_4q_avg": 11.5,
            "equity": 5917515,
            "current_ratio": 138.85,
            "debt_ratio": 40.11,
            "inventory_turnover_ratio": 4.79,
            "account_receivable_turnover_ratio": 4.7,
            "reinvestment_rate": 2596.24,
            "research_to_sale_ratio": 0.16,
            "price_fair": 77.28,
            "eps_avg_yearly": 2.21,
            "eps_latest_yearly": 2.52,
            "eps_growth_yearly": 3257.05
        },
        "20144": {
            "year_quarter": 20144,
            "year": 2014,
            "quarter": 4,
            "eps": -0.51,
            "eps_growth_year": -187.05,
            "eps_4q": -0.07,
            "eps_4q_growth_year": -103.37,
            "roe": -4.76,
            "roe_4q": -1.4,
            "gross_profit": -157627,
            "gross_margin": -5.3,
            "gross_margin_4q_avg": -1.33,
            "net_income": -275781,
            "revenue": 2976079,
            "common_shares": 5278698,
            "book_valuer_per_share": 10.16,
            "book_valuer_per_share_4q_avg": 11.09,
            "equity": 5658764,
            "current_ratio": 132.1,
            "debt_ratio": 39.8,
            "inventory_turnover_ratio": 4.34,
            "account_receivable_turnover_ratio": 4.68,
            "reinvestment_rate": null,
            "research_to_sale_ratio": 0.33,
            "price_fair": 77.28,
            "eps_avg_yearly": 2.21,
            "eps_latest_yearly": 2.52,
            "eps_growth_yearly": 3257.05
        },
        "20151": {
            "year_quarter": 20151,
            "year": 2015,
            "quarter": 1,
            "eps": 0.05,
            "eps_growth_year": 150,
            "eps_4q": -0.04,
            "eps_4q_growth_year": -102.09,
            "roe": 0.52,
            "roe_4q": -1.0700000000000003,
            "gross_profit": 125451,
            "gross_margin": 5.53,
            "gross_margin_4q_avg": -0.39,
            "net_income": 29497,
            "revenue": 2268323,
            "common_shares": 5278698,
            "book_valuer_per_share": 10.37,
            "book_valuer_per_share_4q_avg": 10.77,
            "equity": 5773156,
            "current_ratio": 126.26,
            "debt_ratio": 42.16,
            "inventory_turnover_ratio": 3.93,
            "account_receivable_turnover_ratio": 3.16,
            "reinvestment_rate": 45410.97,
            "research_to_sale_ratio": 0.12,
            "price_fair": 77.28,
            "eps_avg_yearly": 2.21,
            "eps_latest_yearly": 2.52,
            "eps_growth_yearly": 3257.05
        },
        "20152": {
            "year_quarter": 20152,
            "year": 2015,
            "quarter": 2,
            "eps": 0.96,
            "eps_growth_year": 52.38,
            "eps_4q": 0.32,
            "eps_4q_growth_year": -85.29,
            "roe": 7.85,
            "roe_4q": 2.1499999999999995,
            "gross_profit": 713888,
            "gross_margin": 16.99,
            "gross_margin_4q_avg": 3.76,
            "net_income": 477723,
            "revenue": 4200884,
            "common_shares": 5278698,
            "book_valuer_per_share": 11.2,
            "book_valuer_per_share_4q_avg": 10.6,
            "equity": 6405198,
            "current_ratio": 132.04,
            "debt_ratio": 45.05,
            "inventory_turnover_ratio": 4.22,
            "account_receivable_turnover_ratio": 4.32,
            "reinvestment_rate": 131.97,
            "research_to_sale_ratio": 0.17,
            "price_fair": 86.8,
            "eps_avg_yearly": 2.48,
            "eps_latest_yearly": 3.84,
            "eps_growth_yearly": 3927.54
        },
        "20153": {
            "year_quarter": 20153,
            "year": 2015,
            "quarter": 3,
            "eps": 0.15,
            "eps_growth_year": null,
            "eps_4q": 0.65,
            "eps_4q_growth_year": -35.08,
            "roe": 0.77,
            "roe_4q": 4.379999999999999,
            "gross_profit": 190119,
            "gross_margin": 5.77,
            "gross_margin_4q_avg": 5.75,
            "net_income": 48703,
            "revenue": 3297448,
            "common_shares": 5278698,
            "book_valuer_per_share": 11.12,
            "book_valuer_per_share_4q_avg": 10.71,
            "equity": 6325326,
            "current_ratio": 141.34,
            "debt_ratio": 42.04,
            "inventory_turnover_ratio": 3.42,
            "account_receivable_turnover_ratio": 3.46,
            "reinvestment_rate": 137.24,
            "research_to_sale_ratio": 0.22,
            "price_fair": 77.4,
            "eps_avg_yearly": 2.21,
            "eps_latest_yearly": 0.6,
            "eps_growth_yearly": 3318.25
        },
        "20154": {
            "year_quarter": 20154,
            "year": 2015,
            "quarter": 4,
            "eps": 0.15,
            "eps_growth_year": null,
            "eps_4q": 1.31,
            "eps_4q_growth_year": null,
            "roe": 0.27,
            "roe_4q": 9.41,
            "gross_profit": 259847,
            "gross_margin": 7.74,
            "gross_margin_4q_avg": 9.01,
            "net_income": 17531,
            "revenue": 3355416,
            "common_shares": 5278698,
            "book_valuer_per_share": 11.74,
            "book_valuer_per_share_4q_avg": 11.11,
            "equity": 6585315,
            "current_ratio": 134.92,
            "debt_ratio": 44.64,
            "inventory_turnover_ratio": 4.02,
            "account_receivable_turnover_ratio": 4.46,
            "reinvestment_rate": 106.97,
            "research_to_sale_ratio": 0.45,
            "price_fair": 70.35,
            "eps_avg_yearly": 2.01,
            "eps_latest_yearly": 0.6,
            "eps_growth_yearly": 2903.47
        },
        "20161": {
            "year_quarter": 20161,
            "year": 2016,
            "quarter": 1,
            "eps": 0.78,
            "eps_growth_year": 1460,
            "eps_4q": 2.04,
            "eps_4q_growth_year": null,
            "roe": 5.84,
            "roe_4q": 14.729999999999999,
            "gross_profit": 634936,
            "gross_margin": 18.05,
            "gross_margin_4q_avg": 12.14,
            "net_income": 395950,
            "revenue": 3517882,
            "common_shares": 5278698,
            "book_valuer_per_share": 12.51,
            "book_valuer_per_share_4q_avg": 11.64,
            "equity": 6976245,
            "current_ratio": 150.64,
            "debt_ratio": 42.02,
            "inventory_turnover_ratio": 4.17,
            "account_receivable_turnover_ratio": 4.34,
            "reinvestment_rate": 79.86,
            "research_to_sale_ratio": 0.11,
            "price_fair": 74.67,
            "eps_avg_yearly": 2.13,
            "eps_latest_yearly": 3.12,
            "eps_growth_yearly": 2767.53
        },
        "20162": {
            "year_quarter": 20162,
            "year": 2016,
            "quarter": 2,
            "eps": 0.42,
            "eps_growth_year": -56.25,
            "eps_4q": 1.5,
            "eps_4q_growth_year": 364.39,
            "roe": 2.82,
            "roe_4q": 9.7,
            "gross_profit": 419683,
            "gross_margin": 12.89,
            "gross_margin_4q_avg": 11.11,
            "net_income": 191126,
            "revenue": 3256934,
            "common_shares": 5278698,
            "book_valuer_per_share": 11.71,
            "book_valuer_per_share_4q_avg": 11.77,
            "equity": 6588563,
            "current_ratio": 133.12,
            "debt_ratio": 42.35,
            "inventory_turnover_ratio": 4.44,
            "account_receivable_turnover_ratio": 4.11,
            "reinvestment_rate": 59.43,
            "research_to_sale_ratio": 0.27,
            "price_fair": 73.08,
            "eps_avg_yearly": 2.09,
            "eps_latest_yearly": 1.68,
            "eps_growth_yearly": 2472.31
        },
        "20163": {
            "year_quarter": 20163,
            "year": 2016,
            "quarter": 3,
            "eps": 0.76,
            "eps_growth_year": 406.67,
            "eps_4q": 2.11,
            "eps_4q_growth_year": 225.58,
            "roe": 5.72,
            "roe_4q": 14.649999999999999,
            "gross_profit": 499212,
            "gross_margin": 14.29,
            "gross_margin_4q_avg": 13.24,
            "net_income": 388439,
            "revenue": 3493726,
            "common_shares": 5278698,
            "book_valuer_per_share": 12.5,
            "book_valuer_per_share_4q_avg": 12.12,
            "equity": 6992316,
            "current_ratio": 165.04,
            "debt_ratio": 33.68,
            "inventory_turnover_ratio": 5.13,
            "account_receivable_turnover_ratio": 5.05,
            "reinvestment_rate": 41.72,
            "research_to_sale_ratio": 0.09,
            "price_fair": 76.11,
            "eps_avg_yearly": 2.17,
            "eps_latest_yearly": 3.04,
            "eps_growth_yearly": 2276.99
        },
        "20164": {
            "year_quarter": 20164,
            "year": 2016,
            "quarter": 4,
            "eps": 0.72,
            "eps_growth_year": 365.72,
            "eps_4q": 2.67,
            "eps_4q_growth_year": 103.43,
            "roe": 4.86,
            "roe_4q": 19.240000000000002,
            "gross_profit": 660861,
            "gross_margin": 17.37,
            "gross_margin_4q_avg": 15.65,
            "net_income": 353412,
            "revenue": 3804930,
            "common_shares": 5278698,
            "book_valuer_per_share": 13.61,
            "book_valuer_per_share_4q_avg": 12.58,
            "equity": 7550133,
            "current_ratio": 158.92,
            "debt_ratio": 35.95,
            "inventory_turnover_ratio": 6.03,
            "account_receivable_turnover_ratio": 4.36,
            "reinvestment_rate": 39.76,
            "research_to_sale_ratio": 0.19,
            "price_fair": 78.17,
            "eps_avg_yearly": 2.23,
            "eps_latest_yearly": 2.88,
            "eps_growth_yearly": 2085.49
        },
        "20171": {
            "year_quarter": 20171,
            "year": 2017,
            "quarter": 1,
            "eps": 0.83,
            "eps_growth_year": 6.41,
            "eps_4q": 2.72,
            "eps_4q_growth_year": 33.04,
            "roe": 5.42,
            "roe_4q": 18.82,
            "gross_profit": 592569,
            "gross_margin": 16.84,
            "gross_margin_4q_avg": 15.35,
            "net_income": 428217,
            "revenue": 3518791,
            "common_shares": 5278698,
            "book_valuer_per_share": 14.95,
            "book_valuer_per_share_4q_avg": 13.19,
            "equity": 8241828,
            "current_ratio": 202.19,
            "debt_ratio": 29.04,
            "inventory_turnover_ratio": 4.59,
            "account_receivable_turnover_ratio": 3.18,
            "reinvestment_rate": 42.86,
            "research_to_sale_ratio": 0.23,
            "price_fair": 81.09,
            "eps_avg_yearly": 2.32,
            "eps_latest_yearly": 3.32,
            "eps_growth_yearly": 1929.77
        },
        "20172": {
            "year_quarter": 20172,
            "year": 2017,
            "quarter": 2,
            "eps": 0.19,
            "eps_growth_year": -54.76,
            "eps_4q": 2.49,
            "eps_4q_growth_year": 66.01,
            "roe": 1.18,
            "roe_4q": 17.18,
            "gross_profit": 204734,
            "gross_margin": 5.72,
            "gross_margin_4q_avg": 13.56,
            "net_income": 90221,
            "revenue": 3581540,
            "common_shares": 5278698,
            "book_valuer_per_share": 12.82,
            "book_valuer_per_share_4q_avg": 13.47,
            "equity": 7112566,
            "current_ratio": 135.27,
            "debt_ratio": 38.12,
            "inventory_turnover_ratio": 5.14,
            "account_receivable_turnover_ratio": 2.92,
            "reinvestment_rate": 34.71,
            "research_to_sale_ratio": 0.17,
            "price_fair": 78.29,
            "eps_avg_yearly": 2.24,
            "eps_latest_yearly": 0.76,
            "eps_growth_yearly": 1590.66
        },
        "20173": {
            "year_quarter": 20173,
            "year": 2017,
            "quarter": 3,
            "eps": 0.71,
            "eps_growth_year": -6.58,
            "eps_4q": 2.44,
            "eps_4q_growth_year": 15.73,
            "roe": 5,
            "roe_4q": 16.46,
            "gross_profit": 537518,
            "gross_margin": 13.98,
            "gross_margin_4q_avg": 13.48,
            "net_income": 363735,
            "revenue": 3845369,
            "common_shares": 5278698,
            "book_valuer_per_share": 13.46,
            "book_valuer_per_share_4q_avg": 13.71,
            "equity": 7428555,
            "current_ratio": 183.76,
            "debt_ratio": 28.16,
            "inventory_turnover_ratio": 5.68,
            "account_receivable_turnover_ratio": 2.92,
            "reinvestment_rate": 23.67,
            "research_to_sale_ratio": 0.17,
            "price_fair": 74.42,
            "eps_avg_yearly": 2.13,
            "eps_latest_yearly": 2.84,
            "eps_growth_yearly": 1632.48
        },
        "20174": {
            "year_quarter": 20174,
            "year": 2017,
            "quarter": 4,
            "eps": 0.27,
            "eps_growth_year": -62.08,
            "eps_4q": 2,
            "eps_4q_growth_year": -25.2,
            "roe": 1.37,
            "roe_4q": 12.969999999999999,
            "gross_profit": 354395,
            "gross_margin": 9.31,
            "gross_margin_4q_avg": 11.46,
            "net_income": 102420,
            "revenue": 3805126,
            "common_shares": 5278698,
            "book_valuer_per_share": 13.81,
            "book_valuer_per_share_4q_avg": 13.76,
            "equity": 7572262,
            "current_ratio": 176.39,
            "debt_ratio": 30.69,
            "inventory_turnover_ratio": 5.55,
            "account_receivable_turnover_ratio": 2.81,
            "reinvestment_rate": 23.72,
            "research_to_sale_ratio": 0.24,
            "price_fair": 70.97,
            "eps_avg_yearly": 2.03,
            "eps_latest_yearly": 1.08,
            "eps_growth_yearly": 1627.21
        },
        "20181": {
            "year_quarter": 20181,
            "year": 2018,
            "quarter": 1,
            "eps": 0.75,
            "eps_growth_year": -9.64,
            "eps_4q": 1.92,
            "eps_4q_growth_year": -29.43,
            "roe": 5,
            "roe_4q": 12.55,
            "gross_profit": 546139,
            "gross_margin": 13.64,
            "gross_margin_4q_avg": 10.66,
            "net_income": 387014,
            "revenue": 4004442,
            "common_shares": 5278698,
            "book_valuer_per_share": 14.44,
            "book_valuer_per_share_4q_avg": 13.63,
            "equity": 7900169,
            "current_ratio": 195.82,
            "debt_ratio": 28.62,
            "inventory_turnover_ratio": 5.31,
            "account_receivable_turnover_ratio": 3,
            "reinvestment_rate": 11.02,
            "research_to_sale_ratio": 0.36,
            "price_fair": 78.83,
            "eps_avg_yearly": 2.25,
            "eps_latest_yearly": 3,
            "eps_growth_yearly": 1711.64
        },
        "20182": {
            "year_quarter": 20182,
            "year": 2018,
            "quarter": 2,
            "eps": 0.65,
            "eps_growth_year": 242.11,
            "eps_4q": 2.38,
            "eps_4q_growth_year": -4.64,
            "roe": 4.28,
            "roe_4q": 15.650000000000002,
            "gross_profit": 622040,
            "gross_margin": 15.28,
            "gross_margin_4q_avg": 13.05,
            "net_income": 327274,
            "revenue": 4071720,
            "common_shares": 5278698,
            "book_valuer_per_share": 13.49,
            "book_valuer_per_share_4q_avg": 13.8,
            "equity": 7381559,
            "current_ratio": 144.97,
            "debt_ratio": 33.26,
            "inventory_turnover_ratio": 5.31,
            "account_receivable_turnover_ratio": 2.92,
            "reinvestment_rate": 11.66,
            "research_to_sale_ratio": 0.28,
            "price_fair": 79.05,
            "eps_avg_yearly": 2.26,
            "eps_latest_yearly": 2.6,
            "eps_growth_yearly": 769.07
        },
        "20183": {
            "year_quarter": 20183,
            "year": 2018,
            "quarter": 3,
            "eps": 0.8,
            "eps_growth_year": 12.68,
            "eps_4q": 2.47,
            "eps_4q_growth_year": 0.95,
            "roe": 5.54,
            "roe_4q": 16.19,
            "gross_profit": 670997,
            "gross_margin": 17.18,
            "gross_margin_4q_avg": 13.85,
            "net_income": 420163,
            "revenue": 3905690,
            "common_shares": 5278698,
            "book_valuer_per_share": 14.27,
            "book_valuer_per_share_4q_avg": 14,
            "equity": 7791853,
            "current_ratio": 167.85,
            "debt_ratio": 29.81,
            "inventory_turnover_ratio": 4.27,
            "account_receivable_turnover_ratio": 2.66,
            "reinvestment_rate": 13.15,
            "research_to_sale_ratio": 0.23,
            "price_fair": 81.4,
            "eps_avg_yearly": 2.33,
            "eps_latest_yearly": 3.2,
            "eps_growth_yearly": 720.73
        },
        "20184": {
            "year_quarter": 20184,
            "year": 2018,
            "quarter": 4,
            "eps": 0.11,
            "eps_growth_year": -60.08,
            "eps_4q": 2.3,
            "eps_4q_growth_year": 15.22,
            "roe": 0.68,
            "roe_4q": 15.5,
            "gross_profit": 137818,
            "gross_margin": 4.05,
            "gross_margin_4q_avg": 12.54,
            "net_income": 52343,
            "revenue": 3400802,
            "common_shares": 5278698,
            "book_valuer_per_share": 14.14,
            "book_valuer_per_share_4q_avg": 14.09,
            "equity": 7717414,
            "current_ratio": 172.55,
            "debt_ratio": 26.57,
            "inventory_turnover_ratio": 4.2,
            "account_receivable_turnover_ratio": 2.8,
            "reinvestment_rate": 4.53,
            "research_to_sale_ratio": 0.05,
            "price_fair": 77,
            "eps_avg_yearly": 2.2,
            "eps_latest_yearly": 0.44,
            "eps_growth_yearly": 649.68
        },
        "20191": {
            "year_quarter": 20191,
            "year": 2019,
            "quarter": 1,
            "eps": 0.63,
            "eps_growth_year": -16,
            "eps_4q": 2.19,
            "eps_4q_growth_year": 14.09,
            "roe": 4.2,
            "roe_4q": 14.7,
            "gross_profit": 448128,
            "gross_margin": 15.26,
            "gross_margin_4q_avg": 12.94,
            "net_income": 328498,
            "revenue": 2937390,
            "common_shares": 5278698,
            "book_valuer_per_share": 14.56,
            "book_valuer_per_share_4q_avg": 14.12,
            "equity": 7937344,
            "current_ratio": 193.22,
            "debt_ratio": 22.88,
            "inventory_turnover_ratio": 3.94,
            "account_receivable_turnover_ratio": 3.06,
            "reinvestment_rate": -3.05,
            "research_to_sale_ratio": 0.21,
            "price_fair": 77.7,
            "eps_avg_yearly": 2.22,
            "eps_latest_yearly": 2.52,
            "eps_growth_yearly": 727.26
        },
        "20192": {
            "year_quarter": 20192,
            "year": 2019,
            "quarter": 2,
            "eps": 0.58,
            "eps_growth_year": -10.77,
            "eps_4q": 2.12,
            "eps_4q_growth_year": -10.76,
            "roe": 4.05,
            "roe_4q": 14.469999999999999,
            "gross_profit": 477405,
            "gross_margin": 14.39,
            "gross_margin_4q_avg": 12.72,
            "net_income": 306143,
            "revenue": 3318216,
            "common_shares": 5278698,
            "book_valuer_per_share": 13.16,
            "book_valuer_per_share_4q_avg": 14.03,
            "equity": 7187223,
            "current_ratio": 139.45,
            "debt_ratio": 31,
            "inventory_turnover_ratio": 5.85,
            "account_receivable_turnover_ratio": 3.09,
            "reinvestment_rate": -17.04,
            "research_to_sale_ratio": 0.1,
            "price_fair": 74.38,
            "eps_avg_yearly": 2.13,
            "eps_latest_yearly": 2.32,
            "eps_growth_yearly": 270.28
        },
        "20193": {
            "year_quarter": 20193,
            "year": 2019,
            "quarter": 3,
            "eps": 0.39,
            "eps_growth_year": -51.25,
            "eps_4q": 1.71,
            "eps_4q_growth_year": -30.5,
            "roe": 2.86,
            "roe_4q": 11.79,
            "gross_profit": 421409,
            "gross_margin": 13.15,
            "gross_margin_4q_avg": 11.71,
            "net_income": 207894,
            "revenue": 3204611,
            "common_shares": 5278698,
            "book_valuer_per_share": 13.52,
            "book_valuer_per_share_4q_avg": 13.85,
            "equity": 7376126,
            "current_ratio": 180.85,
            "debt_ratio": 22,
            "inventory_turnover_ratio": 7.13,
            "account_receivable_turnover_ratio": 2.89,
            "reinvestment_rate": -16.54,
            "research_to_sale_ratio": 0.13,
            "price_fair": 76.48,
            "eps_avg_yearly": 2.19,
            "eps_latest_yearly": 1.56,
            "eps_growth_yearly": 283.18
        },
        "20194": {
            "year_quarter": 20194,
            "year": 2019,
            "quarter": 4,
            "eps": 0.06,
            "eps_growth_year": -40.52,
            "eps_4q": 1.67,
            "eps_4q_growth_year": -27.49,
            "roe": 0.54,
            "roe_4q": 11.649999999999999,
            "gross_profit": 44995,
            "gross_margin": 1.63,
            "gross_margin_4q_avg": 11.11,
            "net_income": 39221,
            "revenue": 2759172,
            "common_shares": 5278698,
            "book_valuer_per_share": 13.3,
            "book_valuer_per_share_4q_avg": 13.64,
            "equity": 7229260,
            "current_ratio": 178.02,
            "debt_ratio": 22.3,
            "inventory_turnover_ratio": 6.81,
            "account_receivable_turnover_ratio": 2.91,
            "reinvestment_rate": -30.29,
            "research_to_sale_ratio": 0.26,
            "price_fair": 75.69,
            "eps_avg_yearly": 2.16,
            "eps_latest_yearly": 0.24,
            "eps_growth_yearly": 262.03
        },
        "20201": {
            "year_quarter": 20201,
            "year": 2020,
            "quarter": 1,
            "eps": -0.59,
            "eps_growth_year": -193.65,
            "eps_4q": 0.45,
            "eps_4q_growth_year": -79.53,
            "roe": -4.45,
            "roe_4q": 2.9999999999999996,
            "gross_profit": -300515,
            "gross_margin": -17.68,
            "gross_margin_4q_avg": 2.87,
            "net_income": -310714,
            "revenue": 1699858,
            "common_shares": 5278698,
            "book_valuer_per_share": 12.39,
            "book_valuer_per_share_4q_avg": 13.09,
            "equity": 6740007,
            "current_ratio": 195.11,
            "debt_ratio": 17.56,
            "inventory_turnover_ratio": 5.37,
            "account_receivable_turnover_ratio": 2.66,
            "reinvestment_rate": -42.93,
            "research_to_sale_ratio": 0.13,
            "price_fair": 73.45,
            "eps_avg_yearly": 2.1,
            "eps_latest_yearly": 0.24,
            "eps_growth_yearly": 167.49
        },
        "20202": {
            "year_quarter": 20202,
            "year": 2020,
            "quarter": 2,
            "eps": 0.28,
            "eps_growth_year": -51.72,
            "eps_4q": 0.14,
            "eps_4q_growth_year": -93.36,
            "roe": 2.19,
            "roe_4q": 1.1399999999999997,
            "gross_profit": 103643,
            "gross_margin": 5.53,
            "gross_margin_4q_avg": 0.66,
            "net_income": 144222,
            "revenue": 1875476,
            "common_shares": 5278698,
            "book_valuer_per_share": 11.85,
            "book_valuer_per_share_4q_avg": 12.77,
            "equity": 6446572,
            "current_ratio": 149.39,
            "debt_ratio": 21.88,
            "inventory_turnover_ratio": 4.9,
            "account_receivable_turnover_ratio": 3.49,
            "reinvestment_rate": -37.9,
            "research_to_sale_ratio": 0.03,
            "price_fair": 74.5,
            "eps_avg_yearly": 2.13,
            "eps_latest_yearly": 0.24,
            "eps_growth_yearly": 192.65
        },
        "20203": {
            "year_quarter": 20203,
            "year": 2020,
            "quarter": 3,
            "eps": 0.01,
            "eps_growth_year": -97.44,
            "eps_4q": -0.24,
            "eps_4q_growth_year": -113.9,
            "roe": 0.12,
            "roe_4q": -1.6,
            "gross_profit": 28767,
            "gross_margin": 1.45,
            "gross_margin_4q_avg": -2.27,
            "net_income": 7432,
            "revenue": 1984109,
            "common_shares": 5278698,
            "book_valuer_per_share": 11.85,
            "book_valuer_per_share_4q_avg": 12.35,
            "equity": 6451983,
            "current_ratio": 198.76,
            "debt_ratio": 15.1,
            "inventory_turnover_ratio": 5.69,
            "account_receivable_turnover_ratio": 3.04,
            "reinvestment_rate": -39.9,
            "research_to_sale_ratio": 0.13,
            "price_fair": 67,
            "eps_avg_yearly": 1.91,
            "eps_latest_yearly": 0.04,
            "eps_growth_yearly": 141.97
        },
        "20204": {
            "year_quarter": 20204,
            "year": 2020,
            "quarter": 4,
            "eps": 0.84,
            "eps_growth_year": 1205.43,
            "eps_4q": 0.54,
            "eps_4q_growth_year": -67.8,
            "roe": 6.39,
            "roe_4q": 4.249999999999999,
            "gross_profit": 473208,
            "gross_margin": 18.53,
            "gross_margin_4q_avg": 1.96,
            "net_income": 444689,
            "revenue": 2553782,
            "common_shares": 5278698,
            "book_valuer_per_share": 13.77,
            "book_valuer_per_share_4q_avg": 12.47,
            "equity": 7463726,
            "current_ratio": 203.49,
            "debt_ratio": 17.18,
            "inventory_turnover_ratio": 5.89,
            "account_receivable_turnover_ratio": 3.34,
            "reinvestment_rate": -35.51,
            "research_to_sale_ratio": 0.04,
            "price_fair": 68.2,
            "eps_avg_yearly": 1.95,
            "eps_latest_yearly": 3.36,
            "eps_growth_yearly": 2514.9
        },
        "20211": {
            "year_quarter": 20211,
            "year": 2021,
            "quarter": 1,
            "eps": 0.45,
            "eps_growth_year": null,
            "eps_4q": 1.58,
            "eps_4q_growth_year": 253.16,
            "roe": 3.16,
            "roe_4q": 11.86,
            "gross_profit": 287429,
            "gross_margin": 13.44,
            "gross_margin_4q_avg": 9.74,
            "net_income": 241424,
            "revenue": 2137879,
            "common_shares": 5278698,
            "book_valuer_per_share": 14.41,
            "book_valuer_per_share_4q_avg": 12.97,
            "equity": 7805631,
            "current_ratio": 242.07,
            "debt_ratio": 14.58,
            "inventory_turnover_ratio": 3.45,
            "account_receivable_turnover_ratio": 2.75,
            "reinvestment_rate": -42.77,
            "research_to_sale_ratio": 0.03,
            "price_fair": 64.4,
            "eps_avg_yearly": 1.84,
            "eps_latest_yearly": 1.8,
            "eps_growth_yearly": 2497.27
        },
        "20212": {
            "year_quarter": 20212,
            "year": 2021,
            "quarter": 2,
            "eps": 0.47,
            "eps_growth_year": 67.86,
            "eps_4q": 1.78,
            "eps_4q_growth_year": 1161.71,
            "roe": 3.12,
            "roe_4q": 12.79,
            "gross_profit": 203449,
            "gross_margin": 5.93,
            "gross_margin_4q_avg": 9.84,
            "net_income": 247985,
            "revenue": 3430211,
            "common_shares": 5278698,
            "book_valuer_per_share": 14.95,
            "book_valuer_per_share_4q_avg": 13.75,
            "equity": 8100094,
            "current_ratio": 228.34,
            "debt_ratio": 16.92,
            "inventory_turnover_ratio": 5.72,
            "account_receivable_turnover_ratio": 3.86,
            "reinvestment_rate": -37.56,
            "research_to_sale_ratio": 0.02,
            "price_fair": 67.2,
            "eps_avg_yearly": 1.92,
            "eps_latest_yearly": 1.88,
            "eps_growth_yearly": 2520.57
        },
        "20213": {
            "year_quarter": 20213,
            "year": 2021,
            "quarter": 3,
            "eps": -0.28,
            "eps_growth_year": -2900,
            "eps_4q": 1.49,
            "eps_4q_growth_year": null,
            "roe": -1.89,
            "roe_4q": 10.780000000000001,
            "gross_profit": -130597,
            "gross_margin": -3.97,
            "gross_margin_4q_avg": 8.48,
            "net_income": -149464,
            "revenue": 3288328,
            "common_shares": 5278698,
            "book_valuer_per_share": 14.18,
            "book_valuer_per_share_4q_avg": 14.33,
            "equity": 7694707,
            "current_ratio": 203.9,
            "debt_ratio": 17.12,
            "inventory_turnover_ratio": 7.85,
            "account_receivable_turnover_ratio": 3.08,
            "reinvestment_rate": -39.71,
            "research_to_sale_ratio": 0.01,
            "price_fair": 64.72,
            "eps_avg_yearly": 1.85,
            "eps_latest_yearly": 1.88,
            "eps_growth_yearly": 2630.25
        },
        "20214": {
            "year_quarter": 20214,
            "year": 2021,
            "quarter": 4,
            "eps": -0.45,
            "eps_growth_year": -153.29,
            "eps_4q": 0.2,
            "eps_4q_growth_year": -63.17,
            "roe": -3.12,
            "roe_4q": 1.2700000000000005,
            "gross_profit": -227369,
            "gross_margin": -7.96,
            "gross_margin_4q_avg": 1.86,
            "net_income": -234706,
            "revenue": 2857598,
            "common_shares": 5278698,
            "book_valuer_per_share": 13.57,
            "book_valuer_per_share_4q_avg": 14.28,
            "equity": 7371126,
            "current_ratio": 167.09,
            "debt_ratio": 20.73,
            "inventory_turnover_ratio": 5.09,
            "account_receivable_turnover_ratio": 2.92,
            "reinvestment_rate": -42.43,
            "research_to_sale_ratio": 0.02,
            "price_fair": 66.97,
            "eps_avg_yearly": 1.91,
            "eps_latest_yearly": 1.88,
            "eps_growth_yearly": 2870.09
        },
        "20221": {
            "year_quarter": 20221,
            "year": 2022,
            "quarter": 1,
            "eps": 0.18,
            "eps_growth_year": -60,
            "eps_4q": -0.08,
            "eps_4q_growth_year": -104.75,
            "roe": 1.82,
            "roe_4q": -0.06999999999999984,
            "gross_profit": 99798,
            "gross_margin": 2.82,
            "gross_margin_4q_avg": -0.8,
            "net_income": 135720,
            "revenue": 3535614,
            "common_shares": 5278698,
            "book_valuer_per_share": 13.74,
            "book_valuer_per_share_4q_avg": 14.11,
            "equity": 7508177,
            "current_ratio": 195.96,
            "debt_ratio": 18.56,
            "inventory_turnover_ratio": 5.71,
            "account_receivable_turnover_ratio": 3.16,
            "reinvestment_rate": -35.3,
            "research_to_sale_ratio": 0.01,
            "price_fair": 63.51,
            "eps_avg_yearly": 1.81,
            "eps_latest_yearly": 1.88,
            "eps_growth_yearly": 3066.36
        },
        "20222": {
            "year_quarter": 20222,
            "year": 2022,
            "quarter": 2,
            "eps": -0.28,
            "eps_growth_year": -159.57,
            "eps_4q": -0.83,
            "eps_4q_growth_year": -146.48,
            "roe": -2.04,
            "roe_4q": -5.2299999999999995,
            "gross_profit": -96499,
            "gross_margin": -2.52,
            "gross_margin_4q_avg": -2.91,
            "net_income": -149511,
            "revenue": 3822078,
            "common_shares": 5278698,
            "book_valuer_per_share": 13.13,
            "book_valuer_per_share_4q_avg": 13.66,
            "equity": 7182280,
            "current_ratio": 154.02,
            "debt_ratio": 26.3,
            "inventory_turnover_ratio": 5.39,
            "account_receivable_turnover_ratio": 3.1,
            "reinvestment_rate": -51.6,
            "research_to_sale_ratio": 0.02,
            "price_fair": 60.76,
            "eps_avg_yearly": 1.74,
            "eps_latest_yearly": 1.88,
            "eps_growth_yearly": 3378.33
        },
        "20223": {
            "year_quarter": 20223,
            "year": 2022,
            "quarter": 3,
            "eps": -0.33,
            "eps_growth_year": null,
            "eps_4q": -0.88,
            "eps_4q_growth_year": -159.22,
            "roe": -2.48,
            "roe_4q": -5.819999999999999,
            "gross_profit": -196649,
            "gross_margin": -6.47,
            "gross_margin_4q_avg": -3.53,
            "net_income": -175434,
            "revenue": 3040831,
            "common_shares": 5278698,
            "book_valuer_per_share": 12.73,
            "book_valuer_per_share_4q_avg": 13.29,
            "equity": 6971674,
            "current_ratio": 186.08,
            "debt_ratio": 18.3,
            "inventory_turnover_ratio": 4.43,
            "account_receivable_turnover_ratio": 3,
            "reinvestment_rate": -85.96,
            "research_to_sale_ratio": 0.03,
            "price_fair": 55.07,
            "eps_avg_yearly": 1.57,
            "eps_latest_yearly": 1.88,
            "eps_growth_yearly": 3743.45
        },
        "20224": {
            "year_quarter": 20224,
            "year": 2022,
            "quarter": 4,
            "eps": -0.28,
            "eps_growth_year": null,
            "eps_4q": -0.71,
            "eps_4q_growth_year": -457.45,
            "roe": -2.09,
            "roe_4q": -4.79,
            "gross_profit": -133515,
            "gross_margin": -5.44,
            "gross_margin_4q_avg": -2.9,
            "net_income": -142903,
            "revenue": 2455437,
            "common_shares": 5278698,
            "book_valuer_per_share": 12.26,
            "book_valuer_per_share_4q_avg": 12.97,
            "equity": 6722246,
            "current_ratio": 147.72,
            "debt_ratio": 24.58,
            "inventory_turnover_ratio": 5.43,
            "account_receivable_turnover_ratio": 2.65,
            "reinvestment_rate": -98.71,
            "research_to_sale_ratio": 0.02,
            "price_fair": 60.03,
            "eps_avg_yearly": 1.72,
            "eps_latest_yearly": 1.88,
            "eps_growth_yearly": 4254.5
        },
        "20231": {
            "year_quarter": 20231,
            "year": 2023,
            "quarter": 1,
            "eps": 0,
            "eps_growth_year": -100,
            "eps_4q": -0.89,
            "eps_4q_growth_year": null,
            "roe": -0.01,
            "roe_4q": -6.62,
            "gross_profit": 7691,
            "gross_margin": 0.33,
            "gross_margin_4q_avg": -3.53,
            "net_income": -588,
            "revenue": 2318484,
            "common_shares": 5278698,
            "book_valuer_per_share": 12.43,
            "book_valuer_per_share_4q_avg": 12.64,
            "equity": 6810626,
            "current_ratio": 145.98,
            "debt_ratio": 24.11,
            "inventory_turnover_ratio": 4.46,
            "account_receivable_turnover_ratio": 2.15,
            "reinvestment_rate": -142.36,
            "research_to_sale_ratio": 0,
            "price_fair": 56,
            "eps_avg_yearly": 1.6,
            "eps_latest_yearly": 1.88,
            "eps_growth_yearly": 4592.16
        }
    },
    "months": {
        "2001-06": {
            "month": "2001-06",
            "price": "18.38",
            "revenue": 384308
        },
        "2001-07": {
            "month": "2001-07",
            "price": "13.52",
            "revenue": 242507
        },
        "2001-08": {
            "month": "2001-08",
            "price": "12.65",
            "revenue": 362517
        },
        "2001-09": {
            "month": "2001-09",
            "price": "12.71",
            "revenue": 500873
        },
        "2001-10": {
            "month": "2001-10",
            "price": "10.95",
            "revenue": 503766
        },
        "2001-11": {
            "month": "2001-11",
            "price": "12.33",
            "revenue": 387203
        },
        "2001-12": {
            "month": "2001-12",
            "price": "15.11",
            "revenue": 383746
        },
        "2002-01": {
            "month": "2002-01",
            "price": "19.70",
            "revenue": 500396
        },
        "2002-02": {
            "month": "2002-02",
            "price": "20.36",
            "revenue": 364784
        },
        "2002-03": {
            "month": "2002-03",
            "price": "31.68",
            "revenue": 852949
        },
        "2002-04": {
            "month": "2002-04",
            "price": "32.40",
            "revenue": 623589
        },
        "2002-05": {
            "month": "2002-05",
            "price": "26.91",
            "revenue": 717893
        },
        "2002-06": {
            "month": "2002-06",
            "price": "27.28",
            "revenue": 463591
        },
        "2002-07": {
            "month": "2002-07",
            "price": "29.47",
            "revenue": 618175
        },
        "2002-08": {
            "month": "2002-08",
            "price": "30.59",
            "revenue": 725353
        },
        "2002-09": {
            "month": "2002-09",
            "price": "26.94",
            "revenue": 711326
        },
        "2002-10": {
            "month": "2002-10",
            "price": "24.26",
            "revenue": 698926
        },
        "2002-11": {
            "month": "2002-11",
            "price": "29.57",
            "revenue": 678322
        },
        "2002-12": {
            "month": "2002-12",
            "price": "33.14",
            "revenue": 693335
        },
        "2003-01": {
            "month": "2003-01",
            "price": "38.21",
            "revenue": 832066
        },
        "2003-02": {
            "month": "2003-02",
            "price": "33.39",
            "revenue": 814667
        },
        "2003-03": {
            "month": "2003-03",
            "price": "28.94",
            "revenue": 621653
        },
        "2003-04": {
            "month": "2003-04",
            "price": "29.31",
            "revenue": 444050
        },
        "2003-05": {
            "month": "2003-05",
            "price": "26.91",
            "revenue": 495098
        },
        "2003-06": {
            "month": "2003-06",
            "price": "30.37",
            "revenue": 683611
        },
        "2003-07": {
            "month": "2003-07",
            "price": "31.62",
            "revenue": 747445
        },
        "2003-08": {
            "month": "2003-08",
            "price": "33.27",
            "revenue": 710988
        },
        "2003-09": {
            "month": "2003-09",
            "price": "26.97",
            "revenue": 781162
        },
        "2003-10": {
            "month": "2003-10",
            "price": "29.09",
            "revenue": 677235
        },
        "2003-11": {
            "month": "2003-11",
            "price": "30.03",
            "revenue": 753319
        },
        "2003-12": {
            "month": "2003-12",
            "price": "31.03",
            "revenue": 958044
        },
        "2004-01": {
            "month": "2004-01",
            "price": "34.73",
            "revenue": 822169
        },
        "2004-02": {
            "month": "2004-02",
            "price": "32.38",
            "revenue": 856131
        },
        "2004-03": {
            "month": "2004-03",
            "price": "29.53",
            "revenue": 815797
        },
        "2004-04": {
            "month": "2004-04",
            "price": "28.44",
            "revenue": 649554
        },
        "2004-05": {
            "month": "2004-05",
            "price": "24.49",
            "revenue": 867190
        },
        "2004-06": {
            "month": "2004-06",
            "price": "23.70",
            "revenue": 1033912
        },
        "2004-07": {
            "month": "2004-07",
            "price": "24.78",
            "revenue": 976693
        },
        "2004-08": {
            "month": "2004-08",
            "price": "23.74",
            "revenue": 1532719
        },
        "2004-09": {
            "month": "2004-09",
            "price": "25.29",
            "revenue": 1426698
        },
        "2004-10": {
            "month": "2004-10",
            "price": "25.68",
            "revenue": 1541342
        },
        "2004-11": {
            "month": "2004-11",
            "price": "23.90",
            "revenue": 1350003
        },
        "2004-12": {
            "month": "2004-12",
            "price": "23.74",
            "revenue": 921311
        },
        "2005-01": {
            "month": "2005-01",
            "price": "23.51",
            "revenue": 1044675
        },
        "2005-02": {
            "month": "2005-02",
            "price": "22.95",
            "revenue": 1057562
        },
        "2005-03": {
            "month": "2005-03",
            "price": "22.24",
            "revenue": 1202751
        },
        "2005-04": {
            "month": "2005-04",
            "price": "18.27",
            "revenue": 904367
        },
        "2005-05": {
            "month": "2005-05",
            "price": "16.74",
            "revenue": 925285
        },
        "2005-06": {
            "month": "2005-06",
            "price": "18.86",
            "revenue": 891283
        },
        "2005-07": {
            "month": "2005-07",
            "price": "18.36",
            "revenue": 985377
        },
        "2005-08": {
            "month": "2005-08",
            "price": "17.02",
            "revenue": 1072038
        },
        "2005-09": {
            "month": "2005-09",
            "price": "14.72",
            "revenue": 1206265
        },
        "2005-10": {
            "month": "2005-10",
            "price": "14.94",
            "revenue": 990360
        },
        "2005-11": {
            "month": "2005-11",
            "price": "14.64",
            "revenue": 995090
        },
        "2005-12": {
            "month": "2005-12",
            "price": "14.88",
            "revenue": 1027373
        },
        "2006-01": {
            "month": "2006-01",
            "price": "16.04",
            "revenue": 918253
        },
        "2006-02": {
            "month": "2006-02",
            "price": "15.71",
            "revenue": 849412
        },
        "2006-03": {
            "month": "2006-03",
            "price": "13.85",
            "revenue": 766123
        },
        "2006-04": {
            "month": "2006-04",
            "price": "14.42",
            "revenue": 667699
        },
        "2006-05": {
            "month": "2006-05",
            "price": "14.49",
            "revenue": 840755
        },
        "2006-06": {
            "month": "2006-06",
            "price": "12.58",
            "revenue": 1325815
        },
        "2006-07": {
            "month": "2006-07",
            "price": "12.60",
            "revenue": 1243164
        },
        "2006-08": {
            "month": "2006-08",
            "price": "12.48",
            "revenue": 1497798
        },
        "2006-09": {
            "month": "2006-09",
            "price": "12.84",
            "revenue": 1106084
        },
        "2006-10": {
            "month": "2006-10",
            "price": "14.31",
            "revenue": 997645
        },
        "2006-11": {
            "month": "2006-11",
            "price": "13.98",
            "revenue": 1230413
        },
        "2006-12": {
            "month": "2006-12",
            "price": "14.36",
            "revenue": 1351981
        },
        "2007-01": {
            "month": "2007-01",
            "price": "14.15",
            "revenue": 1415133
        },
        "2007-02": {
            "month": "2007-02",
            "price": "14.00",
            "revenue": 1271336
        },
        "2007-03": {
            "month": "2007-03",
            "price": "13.31",
            "revenue": 1432547
        },
        "2007-04": {
            "month": "2007-04",
            "price": "14.42",
            "revenue": 1399139
        },
        "2007-05": {
            "month": "2007-05",
            "price": "14.28",
            "revenue": 1492767
        },
        "2007-06": {
            "month": "2007-06",
            "price": "14.59",
            "revenue": 1408925
        },
        "2007-07": {
            "month": "2007-07",
            "price": "17.21",
            "revenue": 1375341
        },
        "2007-08": {
            "month": "2007-08",
            "price": "15.55",
            "revenue": 1346089
        },
        "2007-09": {
            "month": "2007-09",
            "price": "15.98",
            "revenue": 1553195
        },
        "2007-10": {
            "month": "2007-10",
            "price": "17.60",
            "revenue": 1402475
        },
        "2007-11": {
            "month": "2007-11",
            "price": "15.19",
            "revenue": 1436341
        },
        "2007-12": {
            "month": "2007-12",
            "price": "13.79",
            "revenue": 1342186
        },
        "2008-01": {
            "month": "2008-01",
            "price": "13.08",
            "revenue": 1456891
        },
        "2008-02": {
            "month": "2008-02",
            "price": "13.24",
            "revenue": 953556
        },
        "2008-03": {
            "month": "2008-03",
            "price": "13.85",
            "revenue": 1399567
        },
        "2008-04": {
            "month": "2008-04",
            "price": "14.06",
            "revenue": 1471577
        },
        "2008-05": {
            "month": "2008-05",
            "price": "14.83",
            "revenue": 1489644
        },
        "2008-06": {
            "month": "2008-06",
            "price": "13.70",
            "revenue": 1593189
        },
        "2008-07": {
            "month": "2008-07",
            "price": "10.97",
            "revenue": 1395542
        },
        "2008-08": {
            "month": "2008-08",
            "price": "10.24",
            "revenue": 1267391
        },
        "2008-09": {
            "month": "2008-09",
            "price": "8.18",
            "revenue": 1189909
        },
        "2008-10": {
            "month": "2008-10",
            "price": "7.10",
            "revenue": 463029
        },
        "2008-11": {
            "month": "2008-11",
            "price": "7.22",
            "revenue": 209727
        },
        "2008-12": {
            "month": "2008-12",
            "price": "6.91",
            "revenue": 318704
        },
        "2009-01": {
            "month": "2009-01",
            "price": "7.38",
            "revenue": 472746
        },
        "2009-02": {
            "month": "2009-02",
            "price": "7.38",
            "revenue": 840222
        },
        "2009-03": {
            "month": "2009-03",
            "price": "8.26",
            "revenue": 1032159
        },
        "2009-04": {
            "month": "2009-04",
            "price": "11.66",
            "revenue": 1061206
        },
        "2009-05": {
            "month": "2009-05",
            "price": "13.51",
            "revenue": 1038713
        },
        "2009-06": {
            "month": "2009-06",
            "price": "12.45",
            "revenue": 880791
        },
        "2009-07": {
            "month": "2009-07",
            "price": "11.96",
            "revenue": 1138988
        },
        "2009-08": {
            "month": "2009-08",
            "price": "12.19",
            "revenue": 1066748
        },
        "2009-09": {
            "month": "2009-09",
            "price": "13.07",
            "revenue": 1084799
        },
        "2009-10": {
            "month": "2009-10",
            "price": "13.50",
            "revenue": 1012174
        },
        "2009-11": {
            "month": "2009-11",
            "price": "13.46",
            "revenue": 1094198
        },
        "2009-12": {
            "month": "2009-12",
            "price": "13.54",
            "revenue": 1187192
        },
        "2010-01": {
            "month": "2010-01",
            "price": "17.20",
            "revenue": 972902
        },
        "2010-02": {
            "month": "2010-02",
            "price": "17.13",
            "revenue": 941610
        },
        "2010-03": {
            "month": "2010-03",
            "price": "18.18",
            "revenue": 1244610
        },
        "2010-04": {
            "month": "2010-04",
            "price": "17.03",
            "revenue": 1236591
        },
        "2010-05": {
            "month": "2010-05",
            "price": "13.25",
            "revenue": 1238903
        },
        "2010-06": {
            "month": "2010-06",
            "price": "12.96",
            "revenue": 849650
        },
        "2010-07": {
            "month": "2010-07",
            "price": "13.50",
            "revenue": 1012755
        },
        "2010-08": {
            "month": "2010-08",
            "price": "14.03",
            "revenue": 1077774
        },
        "2010-09": {
            "month": "2010-09",
            "price": "13.67",
            "revenue": 1105891
        },
        "2010-10": {
            "month": "2010-10",
            "price": "14.26",
            "revenue": 1207810
        },
        "2010-11": {
            "month": "2010-11",
            "price": "13.92",
            "revenue": 1144045
        },
        "2010-12": {
            "month": "2010-12",
            "price": "14.00",
            "revenue": 1029457
        },
        "2011-01": {
            "month": "2011-01",
            "price": "14.78",
            "revenue": 1181301
        },
        "2011-02": {
            "month": "2011-02",
            "price": "14.40",
            "revenue": 1013631
        },
        "2011-03": {
            "month": "2011-03",
            "price": "13.67",
            "revenue": 1226593
        },
        "2011-04": {
            "month": "2011-04",
            "price": "13.88",
            "revenue": 1003766
        },
        "2011-05": {
            "month": "2011-05",
            "price": "13.06",
            "revenue": 1191584
        },
        "2011-06": {
            "month": "2011-06",
            "price": "11.81",
            "revenue": 1038697
        },
        "2011-07": {
            "month": "2011-07",
            "price": "12.06",
            "revenue": 790806
        },
        "2011-08": {
            "month": "2011-08",
            "price": "11.51",
            "revenue": 636216
        },
        "2011-09": {
            "month": "2011-09",
            "price": "8.26",
            "revenue": 995777
        },
        "2011-10": {
            "month": "2011-10",
            "price": "7.20",
            "revenue": 1269379
        },
        "2011-11": {
            "month": "2011-11",
            "price": "7.24",
            "revenue": 1254281
        },
        "2011-12": {
            "month": "2011-12",
            "price": "7.02",
            "revenue": 1272173
        },
        "2012-01": {
            "month": "2012-01",
            "price": "7.03",
            "revenue": 1263762
        },
        "2012-02": {
            "month": "2012-02",
            "price": "8.50",
            "revenue": 1287758
        },
        "2012-03": {
            "month": "2012-03",
            "price": "8.41",
            "revenue": 1142856
        },
        "2012-04": {
            "month": "2012-04",
            "price": "7.38",
            "revenue": 1048332
        },
        "2012-05": {
            "month": "2012-05",
            "price": "6.92",
            "revenue": 1188006
        },
        "2012-06": {
            "month": "2012-06",
            "price": "6.45",
            "revenue": 829503
        },
        "2012-07": {
            "month": "2012-07",
            "price": "6.58",
            "revenue": 1311086
        },
        "2012-08": {
            "month": "2012-08",
            "price": "7.73",
            "revenue": 1460894
        },
        "2012-09": {
            "month": "2012-09",
            "price": "9.11",
            "revenue": 1352889
        },
        "2012-10": {
            "month": "2012-10",
            "price": "9.11",
            "revenue": 1387622
        },
        "2012-11": {
            "month": "2012-11",
            "price": "6.99",
            "revenue": 1255009
        },
        "2012-12": {
            "month": "2012-12",
            "price": "7.55",
            "revenue": 818064
        },
        "2013-01": {
            "month": "2013-01",
            "price": "7.42",
            "revenue": 1212297
        },
        "2013-02": {
            "month": "2013-02",
            "price": "7.41",
            "revenue": 1760021
        },
        "2013-03": {
            "month": "2013-03",
            "price": "8.79",
            "revenue": 2086425
        },
        "2013-04": {
            "month": "2013-04",
            "price": "9.64",
            "revenue": 1858884
        },
        "2013-05": {
            "month": "2013-05",
            "price": "11.15",
            "revenue": 1773746
        },
        "2013-06": {
            "month": "2013-06",
            "price": "13.20",
            "revenue": 1875903
        },
        "2013-07": {
            "month": "2013-07",
            "price": "16.52",
            "revenue": 2006782
        },
        "2013-08": {
            "month": "2013-08",
            "price": "18.70",
            "revenue": 1739894
        },
        "2013-09": {
            "month": "2013-09",
            "price": "18.70",
            "revenue": 1626233
        },
        "2013-10": {
            "month": "2013-10",
            "price": "22.49",
            "revenue": 2050356
        },
        "2013-11": {
            "month": "2013-11",
            "price": "22.44",
            "revenue": 1818478
        },
        "2013-12": {
            "month": "2013-12",
            "price": "20.91",
            "revenue": 1952553
        },
        "2014-01": {
            "month": "2014-01",
            "price": "22.42",
            "revenue": 1871367
        },
        "2014-02": {
            "month": "2014-02",
            "price": "20.02",
            "revenue": 1681049
        },
        "2014-03": {
            "month": "2014-03",
            "price": "17.69",
            "revenue": 1722241
        },
        "2014-04": {
            "month": "2014-04",
            "price": "18.35",
            "revenue": 1761426
        },
        "2014-05": {
            "month": "2014-05",
            "price": "17.56",
            "revenue": 1633681
        },
        "2014-06": {
            "month": "2014-06",
            "price": "18.16",
            "revenue": 1430148
        },
        "2014-07": {
            "month": "2014-07",
            "price": "17.90",
            "revenue": 1672940
        },
        "2014-08": {
            "month": "2014-08",
            "price": "15.74",
            "revenue": 1642887
        },
        "2014-09": {
            "month": "2014-09",
            "price": "13.99",
            "revenue": 1180383
        },
        "2014-10": {
            "month": "2014-10",
            "price": "12.79",
            "revenue": 989264
        },
        "2014-11": {
            "month": "2014-11",
            "price": "12.41",
            "revenue": 1052038
        },
        "2014-12": {
            "month": "2014-12",
            "price": "12.91",
            "revenue": 946271
        },
        "2015-01": {
            "month": "2015-01",
            "price": "13.68",
            "revenue": 540777
        },
        "2015-02": {
            "month": "2015-02",
            "price": "13.54",
            "revenue": 527360
        },
        "2015-03": {
            "month": "2015-03",
            "price": "14.52",
            "revenue": 1199903
        },
        "2015-04": {
            "month": "2015-04",
            "price": "15.34",
            "revenue": 1372160
        },
        "2015-05": {
            "month": "2015-05",
            "price": "15.22",
            "revenue": 1440460
        },
        "2015-06": {
            "month": "2015-06",
            "price": "14.85",
            "revenue": 1387482
        },
        "2015-07": {
            "month": "2015-07",
            "price": "14.67",
            "revenue": 1264506
        },
        "2015-08": {
            "month": "2015-08",
            "price": "13.56",
            "revenue": 1043572
        },
        "2015-09": {
            "month": "2015-09",
            "price": "13.12",
            "revenue": 990435
        },
        "2015-10": {
            "month": "2015-10",
            "price": "14.08",
            "revenue": 1106135
        },
        "2015-11": {
            "month": "2015-11",
            "price": "13.77",
            "revenue": 1174071
        },
        "2015-12": {
            "month": "2015-12",
            "price": "15.15",
            "revenue": 1078653
        },
        "2016-01": {
            "month": "2016-01",
            "price": "17.25",
            "revenue": 1108849
        },
        "2016-02": {
            "month": "2016-02",
            "price": "18.51",
            "revenue": 1075117
        },
        "2016-03": {
            "month": "2016-03",
            "price": "17.56",
            "revenue": 1325842
        },
        "2016-04": {
            "month": "2016-04",
            "price": "17.66",
            "revenue": 1195837
        },
        "2016-05": {
            "month": "2016-05",
            "price": "15.40",
            "revenue": 1067961
        },
        "2016-06": {
            "month": "2016-06",
            "price": "15.34",
            "revenue": 1000756
        },
        "2016-07": {
            "month": "2016-07",
            "price": "16.10",
            "revenue": 1177722
        },
        "2016-08": {
            "month": "2016-08",
            "price": "16.11",
            "revenue": 1186674
        },
        "2016-09": {
            "month": "2016-09",
            "price": "16.01",
            "revenue": 1128310
        },
        "2016-10": {
            "month": "2016-10",
            "price": "16.54",
            "revenue": 1153534
        },
        "2016-11": {
            "month": "2016-11",
            "price": "18.63",
            "revenue": 1267841
        },
        "2016-12": {
            "month": "2016-12",
            "price": "20.62",
            "revenue": 1382274
        },
        "2017-01": {
            "month": "2017-01",
            "price": "20.06",
            "revenue": 1241722
        },
        "2017-02": {
            "month": "2017-02",
            "price": "23.40",
            "revenue": 1161500
        },
        "2017-03": {
            "month": "2017-03",
            "price": "23.82",
            "revenue": 1115527
        },
        "2017-04": {
            "month": "2017-04",
            "price": "23.55",
            "revenue": 1200740
        },
        "2017-05": {
            "month": "2017-05",
            "price": "23.26",
            "revenue": 1202728
        },
        "2017-06": {
            "month": "2017-06",
            "price": "23.68",
            "revenue": 1177040
        },
        "2017-07": {
            "month": "2017-07",
            "price": "21.02",
            "revenue": 1233931
        },
        "2017-08": {
            "month": "2017-08",
            "price": "20.22",
            "revenue": 1291990
        },
        "2017-09": {
            "month": "2017-09",
            "price": "20.70",
            "revenue": 1321553
        },
        "2017-10": {
            "month": "2017-10",
            "price": "20.14",
            "revenue": 1231120
        },
        "2017-11": {
            "month": "2017-11",
            "price": "21.05",
            "revenue": 1266319
        },
        "2017-12": {
            "month": "2017-12",
            "price": "21.52",
            "revenue": 1302729
        },
        "2018-01": {
            "month": "2018-01",
            "price": "22.09",
            "revenue": 1358715
        },
        "2018-02": {
            "month": "2018-02",
            "price": "20.48",
            "revenue": 1312915
        },
        "2018-03": {
            "month": "2018-03",
            "price": "21.28",
            "revenue": 1332672
        },
        "2018-04": {
            "month": "2018-04",
            "price": "21.63",
            "revenue": 1293172
        },
        "2018-05": {
            "month": "2018-05",
            "price": "22.83",
            "revenue": 1372041
        },
        "2018-06": {
            "month": "2018-06",
            "price": "23.78",
            "revenue": 1406472
        },
        "2018-07": {
            "month": "2018-07",
            "price": "22.68",
            "revenue": 1169130
        },
        "2018-08": {
            "month": "2018-08",
            "price": "22.05",
            "revenue": 1294233
        },
        "2018-09": {
            "month": "2018-09",
            "price": "22.46",
            "revenue": 1442057
        },
        "2018-10": {
            "month": "2018-10",
            "price": "23.40",
            "revenue": 1204873
        },
        "2018-11": {
            "month": "2018-11",
            "price": "23.81",
            "revenue": 1114760
        },
        "2018-12": {
            "month": "2018-12",
            "price": "25.35",
            "revenue": 1080996
        },
        "2019-01": {
            "month": "2019-01",
            "price": "22.92",
            "revenue": 1117957
        },
        "2019-02": {
            "month": "2019-02",
            "price": "24.08",
            "revenue": 848455
        },
        "2019-03": {
            "month": "2019-03",
            "price": "24.31",
            "revenue": 970745
        },
        "2019-04": {
            "month": "2019-04",
            "price": "25.04",
            "revenue": 1058511
        },
        "2019-05": {
            "month": "2019-05",
            "price": "24.56",
            "revenue": 1152782
        },
        "2019-06": {
            "month": "2019-06",
            "price": "24.25",
            "revenue": 1100791
        },
        "2019-07": {
            "month": "2019-07",
            "price": "24.44",
            "revenue": 1137754
        },
        "2019-08": {
            "month": "2019-08",
            "price": "23.78",
            "revenue": 1075426
        },
        "2019-09": {
            "month": "2019-09",
            "price": "22.17",
            "revenue": 996939
        },
        "2019-10": {
            "month": "2019-10",
            "price": "21.76",
            "revenue": 1007580
        },
        "2019-11": {
            "month": "2019-11",
            "price": "21.30",
            "revenue": 836946
        },
        "2019-12": {
            "month": "2019-12",
            "price": "20.83",
            "revenue": 915803
        },
        "2020-01": {
            "month": "2020-01",
            "price": "20.66",
            "revenue": 768429
        },
        "2020-02": {
            "month": "2020-02",
            "price": "18.42",
            "revenue": 510293
        },
        "2020-03": {
            "month": "2020-03",
            "price": "15.30",
            "revenue": 419530
        },
        "2020-04": {
            "month": "2020-04",
            "price": "15.42",
            "revenue": 590995
        },
        "2020-05": {
            "month": "2020-05",
            "price": "16.45",
            "revenue": 604350
        },
        "2020-06": {
            "month": "2020-06",
            "price": "16.47",
            "revenue": 684951
        },
        "2020-07": {
            "month": "2020-07",
            "price": "15.88",
            "revenue": 682498
        },
        "2020-08": {
            "month": "2020-08",
            "price": "15.46",
            "revenue": 654054
        },
        "2020-09": {
            "month": "2020-09",
            "price": "16.25",
            "revenue": 642101
        },
        "2020-10": {
            "month": "2020-10",
            "price": "16.33",
            "revenue": 709251
        },
        "2020-11": {
            "month": "2020-11",
            "price": "16.94",
            "revenue": 975087
        },
        "2020-12": {
            "month": "2020-12",
            "price": "18.18",
            "revenue": 870907
        },
        "2021-01": {
            "month": "2021-01",
            "price": "17.10",
            "revenue": 730042
        },
        "2021-02": {
            "month": "2021-02",
            "price": "17.29",
            "revenue": 730574
        },
        "2021-03": {
            "month": "2021-03",
            "price": "18.59",
            "revenue": 677091
        },
        "2021-04": {
            "month": "2021-04",
            "price": "21.22",
            "revenue": 1126664
        },
        "2021-05": {
            "month": "2021-05",
            "price": "19.35",
            "revenue": 1216202
        },
        "2021-06": {
            "month": "2021-06",
            "price": "20.59",
            "revenue": 1087399
        },
        "2021-07": {
            "month": "2021-07",
            "price": "20.66",
            "revenue": 1127532
        },
        "2021-08": {
            "month": "2021-08",
            "price": "20.53",
            "revenue": 1130863
        },
        "2021-09": {
            "month": "2021-09",
            "price": "20.46",
            "revenue": 1029947
        },
        "2021-10": {
            "month": "2021-10",
            "price": "18.51",
            "revenue": 869299
        },
        "2021-11": {
            "month": "2021-11",
            "price": "17.91",
            "revenue": 1069782
        },
        "2021-12": {
            "month": "2021-12",
            "price": "17.26",
            "revenue": 919556
        },
        "2022-01": {
            "month": "2022-01",
            "price": "17.20",
            "revenue": 1118245
        },
        "2022-02": {
            "month": "2022-02",
            "price": "17.51",
            "revenue": 1121273
        },
        "2022-03": {
            "month": "2022-03",
            "price": "17.17",
            "revenue": 1296091
        },
        "2022-04": {
            "month": "2022-04",
            "price": "16.68",
            "revenue": 1296574
        },
        "2022-05": {
            "month": "2022-05",
            "price": "15.56",
            "revenue": 1389847
        },
        "2022-06": {
            "month": "2022-06",
            "price": "15.59",
            "revenue": 1135720
        },
        "2022-07": {
            "month": "2022-07",
            "price": "13.70",
            "revenue": 1314555
        },
        "2022-08": {
            "month": "2022-08",
            "price": "14.20",
            "revenue": 851722
        },
        "2022-09": {
            "month": "2022-09",
            "price": "14.02",
            "revenue": 874662
        },
        "2022-10": {
            "month": "2022-10",
            "price": "12.68",
            "revenue": 765461
        },
        "2022-11": {
            "month": "2022-11",
            "price": "13.21",
            "revenue": 726252
        },
        "2022-12": {
            "month": "2022-12",
            "price": "13.66",
            "revenue": 962686
        },
        "2023-01": {
            "month": "2023-01",
            "price": "13.63",
            "revenue": 589760
        },
        "2023-02": {
            "month": "2023-02",
            "price": "14.00",
            "revenue": 569240
        },
        "2023-03": {
            "month": "2023-03",
            "price": "13.90",
            "revenue": 1159395
        },
        "2023-04": {
            "month": "2023-04",
            "price": "15.39",
            "revenue": 963801
        },
        "2023-05": {
            "month": "2023-05",
            "price": "16.68",
            "revenue": 711900
        }
    }
}
