{
    "summary": {
        "stock_name": "國喬",
        "stock_id": "1312",
        "category": "塑膠",
        "main_business": "石油化工原料製造業<br>合成樹脂及塑膠製造業<br>國際貿易業(除許可業務外得經營法令非禁止或限制之業務)",
        "website_url": "http://www.gppc.com.tw",
        "ceo": "曾嘉雄",
        "pe_ratio": -14,
        "report_year_from": 2001,
        "report_year_to": 2023,
        "age": 22,
        "eps_negative_percentage": 26,
        "eps_growth_avg": {
            "last_all": 3.57,
            "last_2y": 13.55,
            "last_4y": 0.14,
            "last_8y": 12.8,
            "last_12y": 7.82,
            "last_16y": 8.37,
            "last_20y": 3.57,
            "at_2006_last_3y": 13.38,
            "at_2007_last_3y": 19.63,
            "at_2008_last_3y": -10.28,
            "at_2009_last_3y": 10.71,
            "at_2010_last_3y": -34.11,
            "at_2011_last_3y": -60.34,
            "at_2012_last_3y": -8.46,
            "at_2013_last_3y": -3.36,
            "at_2014_last_3y": -16.04,
            "at_2015_last_3y": 20.59,
            "at_2016_last_3y": 22.48,
            "at_2017_last_3y": 28.62,
            "at_2018_last_3y": 47.37,
            "at_2019_last_3y": 14.93,
            "at_2020_last_3y": 23.58,
            "at_2021_last_3y": 25.17,
            "at_2022_last_3y": 2.72,
            "at_2023_last_3y": 2.72,
            "at_2006_last_all": 13.38,
            "at_2007_last_all": 19.63,
            "at_2008_last_all": -10.28,
            "at_2009_last_all": -10.28,
            "at_2010_last_all": -15.11,
            "at_2011_last_all": -20.35,
            "at_2012_last_all": -9.5,
            "at_2013_last_all": -6.82,
            "at_2014_last_all": -15.53,
            "at_2015_last_all": -3.97,
            "at_2016_last_all": 2.13,
            "at_2017_last_all": 4.99,
            "at_2018_last_all": 3.82,
            "at_2019_last_all": 1.43,
            "at_2020_last_all": 7.85,
            "at_2021_last_all": 10.04,
            "at_2022_last_all": 3.57,
            "at_2023_last_all": 3.57
        },
        "latest_eps": -1.35,
        "latest_price": 18.95,
        "latest_roe": -3.21,
        "latest_gross_margin": 4.4,
        "latest_equity": 35942946,
        "latest_revenue": 4217980,
        "latest_gross_profit": 185479,
        "latest_net_income": -126638,
        "latest_debt_ratio": 41.16,
        "latest_current_ratio": 273.45,
        "latest_account_receivable_turnover_ratio": 2.1,
        "latest_inventory_turnover_ratio": 2.49,
        "latest_reinvestment_rate": 149.84,
        "latest_research_to_sale_ratio": 0.21
    },
    "eps_dividends": {
        "1990": {
            "cash": 1,
            "stock": 3,
            "eps": 0
        },
        "1991": {
            "cash": 1,
            "stock": 2,
            "eps": 0
        },
        "1992": {
            "cash": 0,
            "stock": 0,
            "eps": 0
        },
        "1994": {
            "cash": 0,
            "stock": 0,
            "eps": 0
        },
        "1995": {
            "cash": 0,
            "stock": 1,
            "eps": 0
        },
        "1997": {
            "cash": 0,
            "stock": 0,
            "eps": 0
        },
        "1998": {
            "cash": 0,
            "stock": 0,
            "eps": 0
        },
        "2000": {
            "cash": 0,
            "stock": 0,
            "eps": 0
        },
        "2001": {
            "cash": 0,
            "stock": 0,
            "eps": -3.1
        },
        "2002": {
            "cash": 0,
            "stock": 0,
            "eps": -0.08
        },
        "2003": {
            "cash": 0,
            "stock": 0,
            "eps": -1.92
        },
        "2004": {
            "cash": 0,
            "stock": 0,
            "eps": 1.57
        },
        "2005": {
            "cash": 0,
            "stock": 0,
            "eps": 0.42
        },
        "2006": {
            "cash": 0,
            "stock": 0,
            "eps": 1.4
        },
        "2007": {
            "cash": 0,
            "stock": 0,
            "eps": 1.85
        },
        "2008": {
            "cash": 0,
            "stock": 0,
            "eps": -3.27
        },
        "2009": {
            "cash": 0,
            "stock": 0,
            "eps": 3.54
        },
        "2010": {
            "cash": 0,
            "stock": 0,
            "eps": 2.32
        },
        "2011": {
            "cash": 2,
            "stock": 0,
            "eps": 1.24
        },
        "2012": {
            "cash": 0,
            "stock": 0,
            "eps": 1.93
        },
        "2013": {
            "cash": 1,
            "stock": 0,
            "eps": 2.16
        },
        "2014": {
            "cash": 1,
            "stock": 0,
            "eps": 0.32
        },
        "2015": {
            "cash": 0,
            "stock": 0,
            "eps": 1.63
        },
        "2016": {
            "cash": 1,
            "stock": 0,
            "eps": 2.66
        },
        "2017": {
            "cash": 1,
            "stock": 0,
            "eps": 3.63
        },
        "2018": {
            "cash": 1,
            "stock": 0,
            "eps": 3.26
        },
        "2019": {
            "cash": 0,
            "stock": 0,
            "eps": 2.29
        },
        "2020": {
            "cash": 0,
            "stock": 0,
            "eps": 4.53
        },
        "2021": {
            "cash": 0,
            "stock": 0,
            "eps": 6.47
        },
        "2022": {
            "cash": 2,
            "stock": 0,
            "eps": -0.55
        },
        "2023": {
            "cash": 1,
            "stock": 0,
            "eps": -0.16
        }
    },
    "dividends": {
        "1990-05-10": {
            "cash": 1,
            "stock": 2.5
        },
        "1991-05-16": {
            "cash": 0.5,
            "stock": 1.5
        },
        "1992-06-30": {
            "cash": 0.1,
            "stock": 0.1
        },
        "1994-05-27": {
            "cash": 0.2,
            "stock": 0
        },
        "1995-05-31": {
            "cash": 0.3,
            "stock": 0.5
        },
        "1997-06-12": {
            "cash": 0,
            "stock": 0.3
        },
        "1998-05-27": {
            "cash": 0,
            "stock": 0.2
        },
        "2000-05-26": {
            "cash": 0,
            "stock": 0.2
        },
        "2001-05-25": {
            "cash": 0,
            "stock": 0.2
        },
        "2010-03-23": {
            "cash": 0.2,
            "stock": 0
        },
        "2011-01-01": {
            "cash": 0.7,
            "stock": 0
        },
        "2011-04-01": {
            "cash": 1,
            "stock": 0
        },
        "2013-04-19": {
            "cash": 1,
            "stock": 0
        },
        "2014-08-15": {
            "cash": 1,
            "stock": 0
        },
        "2015-08-14": {
            "cash": 0.3,
            "stock": 0
        },
        "2016-08-12": {
            "cash": 0.8,
            "stock": 0
        },
        "2017-08-16": {
            "cash": 1,
            "stock": 0
        },
        "2018-08-15": {
            "cash": 1,
            "stock": 0
        },
        "2021-09-17": {
            "cash": 0.1,
            "stock": 0
        },
        "2022-08-15": {
            "cash": 2,
            "stock": 0
        },
        "2023-05-11": {
            "cash": 0.5,
            "stock": 0
        }
    },
    "prices": {
        "200101": "13.01",
        "200102": "14.46",
        "200103": "12.95",
        "200104": "11.37",
        "200105": "8.08",
        "200106": "7.24",
        "200107": "4.61",
        "200108": "4.86",
        "200109": "4.59",
        "200110": "4.19",
        "200111": "4.26",
        "200112": "5.61",
        "200201": "8.07",
        "200202": "8.70",
        "200203": "13.77",
        "200204": "16.08",
        "200205": "11.00",
        "200206": "9.00",
        "200207": "10.46",
        "200208": "12.04",
        "200209": "10.26",
        "200210": "8.74",
        "200211": "12.00",
        "200212": "14.21",
        "200301": "17.23",
        "200302": "14.44",
        "200303": "11.22",
        "200304": "10.88",
        "200305": "10.04",
        "200306": "11.84",
        "200307": "13.33",
        "200308": "14.50",
        "200309": "12.32",
        "200310": "13.02",
        "200311": "13.29",
        "200312": "13.67",
        "200401": "15.28",
        "200402": "14.02",
        "200403": "12.90",
        "200404": "13.74",
        "200405": "12.75",
        "200406": "11.98",
        "200407": "12.41",
        "200408": "12.10",
        "200409": "13.79",
        "200410": "14.28",
        "200411": "13.31",
        "200412": "13.33",
        "200501": "13.15",
        "200502": "12.87",
        "200503": "13.01",
        "200504": "10.91",
        "200505": "9.45",
        "200506": "10.26",
        "200507": "9.80",
        "200508": "8.81",
        "200509": "7.66",
        "200510": "7.53",
        "200511": "7.54",
        "200512": "7.51",
        "200601": "8.48",
        "200602": "8.23",
        "200603": "7.34",
        "200604": "7.88",
        "200605": "8.53",
        "200606": "7.43",
        "200607": "7.48",
        "200608": "7.94",
        "200609": "8.42",
        "200610": "9.65",
        "200611": "11.00",
        "200612": "12.05",
        "200701": "12.33",
        "200702": "11.09",
        "200703": "10.80",
        "200704": "11.74",
        "200705": "11.21",
        "200706": "11.56",
        "200707": "13.50",
        "200708": "12.30",
        "200709": "13.32",
        "200710": "14.56",
        "200711": "12.60",
        "200712": "11.37",
        "200801": "10.81",
        "200802": "10.61",
        "200803": "12.10",
        "200804": "12.46",
        "200805": "12.53",
        "200806": "10.96",
        "200807": "9.46",
        "200808": "8.33",
        "200809": "5.74",
        "200810": "4.84",
        "200811": "4.10",
        "200812": "4.35",
        "200901": "4.58",
        "200902": "4.74",
        "200903": "6.14",
        "200904": "8.36",
        "200905": "10.88",
        "200906": "11.04",
        "200907": "11.38",
        "200908": "12.33",
        "200909": "13.35",
        "200910": "14.60",
        "200911": "16.42",
        "200912": "16.18",
        "201001": "17.66",
        "201002": "15.64",
        "201003": "16.55",
        "201004": "15.49",
        "201005": "12.92",
        "201006": "12.31",
        "201007": "13.13",
        "201008": "14.67",
        "201009": "15.07",
        "201010": "16.32",
        "201011": "17.65",
        "201012": "19.07",
        "201101": "21.86",
        "201102": "21.21",
        "201103": "17.80",
        "201104": "18.37",
        "201105": "18.23",
        "201106": "18.15",
        "201107": "19.34",
        "201108": "18.27",
        "201109": "14.95",
        "201110": "12.95",
        "201111": "14.11",
        "201112": "12.86",
        "201201": "14.00",
        "201202": "15.37",
        "201203": "14.45",
        "201204": "13.30",
        "201205": "12.56",
        "201206": "12.03",
        "201207": "13.15",
        "201208": "13.93",
        "201209": "15.34",
        "201210": "14.99",
        "201211": "14.76",
        "201212": "15.20",
        "201301": "15.57",
        "201302": "15.41",
        "201303": "15.25",
        "201304": "15.02",
        "201305": "16.02",
        "201306": "17.81",
        "201307": "19.09",
        "201308": "19.25",
        "201309": "20.19",
        "201310": "23.19",
        "201311": "22.45",
        "201312": "23.25",
        "201401": "22.75",
        "201402": "20.48",
        "201403": "18.29",
        "201404": "19.62",
        "201405": "19.39",
        "201406": "18.91",
        "201407": "18.03",
        "201408": "15.24",
        "201409": "14.68",
        "201410": "13.50",
        "201411": "14.51",
        "201412": "16.12",
        "201501": "17.20",
        "201502": "17.35",
        "201503": "17.84",
        "201504": "19.43",
        "201505": "19.74",
        "201506": "20.15",
        "201507": "17.60",
        "201508": "15.96",
        "201509": "16.42",
        "201510": "16.06",
        "201511": "14.90",
        "201512": "14.49",
        "201601": "14.69",
        "201602": "16.31",
        "201603": "17.35",
        "201604": "17.43",
        "201605": "15.66",
        "201606": "15.18",
        "201607": "15.96",
        "201608": "16.17",
        "201609": "15.99",
        "201610": "16.90",
        "201611": "19.28",
        "201612": "21.49",
        "201701": "20.57",
        "201702": "22.98",
        "201703": "21.29",
        "201704": "20.51",
        "201705": "19.90",
        "201706": "20.72",
        "201707": "21.47",
        "201708": "23.79",
        "201709": "25.23",
        "201710": "22.85",
        "201711": "25.99",
        "201712": "28.59",
        "201801": "30.07",
        "201802": "27.76",
        "201803": "29.28",
        "201804": "31.96",
        "201805": "32.35",
        "201806": "29.99",
        "201807": "28.42",
        "201808": "30.04",
        "201809": "28.77",
        "201810": "24.61",
        "201811": "22.24",
        "201812": "22.76",
        "201901": "23.26",
        "201902": "24.42",
        "201903": "23.88",
        "201904": "23.70",
        "201905": "21.42",
        "201906": "20.17",
        "201907": "20.89",
        "201908": "18.50",
        "201909": "18.85",
        "201910": "18.37",
        "201911": "18.32",
        "201912": "18.37",
        "202001": "18.38",
        "202002": "16.88",
        "202003": "13.56",
        "202004": "14.14",
        "202005": "14.48",
        "202006": "14.86",
        "202007": "14.56",
        "202008": "16.92",
        "202009": "19.43",
        "202010": "20.39",
        "202011": "23.33",
        "202012": "22.47",
        "202101": "22.59",
        "202102": "23.05",
        "202103": "25.26",
        "202104": "30.19",
        "202105": "27.04",
        "202106": "29.15",
        "202107": "30.81",
        "202108": "29.82",
        "202109": "29.28",
        "202110": "27.27",
        "202111": "28.29",
        "202112": "28.38",
        "202201": "27.74",
        "202202": "28.39",
        "202203": "27.20",
        "202204": "26.24",
        "202205": "24.45",
        "202206": "23.70",
        "202207": "20.28",
        "202208": "19.18",
        "202209": "18.25",
        "202210": "17.39",
        "202211": "18.05",
        "202212": "18.98",
        "202301": "19.52",
        "202302": "19.76",
        "202303": "19.68",
        "202304": "20.47",
        "202305": "19.31"
    },
    "quarters": {
        "20011": {
            "year_quarter": 20011,
            "year": 2001,
            "quarter": 1,
            "eps": -0.61,
            "eps_growth_year": -135.47,
            "eps_4q": -0.98,
            "eps_4q_growth_year": -144.19,
            "roe": -4.04,
            "roe_4q": -4.04,
            "gross_profit": 92429,
            "gross_margin": 4.76,
            "gross_margin_4q_avg": 4.76,
            "net_income": -378723,
            "revenue": 1940451,
            "common_shares": 6270825,
            "book_valuer_per_share": 12.83,
            "book_valuer_per_share_4q_avg": 12.83,
            "equity": 8042780,
            "current_ratio": 237.53,
            "debt_ratio": 48.62,
            "inventory_turnover_ratio": 1.31,
            "account_receivable_turnover_ratio": null,
            "reinvestment_rate": null,
            "research_to_sale_ratio": null,
            "price_fair": 0,
            "eps_avg_yearly": 0,
            "eps_latest_yearly": 0,
            "eps_growth_yearly": 0
        },
        "20012": {
            "year_quarter": 20012,
            "year": 2001,
            "quarter": 2,
            "eps": -1.01,
            "eps_growth_year": -773.33,
            "eps_4q": -2.14,
            "eps_4q_growth_year": -194.36,
            "roe": -8.28,
            "roe_4q": -12.32,
            "gross_profit": -84795,
            "gross_margin": -4.9,
            "gross_margin_4q_avg": -0.07,
            "net_income": -638568,
            "revenue": 1728897,
            "common_shares": 6270825,
            "book_valuer_per_share": 11.77,
            "book_valuer_per_share_4q_avg": 12.3,
            "equity": 7378905,
            "current_ratio": 158.74,
            "debt_ratio": 52.04,
            "inventory_turnover_ratio": 2.61,
            "account_receivable_turnover_ratio": null,
            "reinvestment_rate": null,
            "research_to_sale_ratio": null,
            "price_fair": 0,
            "eps_avg_yearly": 0,
            "eps_latest_yearly": 0,
            "eps_growth_yearly": 0
        },
        "20013": {
            "year_quarter": 20013,
            "year": 2001,
            "quarter": 3,
            "eps": -0.59,
            "eps_growth_year": -553.85,
            "eps_4q": -2.81,
            "eps_4q_growth_year": -231.59,
            "roe": -5.3,
            "roe_4q": -17.619999999999997,
            "gross_profit": 9483,
            "gross_margin": 0.54,
            "gross_margin_4q_avg": 0.13,
            "net_income": -369678,
            "revenue": 1748908,
            "common_shares": 6398242,
            "book_valuer_per_share": 10.28,
            "book_valuer_per_share_4q_avg": 11.63,
            "equity": 6574719,
            "current_ratio": 83.29,
            "debt_ratio": 58.46,
            "inventory_turnover_ratio": 2.96,
            "account_receivable_turnover_ratio": null,
            "reinvestment_rate": null,
            "research_to_sale_ratio": null,
            "price_fair": 0,
            "eps_avg_yearly": 0,
            "eps_latest_yearly": 0,
            "eps_growth_yearly": 0
        },
        "20014": {
            "year_quarter": 20014,
            "year": 2001,
            "quarter": 4,
            "eps": -0.89,
            "eps_growth_year": null,
            "eps_4q": -2.75,
            "eps_4q_growth_year": -180.63,
            "roe": -8.34,
            "roe_4q": -25.96,
            "gross_profit": 33625,
            "gross_margin": 2.15,
            "gross_margin_4q_avg": 0.64,
            "net_income": -562860,
            "revenue": 1561738,
            "common_shares": 6398242,
            "book_valuer_per_share": 9.03,
            "book_valuer_per_share_4q_avg": 10.98,
            "equity": 6917486,
            "current_ratio": 69.49,
            "debt_ratio": 67.37,
            "inventory_turnover_ratio": 1.72,
            "account_receivable_turnover_ratio": null,
            "reinvestment_rate": null,
            "research_to_sale_ratio": null,
            "price_fair": 0,
            "eps_avg_yearly": 0,
            "eps_latest_yearly": 0,
            "eps_growth_yearly": 0
        },
        "20021": {
            "year_quarter": 20021,
            "year": 2002,
            "quarter": 1,
            "eps": -0.81,
            "eps_growth_year": null,
            "eps_4q": -3.41,
            "eps_4q_growth_year": null,
            "roe": -7.72,
            "roe_4q": -29.64,
            "gross_profit": 327980,
            "gross_margin": 16.64,
            "gross_margin_4q_avg": 3.61,
            "net_income": -489652,
            "revenue": 1971508,
            "common_shares": 6398242,
            "book_valuer_per_share": 9.03,
            "book_valuer_per_share_4q_avg": 10.03,
            "equity": 5775056,
            "current_ratio": 73.67,
            "debt_ratio": 62.29,
            "inventory_turnover_ratio": 1.76,
            "account_receivable_turnover_ratio": null,
            "reinvestment_rate": null,
            "research_to_sale_ratio": null,
            "price_fair": 0,
            "eps_avg_yearly": 0,
            "eps_latest_yearly": 0,
            "eps_growth_yearly": 0
        },
        "20022": {
            "year_quarter": 20022,
            "year": 2002,
            "quarter": 2,
            "eps": 0.59,
            "eps_growth_year": null,
            "eps_4q": -1.73,
            "eps_4q_growth_year": null,
            "roe": 6.3,
            "roe_4q": -15.059999999999999,
            "gross_profit": 314549,
            "gross_margin": 16.01,
            "gross_margin_4q_avg": 8.84,
            "net_income": 362234,
            "revenue": 1965230,
            "common_shares": 6398242,
            "book_valuer_per_share": 8.96,
            "book_valuer_per_share_4q_avg": 9.33,
            "equity": 5733166,
            "current_ratio": 89.18,
            "debt_ratio": 61.56,
            "inventory_turnover_ratio": 2.43,
            "account_receivable_turnover_ratio": null,
            "reinvestment_rate": null,
            "research_to_sale_ratio": null,
            "price_fair": 0,
            "eps_avg_yearly": 0,
            "eps_latest_yearly": 0,
            "eps_growth_yearly": 0
        },
        "20023": {
            "year_quarter": 20023,
            "year": 2002,
            "quarter": 3,
            "eps": 0.11,
            "eps_growth_year": null,
            "eps_4q": -0.92,
            "eps_4q_growth_year": null,
            "roe": 1.27,
            "roe_4q": -8.489999999999998,
            "gross_profit": 340843,
            "gross_margin": 13.67,
            "gross_margin_4q_avg": 12.12,
            "net_income": 73697,
            "revenue": 2493537,
            "common_shares": 6398242,
            "book_valuer_per_share": 9.18,
            "book_valuer_per_share_4q_avg": 9.05,
            "equity": 5873595,
            "current_ratio": 62.3,
            "debt_ratio": 61.32,
            "inventory_turnover_ratio": 3.34,
            "account_receivable_turnover_ratio": null,
            "reinvestment_rate": null,
            "research_to_sale_ratio": null,
            "price_fair": 1.32,
            "eps_avg_yearly": 0.44,
            "eps_latest_yearly": 0.44,
            "eps_growth_yearly": -325.42
        },
        "20024": {
            "year_quarter": 20024,
            "year": 2002,
            "quarter": 4,
            "eps": 0.03,
            "eps_growth_year": null,
            "eps_4q": -0.06,
            "eps_4q_growth_year": null,
            "roe": 0.3,
            "roe_4q": 0.15000000000000036,
            "gross_profit": 316584,
            "gross_margin": 12.22,
            "gross_margin_4q_avg": 14.64,
            "net_income": 18902,
            "revenue": 2589639,
            "common_shares": 6398242,
            "book_valuer_per_share": 9.23,
            "book_valuer_per_share_4q_avg": 9.1,
            "equity": 6527349,
            "current_ratio": 55.89,
            "debt_ratio": 68.68,
            "inventory_turnover_ratio": 2.65,
            "account_receivable_turnover_ratio": null,
            "reinvestment_rate": null,
            "research_to_sale_ratio": null,
            "price_fair": 0.84,
            "eps_avg_yearly": 0.28,
            "eps_latest_yearly": 0.12,
            "eps_growth_yearly": -308.17
        },
        "20031": {
            "year_quarter": 20031,
            "year": 2003,
            "quarter": 1,
            "eps": 0.21,
            "eps_growth_year": null,
            "eps_4q": 0.93,
            "eps_4q_growth_year": null,
            "roe": 2.11,
            "roe_4q": 9.98,
            "gross_profit": 308806,
            "gross_margin": 11.83,
            "gross_margin_4q_avg": 13.43,
            "net_income": 132846,
            "revenue": 2609744,
            "common_shares": 6398242,
            "book_valuer_per_share": 9.51,
            "book_valuer_per_share_4q_avg": 9.22,
            "equity": 6083763,
            "current_ratio": 62.04,
            "debt_ratio": 61.42,
            "inventory_turnover_ratio": 2.31,
            "account_receivable_turnover_ratio": null,
            "reinvestment_rate": null,
            "research_to_sale_ratio": null,
            "price_fair": 16.33,
            "eps_avg_yearly": 0.47,
            "eps_latest_yearly": 0.84,
            "eps_growth_yearly": 594.56
        },
        "20032": {
            "year_quarter": 20032,
            "year": 2003,
            "quarter": 2,
            "eps": -0.72,
            "eps_growth_year": -222.03,
            "eps_4q": -0.34,
            "eps_4q_growth_year": null,
            "roe": -7.66,
            "roe_4q": -3.980000000000001,
            "gross_profit": -173775,
            "gross_margin": -9.69,
            "gross_margin_4q_avg": 7.01,
            "net_income": -443944,
            "revenue": 1794203,
            "common_shares": 6398242,
            "book_valuer_per_share": 8.62,
            "book_valuer_per_share_4q_avg": 9.14,
            "equity": 5513195,
            "current_ratio": 55.38,
            "debt_ratio": 63.54,
            "inventory_turnover_ratio": 2.45,
            "account_receivable_turnover_ratio": null,
            "reinvestment_rate": null,
            "research_to_sale_ratio": null,
            "price_fair": 16.33,
            "eps_avg_yearly": 0.47,
            "eps_latest_yearly": 0.84,
            "eps_growth_yearly": 594.56
        },
        "20033": {
            "year_quarter": 20033,
            "year": 2003,
            "quarter": 3,
            "eps": 0.24,
            "eps_growth_year": 118.18,
            "eps_4q": -0.23,
            "eps_4q_growth_year": null,
            "roe": 2.69,
            "roe_4q": -2.560000000000001,
            "gross_profit": 298355,
            "gross_margin": 11.7,
            "gross_margin_4q_avg": 6.52,
            "net_income": 150388,
            "revenue": 2549744,
            "common_shares": 6398242,
            "book_valuer_per_share": 8.83,
            "book_valuer_per_share_4q_avg": 9.05,
            "equity": 5651914,
            "current_ratio": 76.69,
            "debt_ratio": 62.55,
            "inventory_turnover_ratio": 3.2,
            "account_receivable_turnover_ratio": null,
            "reinvestment_rate": null,
            "research_to_sale_ratio": null,
            "price_fair": 16.33,
            "eps_avg_yearly": 0.47,
            "eps_latest_yearly": 0.84,
            "eps_growth_yearly": 594.56
        },
        "20034": {
            "year_quarter": 20034,
            "year": 2003,
            "quarter": 4,
            "eps": -1.65,
            "eps_growth_year": -5600,
            "eps_4q": -2.22,
            "eps_4q_growth_year": null,
            "roe": -19.11,
            "roe_4q": -21.97,
            "gross_profit": 318637,
            "gross_margin": 11.86,
            "gross_margin_4q_avg": 6.43,
            "net_income": -1022019,
            "revenue": 2686517,
            "common_shares": 6398242,
            "book_valuer_per_share": 6.96,
            "book_valuer_per_share_4q_avg": 8.48,
            "equity": 5042362,
            "current_ratio": 69.73,
            "debt_ratio": 73.57,
            "inventory_turnover_ratio": 2.86,
            "account_receivable_turnover_ratio": null,
            "reinvestment_rate": null,
            "research_to_sale_ratio": null,
            "price_fair": 16.33,
            "eps_avg_yearly": 0.47,
            "eps_latest_yearly": 0.84,
            "eps_growth_yearly": 594.56
        },
        "20041": {
            "year_quarter": 20041,
            "year": 2004,
            "quarter": 1,
            "eps": 0.55,
            "eps_growth_year": 161.9,
            "eps_4q": -1.52,
            "eps_4q_growth_year": -263.78,
            "roe": 7.06,
            "roe_4q": -17.020000000000003,
            "gross_profit": 352761,
            "gross_margin": 12.63,
            "gross_margin_4q_avg": 6.63,
            "net_income": 349289,
            "revenue": 2792443,
            "common_shares": 6398242,
            "book_valuer_per_share": 7.59,
            "book_valuer_per_share_4q_avg": 8,
            "equity": 4856118,
            "current_ratio": 81.74,
            "debt_ratio": 65.83,
            "inventory_turnover_ratio": 2.62,
            "account_receivable_turnover_ratio": null,
            "reinvestment_rate": null,
            "research_to_sale_ratio": null,
            "price_fair": 16.33,
            "eps_avg_yearly": 0.47,
            "eps_latest_yearly": 0.84,
            "eps_growth_yearly": 594.56
        },
        "20042": {
            "year_quarter": 20042,
            "year": 2004,
            "quarter": 2,
            "eps": 0.18,
            "eps_growth_year": null,
            "eps_4q": -0.64,
            "eps_4q_growth_year": null,
            "roe": 2.34,
            "roe_4q": -7.020000000000001,
            "gross_profit": 227850,
            "gross_margin": 8.28,
            "gross_margin_4q_avg": 11.12,
            "net_income": 114708,
            "revenue": 2750384,
            "common_shares": 6398242,
            "book_valuer_per_share": 7.72,
            "book_valuer_per_share_4q_avg": 7.78,
            "equity": 4939999,
            "current_ratio": 87.92,
            "debt_ratio": 64.71,
            "inventory_turnover_ratio": 2.83,
            "account_receivable_turnover_ratio": null,
            "reinvestment_rate": null,
            "research_to_sale_ratio": null,
            "price_fair": 18.55,
            "eps_avg_yearly": 0.53,
            "eps_latest_yearly": 0.72,
            "eps_growth_yearly": 378.64
        },
        "20043": {
            "year_quarter": 20043,
            "year": 2004,
            "quarter": 3,
            "eps": 0.91,
            "eps_growth_year": 279.17,
            "eps_4q": 0.03,
            "eps_4q_growth_year": null,
            "roe": 10.97,
            "roe_4q": 1.2600000000000016,
            "gross_profit": 595660,
            "gross_margin": 14.13,
            "gross_margin_4q_avg": 11.73,
            "net_income": 574319,
            "revenue": 4214513,
            "common_shares": 6398242,
            "book_valuer_per_share": 8.65,
            "book_valuer_per_share_4q_avg": 7.73,
            "equity": 5531285,
            "current_ratio": 88.66,
            "debt_ratio": 61.43,
            "inventory_turnover_ratio": 3.72,
            "account_receivable_turnover_ratio": null,
            "reinvestment_rate": null,
            "research_to_sale_ratio": null,
            "price_fair": 40.32,
            "eps_avg_yearly": 1.15,
            "eps_latest_yearly": 3.64,
            "eps_growth_yearly": 627.36
        },
        "20044": {
            "year_quarter": 20044,
            "year": 2004,
            "quarter": 4,
            "eps": -0.07,
            "eps_growth_year": null,
            "eps_4q": 1.33,
            "eps_4q_growth_year": null,
            "roe": -0.71,
            "roe_4q": 19.66,
            "gross_profit": 254364,
            "gross_margin": 6.31,
            "gross_margin_4q_avg": 10.34,
            "net_income": -42339,
            "revenue": 4032477,
            "common_shares": 6398242,
            "book_valuer_per_share": 8.47,
            "book_valuer_per_share_4q_avg": 8.11,
            "equity": 6407482,
            "current_ratio": 81.2,
            "debt_ratio": 68.07,
            "inventory_turnover_ratio": 2.57,
            "account_receivable_turnover_ratio": null,
            "reinvestment_rate": null,
            "research_to_sale_ratio": null,
            "price_fair": 40.32,
            "eps_avg_yearly": 1.15,
            "eps_latest_yearly": 3.64,
            "eps_growth_yearly": 627.36
        },
        "20051": {
            "year_quarter": 20051,
            "year": 2005,
            "quarter": 1,
            "eps": 0.15,
            "eps_growth_year": -72.73,
            "eps_4q": 1.13,
            "eps_4q_growth_year": null,
            "roe": 1.58,
            "roe_4q": 14.18,
            "gross_profit": 272503,
            "gross_margin": 7.78,
            "gross_margin_4q_avg": 9.13,
            "net_income": 99385,
            "revenue": 3500376,
            "common_shares": 6398242,
            "book_valuer_per_share": 9.66,
            "book_valuer_per_share_4q_avg": 8.63,
            "equity": 6181944,
            "current_ratio": 97.76,
            "debt_ratio": 56.07,
            "inventory_turnover_ratio": 2.17,
            "account_receivable_turnover_ratio": null,
            "reinvestment_rate": null,
            "research_to_sale_ratio": null,
            "price_fair": 40.32,
            "eps_avg_yearly": 1.15,
            "eps_latest_yearly": 3.64,
            "eps_growth_yearly": 627.36
        },
        "20052": {
            "year_quarter": 20052,
            "year": 2005,
            "quarter": 2,
            "eps": -0.38,
            "eps_growth_year": -311.11,
            "eps_4q": 0.6,
            "eps_4q_growth_year": null,
            "roe": -4.12,
            "roe_4q": 7.720000000000001,
            "gross_profit": -175622,
            "gross_margin": -5.74,
            "gross_margin_4q_avg": 5.62,
            "net_income": -248700,
            "revenue": 3057086,
            "common_shares": 6398242,
            "book_valuer_per_share": 9.21,
            "book_valuer_per_share_4q_avg": 9,
            "equity": 5893462,
            "current_ratio": 91.62,
            "debt_ratio": 57.41,
            "inventory_turnover_ratio": 3.16,
            "account_receivable_turnover_ratio": null,
            "reinvestment_rate": null,
            "research_to_sale_ratio": null,
            "price_fair": 40.32,
            "eps_avg_yearly": 1.15,
            "eps_latest_yearly": 3.64,
            "eps_growth_yearly": 627.36
        },
        "20053": {
            "year_quarter": 20053,
            "year": 2005,
            "quarter": 3,
            "eps": 0.63,
            "eps_growth_year": -30.77,
            "eps_4q": 0.33,
            "eps_4q_growth_year": 1176.28,
            "roe": 6.55,
            "roe_4q": 3.3,
            "gross_profit": 165136,
            "gross_margin": 4.83,
            "gross_margin_4q_avg": 3.3,
            "net_income": 401885,
            "revenue": 3416334,
            "common_shares": 6398242,
            "book_valuer_per_share": 9.96,
            "book_valuer_per_share_4q_avg": 9.33,
            "equity": 6372699,
            "current_ratio": 95.79,
            "debt_ratio": 53.03,
            "inventory_turnover_ratio": 3.68,
            "account_receivable_turnover_ratio": null,
            "reinvestment_rate": null,
            "research_to_sale_ratio": null,
            "price_fair": 40.32,
            "eps_avg_yearly": 1.15,
            "eps_latest_yearly": 3.64,
            "eps_growth_yearly": 627.36
        },
        "20054": {
            "year_quarter": 20054,
            "year": 2005,
            "quarter": 4,
            "eps": 0.02,
            "eps_growth_year": null,
            "eps_4q": 0.39,
            "eps_4q_growth_year": -70.38,
            "roe": 0.18,
            "roe_4q": 4.1899999999999995,
            "gross_profit": 124420,
            "gross_margin": 3.88,
            "gross_margin_4q_avg": 2.69,
            "net_income": 13538,
            "revenue": 3209980,
            "common_shares": 6398242,
            "book_valuer_per_share": 10.1,
            "book_valuer_per_share_4q_avg": 9.73,
            "equity": 8669562,
            "current_ratio": 103.66,
            "debt_ratio": 56.86,
            "inventory_turnover_ratio": 2.54,
            "account_receivable_turnover_ratio": null,
            "reinvestment_rate": -5255.1,
            "research_to_sale_ratio": null,
            "price_fair": 34.07,
            "eps_avg_yearly": 0.97,
            "eps_latest_yearly": 0.08,
            "eps_growth_yearly": 458.25
        },
        "20061": {
            "year_quarter": 20061,
            "year": 2006,
            "quarter": 1,
            "eps": 0.29,
            "eps_growth_year": 93.33,
            "eps_4q": 0.55,
            "eps_4q_growth_year": -51.57,
            "roe": 2.47,
            "roe_4q": 5.079999999999999,
            "gross_profit": 191736,
            "gross_margin": 6.28,
            "gross_margin_4q_avg": 2.31,
            "net_income": 189314,
            "revenue": 3051249,
            "common_shares": 6398242,
            "book_valuer_per_share": 10.41,
            "book_valuer_per_share_4q_avg": 9.92,
            "equity": 6660540,
            "current_ratio": 118.47,
            "debt_ratio": 50.47,
            "inventory_turnover_ratio": 2.37,
            "account_receivable_turnover_ratio": null,
            "reinvestment_rate": -158.58,
            "research_to_sale_ratio": null,
            "price_fair": 35,
            "eps_avg_yearly": 1,
            "eps_latest_yearly": 1.16,
            "eps_growth_yearly": 1164.21
        },
        "20062": {
            "year_quarter": 20062,
            "year": 2006,
            "quarter": 2,
            "eps": 0.48,
            "eps_growth_year": null,
            "eps_4q": 1.43,
            "eps_4q_growth_year": 138.85,
            "roe": 4.47,
            "roe_4q": 13.669999999999998,
            "gross_profit": 285793,
            "gross_margin": 8.95,
            "gross_margin_4q_avg": 5.99,
            "net_income": 306030,
            "revenue": 3194718,
            "common_shares": 6398242,
            "book_valuer_per_share": 10.97,
            "book_valuer_per_share_4q_avg": 10.36,
            "equity": 7021504,
            "current_ratio": 113.17,
            "debt_ratio": 51.18,
            "inventory_turnover_ratio": 3.01,
            "account_receivable_turnover_ratio": null,
            "reinvestment_rate": -149.75,
            "research_to_sale_ratio": null,
            "price_fair": 39.03,
            "eps_avg_yearly": 1.12,
            "eps_latest_yearly": 1.92,
            "eps_growth_yearly": 1051.45
        },
        "20063": {
            "year_quarter": 20063,
            "year": 2006,
            "quarter": 3,
            "eps": 0.39,
            "eps_growth_year": -38.1,
            "eps_4q": 1.19,
            "eps_4q_growth_year": 261.56,
            "roe": 3.45,
            "roe_4q": 10.57,
            "gross_profit": 284064,
            "gross_margin": 7.66,
            "gross_margin_4q_avg": 6.69,
            "net_income": 247600,
            "revenue": 3709278,
            "common_shares": 6398242,
            "book_valuer_per_share": 11.49,
            "book_valuer_per_share_4q_avg": 10.74,
            "equity": 7351897,
            "current_ratio": 141.46,
            "debt_ratio": 49.58,
            "inventory_turnover_ratio": 3.34,
            "account_receivable_turnover_ratio": null,
            "reinvestment_rate": -108.94,
            "research_to_sale_ratio": null,
            "price_fair": 43.93,
            "eps_avg_yearly": 1.26,
            "eps_latest_yearly": 1.56,
            "eps_growth_yearly": 1082.75
        },
        "20064": {
            "year_quarter": 20064,
            "year": 2006,
            "quarter": 4,
            "eps": 0.24,
            "eps_growth_year": 1100,
            "eps_4q": 1.41,
            "eps_4q_growth_year": 259.88,
            "roe": 1.84,
            "roe_4q": 12.23,
            "gross_profit": 332721,
            "gross_margin": 8.1,
            "gross_margin_4q_avg": 7.75,
            "net_income": 151777,
            "revenue": 4109068,
            "common_shares": 6398242,
            "book_valuer_per_share": 11.83,
            "book_valuer_per_share_4q_avg": 11.18,
            "equity": 9186517,
            "current_ratio": 114.02,
            "debt_ratio": 54.15,
            "inventory_turnover_ratio": 2.8,
            "account_receivable_turnover_ratio": null,
            "reinvestment_rate": -141.76,
            "research_to_sale_ratio": null,
            "price_fair": 47.6,
            "eps_avg_yearly": 1.36,
            "eps_latest_yearly": 0.96,
            "eps_growth_yearly": 1099.88
        },
        "20071": {
            "year_quarter": 20071,
            "year": 2007,
            "quarter": 1,
            "eps": 0.29,
            "eps_growth_year": 0,
            "eps_4q": 1.4,
            "eps_4q_growth_year": 155.98,
            "roe": 2.18,
            "roe_4q": 11.940000000000001,
            "gross_profit": 255252,
            "gross_margin": 6,
            "gross_margin_4q_avg": 7.68,
            "net_income": 184949,
            "revenue": 4255400,
            "common_shares": 6398242,
            "book_valuer_per_share": 12.14,
            "book_valuer_per_share_4q_avg": 11.61,
            "equity": 7769902,
            "current_ratio": 139.06,
            "debt_ratio": 48.57,
            "inventory_turnover_ratio": 2.87,
            "account_receivable_turnover_ratio": null,
            "reinvestment_rate": -120.35,
            "research_to_sale_ratio": null,
            "price_fair": 49,
            "eps_avg_yearly": 1.4,
            "eps_latest_yearly": 1.16,
            "eps_growth_yearly": 810.3
        },
        "20072": {
            "year_quarter": 20072,
            "year": 2007,
            "quarter": 2,
            "eps": 0.46,
            "eps_growth_year": -4.17,
            "eps_4q": 1.37,
            "eps_4q_growth_year": -4.33,
            "roe": 3.66,
            "roe_4q": 11.129999999999999,
            "gross_profit": 215391,
            "gross_margin": 4.82,
            "gross_margin_4q_avg": 6.65,
            "net_income": 296482,
            "revenue": 4468067,
            "common_shares": 6398242,
            "book_valuer_per_share": 13.2,
            "book_valuer_per_share_4q_avg": 12.17,
            "equity": 8444694,
            "current_ratio": 212.88,
            "debt_ratio": 54.4,
            "inventory_turnover_ratio": 4.1,
            "account_receivable_turnover_ratio": null,
            "reinvestment_rate": -65.18,
            "research_to_sale_ratio": null,
            "price_fair": 50.71,
            "eps_avg_yearly": 1.45,
            "eps_latest_yearly": 1.84,
            "eps_growth_yearly": 746.32
        },
        "20073": {
            "year_quarter": 20073,
            "year": 2007,
            "quarter": 3,
            "eps": 0.72,
            "eps_growth_year": 84.62,
            "eps_4q": 1.71,
            "eps_4q_growth_year": 43.89,
            "roe": 5.29,
            "roe_4q": 12.969999999999999,
            "gross_profit": 265353,
            "gross_margin": 5.89,
            "gross_margin_4q_avg": 6.2,
            "net_income": 458422,
            "revenue": 4504391,
            "common_shares": 6398242,
            "book_valuer_per_share": 13.87,
            "book_valuer_per_share_4q_avg": 12.76,
            "equity": 8876964,
            "current_ratio": 232.67,
            "debt_ratio": 51.54,
            "inventory_turnover_ratio": 3.82,
            "account_receivable_turnover_ratio": null,
            "reinvestment_rate": -51.49,
            "research_to_sale_ratio": null,
            "price_fair": 55.72,
            "eps_avg_yearly": 1.59,
            "eps_latest_yearly": 2.88,
            "eps_growth_yearly": 694.3
        },
        "20074": {
            "year_quarter": 20074,
            "year": 2007,
            "quarter": 4,
            "eps": 0.38,
            "eps_growth_year": 58.33,
            "eps_4q": 1.83,
            "eps_4q_growth_year": 29.33,
            "roe": 2.37,
            "roe_4q": 13.5,
            "gross_profit": 176496,
            "gross_margin": 4.12,
            "gross_margin_4q_avg": 5.21,
            "net_income": 246338,
            "revenue": 4288886,
            "common_shares": 6409750,
            "book_valuer_per_share": 15.47,
            "book_valuer_per_share_4q_avg": 13.67,
            "equity": 11896057,
            "current_ratio": 137.66,
            "debt_ratio": 57.32,
            "inventory_turnover_ratio": 1.85,
            "account_receivable_turnover_ratio": null,
            "reinvestment_rate": 22.32,
            "research_to_sale_ratio": null,
            "price_fair": 55.49,
            "eps_avg_yearly": 1.59,
            "eps_latest_yearly": 1.52,
            "eps_growth_yearly": 614.01
        },
        "20081": {
            "year_quarter": 20081,
            "year": 2008,
            "quarter": 1,
            "eps": 0.12,
            "eps_growth_year": -58.62,
            "eps_4q": 1.27,
            "eps_4q_growth_year": -8.92,
            "roe": 0.86,
            "roe_4q": 12.18,
            "gross_profit": 415201,
            "gross_margin": 4.48,
            "gross_margin_4q_avg": 4.83,
            "net_income": 102671,
            "revenue": 9273025,
            "common_shares": 6409750,
            "book_valuer_per_share": 15.61,
            "book_valuer_per_share_4q_avg": 14.54,
            "equity": 12094390,
            "current_ratio": 143,
            "debt_ratio": 57.72,
            "inventory_turnover_ratio": 2.57,
            "account_receivable_turnover_ratio": null,
            "reinvestment_rate": 110.6,
            "research_to_sale_ratio": null,
            "price_fair": 52.27,
            "eps_avg_yearly": 1.49,
            "eps_latest_yearly": 0.48,
            "eps_growth_yearly": 540.03
        },
        "20082": {
            "year_quarter": 20082,
            "year": 2008,
            "quarter": 2,
            "eps": -0.03,
            "eps_growth_year": -106.52,
            "eps_4q": 1.08,
            "eps_4q_growth_year": -20.63,
            "roe": 0.26,
            "roe_4q": 8.780000000000001,
            "gross_profit": 567798,
            "gross_margin": 7.45,
            "gross_margin_4q_avg": 5.49,
            "net_income": 30743,
            "revenue": 7626484,
            "common_shares": 7126891,
            "book_valuer_per_share": 13.98,
            "book_valuer_per_share_4q_avg": 14.73,
            "equity": 11710915,
            "current_ratio": 114.2,
            "debt_ratio": 59.66,
            "inventory_turnover_ratio": 1.85,
            "account_receivable_turnover_ratio": null,
            "reinvestment_rate": 122.95,
            "research_to_sale_ratio": null,
            "price_fair": 54.73,
            "eps_avg_yearly": 1.56,
            "eps_latest_yearly": 0.48,
            "eps_growth_yearly": 613.59
        },
        "20083": {
            "year_quarter": 20083,
            "year": 2008,
            "quarter": 3,
            "eps": -0.11,
            "eps_growth_year": -115.28,
            "eps_4q": 0.33,
            "eps_4q_growth_year": -80.56,
            "roe": -0.41,
            "roe_4q": 3.08,
            "gross_profit": 106530,
            "gross_margin": 1.4,
            "gross_margin_4q_avg": 4.36,
            "net_income": -47690,
            "revenue": 7589259,
            "common_shares": 7134827,
            "book_valuer_per_share": 13.72,
            "book_valuer_per_share_4q_avg": 14.7,
            "equity": 11285629,
            "current_ratio": 105.24,
            "debt_ratio": 60.02,
            "inventory_turnover_ratio": 1.7,
            "account_receivable_turnover_ratio": null,
            "reinvestment_rate": 181.77,
            "research_to_sale_ratio": null,
            "price_fair": 47.46,
            "eps_avg_yearly": 1.36,
            "eps_latest_yearly": 0.48,
            "eps_growth_yearly": 512.73
        },
        "20084": {
            "year_quarter": 20084,
            "year": 2008,
            "quarter": 4,
            "eps": -3.25,
            "eps_growth_year": -955.26,
            "eps_4q": -3.38,
            "eps_4q_growth_year": -284.59,
            "roe": -23.54,
            "roe_4q": -22.83,
            "gross_profit": -1818702,
            "gross_margin": -42.42,
            "gross_margin_4q_avg": -7.27,
            "net_income": -2317395,
            "revenue": 4287475,
            "common_shares": 7134827,
            "book_valuer_per_share": 9.81,
            "book_valuer_per_share_4q_avg": 13.28,
            "equity": 8403248,
            "current_ratio": 78.95,
            "debt_ratio": 62.84,
            "inventory_turnover_ratio": 1.84,
            "account_receivable_turnover_ratio": 4.21,
            "reinvestment_rate": 1934.23,
            "research_to_sale_ratio": null,
            "price_fair": 47.46,
            "eps_avg_yearly": 1.36,
            "eps_latest_yearly": 0.48,
            "eps_growth_yearly": 512.73
        },
        "20091": {
            "year_quarter": 20091,
            "year": 2009,
            "quarter": 1,
            "eps": 0.97,
            "eps_growth_year": 708.33,
            "eps_4q": -2.42,
            "eps_4q_growth_year": -290.08,
            "roe": 7.81,
            "roe_4q": -15.88,
            "gross_profit": 994809,
            "gross_margin": 18.63,
            "gross_margin_4q_avg": -3.74,
            "net_income": 683479,
            "revenue": 5340052,
            "common_shares": 7134827,
            "book_valuer_per_share": 10.81,
            "book_valuer_per_share_4q_avg": 12.08,
            "equity": 9093587,
            "current_ratio": 80.03,
            "debt_ratio": 59.1,
            "inventory_turnover_ratio": 2.54,
            "account_receivable_turnover_ratio": 2.54,
            "reinvestment_rate": 663.09,
            "research_to_sale_ratio": null,
            "price_fair": 47.46,
            "eps_avg_yearly": 1.36,
            "eps_latest_yearly": 0.48,
            "eps_growth_yearly": 512.73
        },
        "20092": {
            "year_quarter": 20092,
            "year": 2009,
            "quarter": 2,
            "eps": 1.28,
            "eps_growth_year": null,
            "eps_4q": -1.07,
            "eps_4q_growth_year": -198.86,
            "roe": 9.47,
            "roe_4q": -6.669999999999998,
            "gross_profit": 1180650,
            "gross_margin": 18.7,
            "gross_margin_4q_avg": -0.92,
            "net_income": 932246,
            "revenue": 6313115,
            "common_shares": 7134827,
            "book_valuer_per_share": 12.8,
            "book_valuer_per_share_4q_avg": 11.79,
            "equity": 10595161,
            "current_ratio": 92.29,
            "debt_ratio": 52.14,
            "inventory_turnover_ratio": 3.01,
            "account_receivable_turnover_ratio": 2.5,
            "reinvestment_rate": 272.4,
            "research_to_sale_ratio": null,
            "price_fair": 59.44,
            "eps_avg_yearly": 1.7,
            "eps_latest_yearly": 5.12,
            "eps_growth_yearly": 477.74
        },
        "20093": {
            "year_quarter": 20093,
            "year": 2009,
            "quarter": 3,
            "eps": 0.92,
            "eps_growth_year": null,
            "eps_4q": -0.04,
            "eps_4q_growth_year": -111.02,
            "roe": 6.3,
            "roe_4q": 0.03999999999999915,
            "gross_profit": 890975,
            "gross_margin": 12.1,
            "gross_margin_4q_avg": 1.75,
            "net_income": 723271,
            "revenue": 7360692,
            "common_shares": 7938289,
            "book_valuer_per_share": 13.56,
            "book_valuer_per_share_4q_avg": 11.75,
            "equity": 12347462,
            "current_ratio": 111.04,
            "debt_ratio": 45.42,
            "inventory_turnover_ratio": 3.3,
            "account_receivable_turnover_ratio": 2.37,
            "reinvestment_rate": 235.48,
            "research_to_sale_ratio": null,
            "price_fair": 65.22,
            "eps_avg_yearly": 1.86,
            "eps_latest_yearly": 3.68,
            "eps_growth_yearly": 428.55
        },
        "20094": {
            "year_quarter": 20094,
            "year": 2009,
            "quarter": 4,
            "eps": 0.37,
            "eps_growth_year": null,
            "eps_4q": 2.86,
            "eps_4q_growth_year": null,
            "roe": 2.73,
            "roe_4q": 26.31,
            "gross_profit": 629724,
            "gross_margin": 8.06,
            "gross_margin_4q_avg": 14.37,
            "net_income": 348815,
            "revenue": 7811166,
            "common_shares": 8606701,
            "book_valuer_per_share": 13.31,
            "book_valuer_per_share_4q_avg": 12.62,
            "equity": 13242179,
            "current_ratio": 116.96,
            "debt_ratio": 42.06,
            "inventory_turnover_ratio": 3.5,
            "account_receivable_turnover_ratio": 3.93,
            "reinvestment_rate": 248.51,
            "research_to_sale_ratio": null,
            "price_fair": 69.3,
            "eps_avg_yearly": 1.98,
            "eps_latest_yearly": 1.48,
            "eps_growth_yearly": 440.9
        },
        "20101": {
            "year_quarter": 20101,
            "year": 2010,
            "quarter": 1,
            "eps": 0.43,
            "eps_growth_year": -55.67,
            "eps_4q": 2.53,
            "eps_4q_growth_year": null,
            "roe": 3.2,
            "roe_4q": 21.700000000000003,
            "gross_profit": 840251,
            "gross_margin": 10.54,
            "gross_margin_4q_avg": 12.35,
            "net_income": 429491,
            "revenue": 7973751,
            "common_shares": 9066203,
            "book_valuer_per_share": 13,
            "book_valuer_per_share_4q_avg": 13.17,
            "equity": 13594415,
            "current_ratio": 121.03,
            "debt_ratio": 44.55,
            "inventory_turnover_ratio": 2.62,
            "account_receivable_turnover_ratio": 1.88,
            "reinvestment_rate": 321.38,
            "research_to_sale_ratio": 0.12,
            "price_fair": 6.08,
            "eps_avg_yearly": 2.03,
            "eps_latest_yearly": 1.72,
            "eps_growth_yearly": -3.7
        },
        "20102": {
            "year_quarter": 20102,
            "year": 2010,
            "quarter": 2,
            "eps": 0.33,
            "eps_growth_year": -73.84,
            "eps_4q": 1.85,
            "eps_4q_growth_year": null,
            "roe": 2.8,
            "roe_4q": 15.030000000000001,
            "gross_profit": 779528,
            "gross_margin": 8.62,
            "gross_margin_4q_avg": 9.83,
            "net_income": 380533,
            "revenue": 9048279,
            "common_shares": 9066203,
            "book_valuer_per_share": 13.08,
            "book_valuer_per_share_4q_avg": 13.24,
            "equity": 13582768,
            "current_ratio": 114.89,
            "debt_ratio": 45,
            "inventory_turnover_ratio": 2.6,
            "account_receivable_turnover_ratio": 1.96,
            "reinvestment_rate": 336.46,
            "research_to_sale_ratio": 0.09,
            "price_fair": 5.93,
            "eps_avg_yearly": 1.98,
            "eps_latest_yearly": 1.32,
            "eps_growth_yearly": -33.29
        },
        "20103": {
            "year_quarter": 20103,
            "year": 2010,
            "quarter": 3,
            "eps": 0.78,
            "eps_growth_year": -15.74,
            "eps_4q": 1.87,
            "eps_4q_growth_year": null,
            "roe": 5.59,
            "roe_4q": 14.32,
            "gross_profit": 603873,
            "gross_margin": 11.3,
            "gross_margin_4q_avg": 9.63,
            "net_income": 768004,
            "revenue": 5345491,
            "common_shares": 9066203,
            "book_valuer_per_share": 13.31,
            "book_valuer_per_share_4q_avg": 13.18,
            "equity": 13881649,
            "current_ratio": 130.57,
            "debt_ratio": 32.93,
            "inventory_turnover_ratio": 2.04,
            "account_receivable_turnover_ratio": 1.42,
            "reinvestment_rate": 303.56,
            "research_to_sale_ratio": 0.2,
            "price_fair": 59.86,
            "eps_avg_yearly": 2.11,
            "eps_latest_yearly": 3.12,
            "eps_growth_yearly": 18.42
        },
        "20104": {
            "year_quarter": 20104,
            "year": 2010,
            "quarter": 4,
            "eps": 0.78,
            "eps_growth_year": 110.11,
            "eps_4q": 2.32,
            "eps_4q_growth_year": -18.57,
            "roe": 4.63,
            "roe_4q": 16.22,
            "gross_profit": 523558,
            "gross_margin": 9.67,
            "gross_margin_4q_avg": 10.03,
            "net_income": 670160,
            "revenue": 5411985,
            "common_shares": 9066203,
            "book_valuer_per_share": 14.47,
            "book_valuer_per_share_4q_avg": 13.47,
            "equity": 15073789,
            "current_ratio": 137.42,
            "debt_ratio": 30.05,
            "inventory_turnover_ratio": 2.95,
            "account_receivable_turnover_ratio": 2.02,
            "reinvestment_rate": 224.57,
            "research_to_sale_ratio": 0.28,
            "price_fair": 80.03,
            "eps_avg_yearly": 2.29,
            "eps_latest_yearly": 3.12,
            "eps_growth_yearly": 31.24
        },
        "20111": {
            "year_quarter": 20111,
            "year": 2011,
            "quarter": 1,
            "eps": 0.71,
            "eps_growth_year": 65.12,
            "eps_4q": 2.61,
            "eps_4q_growth_year": 3.16,
            "roe": 4.3,
            "roe_4q": 17.32,
            "gross_profit": 656358,
            "gross_margin": 10.6,
            "gross_margin_4q_avg": 10.05,
            "net_income": 661304,
            "revenue": 6191586,
            "common_shares": 9066203,
            "book_valuer_per_share": 15.12,
            "book_valuer_per_share_4q_avg": 14,
            "equity": 15659470,
            "current_ratio": 140.74,
            "debt_ratio": 30.94,
            "inventory_turnover_ratio": 3.13,
            "account_receivable_turnover_ratio": 2.11,
            "reinvestment_rate": 268.54,
            "research_to_sale_ratio": 0.24,
            "price_fair": 75.95,
            "eps_avg_yearly": 2.43,
            "eps_latest_yearly": 2.84,
            "eps_growth_yearly": 21.3
        },
        "20112": {
            "year_quarter": 20112,
            "year": 2011,
            "quarter": 2,
            "eps": 0.11,
            "eps_growth_year": -66.71,
            "eps_4q": 2.38,
            "eps_4q_growth_year": 28.74,
            "roe": 0.96,
            "roe_4q": 15.48,
            "gross_profit": 312045,
            "gross_margin": 5.09,
            "gross_margin_4q_avg": 9.17,
            "net_income": 147555,
            "revenue": 6134482,
            "common_shares": 9066203,
            "book_valuer_per_share": 14.47,
            "book_valuer_per_share_4q_avg": 14.34,
            "equity": 15163742,
            "current_ratio": 113.53,
            "debt_ratio": 34.85,
            "inventory_turnover_ratio": 2.97,
            "account_receivable_turnover_ratio": 1.85,
            "reinvestment_rate": 296.47,
            "research_to_sale_ratio": 0.21,
            "price_fair": 6.93,
            "eps_avg_yearly": 2.31,
            "eps_latest_yearly": 0.44,
            "eps_growth_yearly": -26.41
        },
        "20113": {
            "year_quarter": 20113,
            "year": 2011,
            "quarter": 3,
            "eps": 0.44,
            "eps_growth_year": -42.7,
            "eps_4q": 2.04,
            "eps_4q_growth_year": 9.27,
            "roe": 2.98,
            "roe_4q": 12.870000000000001,
            "gross_profit": 552830,
            "gross_margin": 8.71,
            "gross_margin_4q_avg": 8.52,
            "net_income": 456421,
            "revenue": 6347248,
            "common_shares": 9066203,
            "book_valuer_per_share": 14.85,
            "book_valuer_per_share_4q_avg": 14.73,
            "equity": 15498895,
            "current_ratio": 141.29,
            "debt_ratio": 30.89,
            "inventory_turnover_ratio": 2.97,
            "account_receivable_turnover_ratio": 1.93,
            "reinvestment_rate": 286.65,
            "research_to_sale_ratio": 0.35,
            "price_fair": 77.58,
            "eps_avg_yearly": 2.22,
            "eps_latest_yearly": 1.76,
            "eps_growth_yearly": 54.75
        },
        "20114": {
            "year_quarter": 20114,
            "year": 2011,
            "quarter": 4,
            "eps": -0.02,
            "eps_growth_year": -102.95,
            "eps_4q": 1.25,
            "eps_4q_growth_year": -46.34,
            "roe": 0.18,
            "roe_4q": 8.42,
            "gross_profit": 486137,
            "gross_margin": 7.96,
            "gross_margin_4q_avg": 8.09,
            "net_income": 26910,
            "revenue": 6109491,
            "common_shares": 9066203,
            "book_valuer_per_share": 14.65,
            "book_valuer_per_share_4q_avg": 14.77,
            "equity": 15241214,
            "current_ratio": 134.57,
            "debt_ratio": 30.7,
            "inventory_turnover_ratio": 3.24,
            "account_receivable_turnover_ratio": 1.94,
            "reinvestment_rate": 184.69,
            "research_to_sale_ratio": 0.24,
            "price_fair": 79.8,
            "eps_avg_yearly": 2.28,
            "eps_latest_yearly": 1.76,
            "eps_growth_yearly": 76.9
        },
        "20121": {
            "year_quarter": 20121,
            "year": 2012,
            "quarter": 1,
            "eps": 0.17,
            "eps_growth_year": -76.06,
            "eps_4q": 0.71,
            "eps_4q_growth_year": -72.92,
            "roe": 1.2,
            "roe_4q": 5.319999999999999,
            "gross_profit": 353995,
            "gross_margin": 6.37,
            "gross_margin_4q_avg": 7.03,
            "net_income": 184728,
            "revenue": 5557054,
            "common_shares": 9066203,
            "book_valuer_per_share": 14.91,
            "book_valuer_per_share_4q_avg": 14.72,
            "equity": 15597999,
            "current_ratio": 131.49,
            "debt_ratio": 31.76,
            "inventory_turnover_ratio": 2.79,
            "account_receivable_turnover_ratio": 1.84,
            "reinvestment_rate": 199.49,
            "research_to_sale_ratio": 0.25,
            "price_fair": 86.1,
            "eps_avg_yearly": 2.46,
            "eps_latest_yearly": 1.76,
            "eps_growth_yearly": 111.96
        },
        "20122": {
            "year_quarter": 20122,
            "year": 2012,
            "quarter": 2,
            "eps": 1.3,
            "eps_growth_year": 1070.33,
            "eps_4q": 1.9,
            "eps_4q_growth_year": -20.27,
            "roe": 7.75,
            "roe_4q": 12.11,
            "gross_profit": 240794,
            "gross_margin": 4.26,
            "gross_margin_4q_avg": 6.83,
            "net_income": 1216974,
            "revenue": 5648782,
            "common_shares": 9066203,
            "book_valuer_per_share": 15.3,
            "book_valuer_per_share_4q_avg": 14.93,
            "equity": 15804575,
            "current_ratio": 139.43,
            "debt_ratio": 35.47,
            "inventory_turnover_ratio": 2.57,
            "account_receivable_turnover_ratio": 1.8,
            "reinvestment_rate": 137.01,
            "research_to_sale_ratio": 0.27,
            "price_fair": 94.82,
            "eps_avg_yearly": 2.71,
            "eps_latest_yearly": 5.2,
            "eps_growth_yearly": 343.49
        },
        "20123": {
            "year_quarter": 20123,
            "year": 2012,
            "quarter": 3,
            "eps": 0.32,
            "eps_growth_year": -28.75,
            "eps_4q": 1.77,
            "eps_4q_growth_year": -13.32,
            "roe": 1.98,
            "roe_4q": 11.11,
            "gross_profit": 515950,
            "gross_margin": 7.55,
            "gross_margin_4q_avg": 6.54,
            "net_income": 316443,
            "revenue": 6834883,
            "common_shares": 9066203,
            "book_valuer_per_share": 15.6,
            "book_valuer_per_share_4q_avg": 15.12,
            "equity": 16116503,
            "current_ratio": 144.09,
            "debt_ratio": 30.51,
            "inventory_turnover_ratio": 3.08,
            "account_receivable_turnover_ratio": 2.09,
            "reinvestment_rate": 124.29,
            "research_to_sale_ratio": 0.25,
            "price_fair": 90.65,
            "eps_avg_yearly": 2.59,
            "eps_latest_yearly": 1.28,
            "eps_growth_yearly": 289.74
        },
        "20124": {
            "year_quarter": 20124,
            "year": 2012,
            "quarter": 4,
            "eps": 0.14,
            "eps_growth_year": null,
            "eps_4q": 1.94,
            "eps_4q_growth_year": 55.4,
            "roe": 1.06,
            "roe_4q": 11.989999999999998,
            "gross_profit": 387564,
            "gross_margin": 8.21,
            "gross_margin_4q_avg": 6.6,
            "net_income": 171210,
            "revenue": 4721932,
            "common_shares": 9066203,
            "book_valuer_per_share": 15.72,
            "book_valuer_per_share_4q_avg": 15.38,
            "equity": 16247904,
            "current_ratio": 135.92,
            "debt_ratio": 31.96,
            "inventory_turnover_ratio": 1.91,
            "account_receivable_turnover_ratio": 1.55,
            "reinvestment_rate": 89.12,
            "research_to_sale_ratio": 0.35,
            "price_fair": 85.18,
            "eps_avg_yearly": 2.43,
            "eps_latest_yearly": 0.56,
            "eps_growth_yearly": 250.14
        },
        "20131": {
            "year_quarter": 20131,
            "year": 2013,
            "quarter": 1,
            "eps": 0.18,
            "eps_growth_year": 5.88,
            "eps_4q": 1.95,
            "eps_4q_growth_year": 176.22,
            "roe": 1.32,
            "roe_4q": 12.11,
            "gross_profit": 501458,
            "gross_margin": 8.38,
            "gross_margin_4q_avg": 7.1,
            "net_income": 217806,
            "revenue": 5981395,
            "common_shares": 9066203,
            "book_valuer_per_share": 16.19,
            "book_valuer_per_share_4q_avg": 15.7,
            "equity": 16834438,
            "current_ratio": 137.48,
            "debt_ratio": 31.79,
            "inventory_turnover_ratio": 2.35,
            "account_receivable_turnover_ratio": 1.93,
            "reinvestment_rate": 98.71,
            "research_to_sale_ratio": 0.23,
            "price_fair": 80.9,
            "eps_avg_yearly": 2.31,
            "eps_latest_yearly": 0.72,
            "eps_growth_yearly": 240.44
        },
        "20132": {
            "year_quarter": 20132,
            "year": 2013,
            "quarter": 2,
            "eps": 0.61,
            "eps_growth_year": -53.25,
            "eps_4q": 1.26,
            "eps_4q_growth_year": -33.64,
            "roe": 3.66,
            "roe_4q": 8.020000000000001,
            "gross_profit": 1003950,
            "gross_margin": 14.15,
            "gross_margin_4q_avg": 9.57,
            "net_income": 610603,
            "revenue": 7093569,
            "common_shares": 9066203,
            "book_valuer_per_share": 15.91,
            "book_valuer_per_share_4q_avg": 15.86,
            "equity": 16552363,
            "current_ratio": 140.31,
            "debt_ratio": 33.11,
            "inventory_turnover_ratio": 3.01,
            "account_receivable_turnover_ratio": 2.12,
            "reinvestment_rate": 97.82,
            "research_to_sale_ratio": 0.25,
            "price_fair": 74.2,
            "eps_avg_yearly": 2.12,
            "eps_latest_yearly": 2.44,
            "eps_growth_yearly": 299.56
        },
        "20133": {
            "year_quarter": 20133,
            "year": 2013,
            "quarter": 3,
            "eps": 0.73,
            "eps_growth_year": 130.68,
            "eps_4q": 1.68,
            "eps_4q_growth_year": -5.22,
            "roe": 4.27,
            "roe_4q": 10.31,
            "gross_profit": 1068388,
            "gross_margin": 16.21,
            "gross_margin_4q_avg": 11.74,
            "net_income": 722105,
            "revenue": 6591330,
            "common_shares": 9066203,
            "book_valuer_per_share": 16.6,
            "book_valuer_per_share_4q_avg": 16.11,
            "equity": 17256492,
            "current_ratio": 166.87,
            "debt_ratio": 29.86,
            "inventory_turnover_ratio": 2.72,
            "account_receivable_turnover_ratio": 2.03,
            "reinvestment_rate": 96.29,
            "research_to_sale_ratio": 0.28,
            "price_fair": 72.3,
            "eps_avg_yearly": 2.07,
            "eps_latest_yearly": 2.92,
            "eps_growth_yearly": 313.22
        },
        "20134": {
            "year_quarter": 20134,
            "year": 2013,
            "quarter": 4,
            "eps": 0.64,
            "eps_growth_year": 342.6,
            "eps_4q": 2.17,
            "eps_4q_growth_year": 12.02,
            "roe": 3.44,
            "roe_4q": 12.69,
            "gross_profit": 676154,
            "gross_margin": 10.21,
            "gross_margin_4q_avg": 12.24,
            "net_income": 610756,
            "revenue": 6622281,
            "common_shares": 9066203,
            "book_valuer_per_share": 17.49,
            "book_valuer_per_share_4q_avg": 16.55,
            "equity": 18224752,
            "current_ratio": 193.28,
            "debt_ratio": 26.88,
            "inventory_turnover_ratio": 2.76,
            "account_receivable_turnover_ratio": 2.12,
            "reinvestment_rate": 46.67,
            "research_to_sale_ratio": 0.25,
            "price_fair": 75,
            "eps_avg_yearly": 2.14,
            "eps_latest_yearly": 2.56,
            "eps_growth_yearly": 326.78
        },
        "20141": {
            "year_quarter": 20141,
            "year": 2014,
            "quarter": 1,
            "eps": 0.14,
            "eps_growth_year": -22.22,
            "eps_4q": 2.13,
            "eps_4q_growth_year": 9.4,
            "roe": 0.86,
            "roe_4q": 12.23,
            "gross_profit": 470921,
            "gross_margin": 7.59,
            "gross_margin_4q_avg": 12.04,
            "net_income": 156209,
            "revenue": 6201713,
            "common_shares": 9066203,
            "book_valuer_per_share": 17.51,
            "book_valuer_per_share_4q_avg": 16.88,
            "equity": 18208647,
            "current_ratio": 191.88,
            "debt_ratio": 26.65,
            "inventory_turnover_ratio": 2.5,
            "account_receivable_turnover_ratio": 2.11,
            "reinvestment_rate": 45.39,
            "research_to_sale_ratio": 0.23,
            "price_fair": 72.1,
            "eps_avg_yearly": 2.06,
            "eps_latest_yearly": 0.56,
            "eps_growth_yearly": 299.82
        },
        "20142": {
            "year_quarter": 20142,
            "year": 2014,
            "quarter": 2,
            "eps": 0.05,
            "eps_growth_year": -91.8,
            "eps_4q": 1.57,
            "eps_4q_growth_year": 24.3,
            "roe": 0.66,
            "roe_4q": 9.23,
            "gross_profit": 525598,
            "gross_margin": 8.59,
            "gross_margin_4q_avg": 10.65,
            "net_income": 116363,
            "revenue": 6120493,
            "common_shares": 9066203,
            "book_valuer_per_share": 16.5,
            "book_valuer_per_share_4q_avg": 17.03,
            "equity": 17269585,
            "current_ratio": 144.47,
            "debt_ratio": 31.31,
            "inventory_turnover_ratio": 2.45,
            "account_receivable_turnover_ratio": 2,
            "reinvestment_rate": 41.27,
            "research_to_sale_ratio": 0.24,
            "price_fair": 69.3,
            "eps_avg_yearly": 1.98,
            "eps_latest_yearly": 0.2,
            "eps_growth_yearly": 288.1
        },
        "20143": {
            "year_quarter": 20143,
            "year": 2014,
            "quarter": 3,
            "eps": 0.21,
            "eps_growth_year": -71.23,
            "eps_4q": 1.04,
            "eps_4q_growth_year": -37.87,
            "roe": 1.43,
            "roe_4q": 6.39,
            "gross_profit": 366821,
            "gross_margin": 5.72,
            "gross_margin_4q_avg": 8.03,
            "net_income": 248939,
            "revenue": 6417824,
            "common_shares": 9066203,
            "book_valuer_per_share": 16.83,
            "book_valuer_per_share_4q_avg": 17.08,
            "equity": 17633542,
            "current_ratio": 160.1,
            "debt_ratio": 29.9,
            "inventory_turnover_ratio": 2.81,
            "account_receivable_turnover_ratio": 1.95,
            "reinvestment_rate": 37.53,
            "research_to_sale_ratio": 0.37,
            "price_fair": 63.6,
            "eps_avg_yearly": 1.82,
            "eps_latest_yearly": 0.84,
            "eps_growth_yearly": 340.57
        },
        "20144": {
            "year_quarter": 20144,
            "year": 2014,
            "quarter": 4,
            "eps": -0.08,
            "eps_growth_year": -112.91,
            "eps_4q": 0.33,
            "eps_4q_growth_year": -85,
            "roe": -0.17,
            "roe_4q": 2.78,
            "gross_profit": 229211,
            "gross_margin": 4.09,
            "gross_margin_4q_avg": 6.5,
            "net_income": -30830,
            "revenue": 5600234,
            "common_shares": 9066203,
            "book_valuer_per_share": 16.96,
            "book_valuer_per_share_4q_avg": 16.95,
            "equity": 17854044,
            "current_ratio": 172.39,
            "debt_ratio": 26.8,
            "inventory_turnover_ratio": 2.66,
            "account_receivable_turnover_ratio": 1.97,
            "reinvestment_rate": 18.86,
            "research_to_sale_ratio": 0.31,
            "price_fair": 60.09,
            "eps_avg_yearly": 1.72,
            "eps_latest_yearly": 0.84,
            "eps_growth_yearly": 366.76
        },
        "20151": {
            "year_quarter": 20151,
            "year": 2015,
            "quarter": 1,
            "eps": 0.32,
            "eps_growth_year": 128.57,
            "eps_4q": 0.51,
            "eps_4q_growth_year": -76.3,
            "roe": 1.81,
            "roe_4q": 3.7300000000000004,
            "gross_profit": 605567,
            "gross_margin": 12.09,
            "gross_margin_4q_avg": 7.62,
            "net_income": 326806,
            "revenue": 5008775,
            "common_shares": 9066203,
            "book_valuer_per_share": 17.32,
            "book_valuer_per_share_4q_avg": 16.9,
            "equity": 18254286,
            "current_ratio": 194.31,
            "debt_ratio": 25.15,
            "inventory_turnover_ratio": 2.56,
            "account_receivable_turnover_ratio": 1.94,
            "reinvestment_rate": 17.86,
            "research_to_sale_ratio": 0.19,
            "price_fair": 56.82,
            "eps_avg_yearly": 1.62,
            "eps_latest_yearly": 0.84,
            "eps_growth_yearly": 400.32
        },
        "20152": {
            "year_quarter": 20152,
            "year": 2015,
            "quarter": 2,
            "eps": 0.96,
            "eps_growth_year": 1820,
            "eps_4q": 1.42,
            "eps_4q_growth_year": -9.18,
            "roe": 4.92,
            "roe_4q": 7.99,
            "gross_profit": 1266315,
            "gross_margin": 21.07,
            "gross_margin_4q_avg": 10.74,
            "net_income": 918302,
            "revenue": 6010623,
            "common_shares": 9066203,
            "book_valuer_per_share": 18.14,
            "book_valuer_per_share_4q_avg": 17.31,
            "equity": 19102886,
            "current_ratio": 203.23,
            "debt_ratio": 23.77,
            "inventory_turnover_ratio": 2.84,
            "account_receivable_turnover_ratio": 2.09,
            "reinvestment_rate": 12.38,
            "research_to_sale_ratio": 0.18,
            "price_fair": 66.73,
            "eps_avg_yearly": 1.91,
            "eps_latest_yearly": 3.84,
            "eps_growth_yearly": 495.15
        },
        "20153": {
            "year_quarter": 20153,
            "year": 2015,
            "quarter": 3,
            "eps": 0.16,
            "eps_growth_year": -23.81,
            "eps_4q": 1.37,
            "eps_4q_growth_year": 31.47,
            "roe": 1.1,
            "roe_4q": 7.66,
            "gross_profit": 655336,
            "gross_margin": 13.85,
            "gross_margin_4q_avg": 12.78,
            "net_income": 209955,
            "revenue": 4731722,
            "common_shares": 9066203,
            "book_valuer_per_share": 18.14,
            "book_valuer_per_share_4q_avg": 17.64,
            "equity": 19004700,
            "current_ratio": 270.38,
            "debt_ratio": 18.17,
            "inventory_turnover_ratio": 2.51,
            "account_receivable_turnover_ratio": 1.77,
            "reinvestment_rate": 8.42,
            "research_to_sale_ratio": 0.2,
            "price_fair": 63.47,
            "eps_avg_yearly": 1.81,
            "eps_latest_yearly": 0.64,
            "eps_growth_yearly": 367.38
        },
        "20154": {
            "year_quarter": 20154,
            "year": 2015,
            "quarter": 4,
            "eps": 0.19,
            "eps_growth_year": null,
            "eps_4q": 1.64,
            "eps_4q_growth_year": 403.33,
            "roe": 1.04,
            "roe_4q": 8.870000000000001,
            "gross_profit": 514058,
            "gross_margin": 12.03,
            "gross_margin_4q_avg": 14.76,
            "net_income": 197014,
            "revenue": 4273839,
            "common_shares": 9066203,
            "book_valuer_per_share": 18.09,
            "book_valuer_per_share_4q_avg": 17.92,
            "equity": 18927671,
            "current_ratio": 268.54,
            "debt_ratio": 18.17,
            "inventory_turnover_ratio": 2.38,
            "account_receivable_turnover_ratio": 1.93,
            "reinvestment_rate": 4.41,
            "research_to_sale_ratio": 0.25,
            "price_fair": 60.63,
            "eps_avg_yearly": 1.73,
            "eps_latest_yearly": 0.76,
            "eps_growth_yearly": 344.89
        },
        "20161": {
            "year_quarter": 20161,
            "year": 2016,
            "quarter": 1,
            "eps": 0.64,
            "eps_growth_year": 100,
            "eps_4q": 1.96,
            "eps_4q_growth_year": 288.13,
            "roe": 3.13,
            "roe_4q": 10.19,
            "gross_profit": 797789,
            "gross_margin": 17.46,
            "gross_margin_4q_avg": 16.1,
            "net_income": 600518,
            "revenue": 4570011,
            "common_shares": 9066203,
            "book_valuer_per_share": 18.58,
            "book_valuer_per_share_4q_avg": 18.24,
            "equity": 19386269,
            "current_ratio": 251.41,
            "debt_ratio": 16.75,
            "inventory_turnover_ratio": 2.29,
            "account_receivable_turnover_ratio": 1.99,
            "reinvestment_rate": -6.7,
            "research_to_sale_ratio": 0.24,
            "price_fair": 62.7,
            "eps_avg_yearly": 1.79,
            "eps_latest_yearly": 2.56,
            "eps_growth_yearly": 387.92
        },
        "20162": {
            "year_quarter": 20162,
            "year": 2016,
            "quarter": 2,
            "eps": 0.36,
            "eps_growth_year": -62.5,
            "eps_4q": 1.35,
            "eps_4q_growth_year": -4.86,
            "roe": 1.98,
            "roe_4q": 7.25,
            "gross_profit": 656088,
            "gross_margin": 14.45,
            "gross_margin_4q_avg": 14.45,
            "net_income": 377486,
            "revenue": 4541295,
            "common_shares": 9066203,
            "book_valuer_per_share": 18.02,
            "book_valuer_per_share_4q_avg": 18.21,
            "equity": 18840980,
            "current_ratio": 213.49,
            "debt_ratio": 19.02,
            "inventory_turnover_ratio": 2.52,
            "account_receivable_turnover_ratio": 1.79,
            "reinvestment_rate": 0.6,
            "research_to_sale_ratio": 0.21,
            "price_fair": 53.3,
            "eps_avg_yearly": 1.52,
            "eps_latest_yearly": 1.44,
            "eps_growth_yearly": 185.5
        },
        "20163": {
            "year_quarter": 20163,
            "year": 2016,
            "quarter": 3,
            "eps": 0.63,
            "eps_growth_year": 293.75,
            "eps_4q": 1.83,
            "eps_4q_growth_year": 33.48,
            "roe": 3.26,
            "roe_4q": 9.41,
            "gross_profit": 822187,
            "gross_margin": 16.43,
            "gross_margin_4q_avg": 15.09,
            "net_income": 629544,
            "revenue": 5004150,
            "common_shares": 9066203,
            "book_valuer_per_share": 18.77,
            "book_valuer_per_share_4q_avg": 18.37,
            "equity": 19723896,
            "current_ratio": 250.43,
            "debt_ratio": 16.69,
            "inventory_turnover_ratio": 2.82,
            "account_receivable_turnover_ratio": 1.94,
            "reinvestment_rate": 0.44,
            "research_to_sale_ratio": 0.2,
            "price_fair": 56.4,
            "eps_avg_yearly": 1.61,
            "eps_latest_yearly": 2.52,
            "eps_growth_yearly": 228.47
        },
        "20164": {
            "year_quarter": 20164,
            "year": 2016,
            "quarter": 4,
            "eps": 1.03,
            "eps_growth_year": 454.3,
            "eps_4q": 2.67,
            "eps_4q_growth_year": 63.06,
            "roe": 4.79,
            "roe_4q": 13.16,
            "gross_profit": 1148055,
            "gross_margin": 19.78,
            "gross_margin_4q_avg": 17.03,
            "net_income": 971190,
            "revenue": 5803283,
            "common_shares": 9066203,
            "book_valuer_per_share": 19.87,
            "book_valuer_per_share_4q_avg": 18.81,
            "equity": 20847219,
            "current_ratio": 269.18,
            "debt_ratio": 16.63,
            "inventory_turnover_ratio": 2.94,
            "account_receivable_turnover_ratio": 2.08,
            "reinvestment_rate": 0.04,
            "research_to_sale_ratio": 0.18,
            "price_fair": 65.3,
            "eps_avg_yearly": 1.87,
            "eps_latest_yearly": 4.12,
            "eps_growth_yearly": 262.68
        },
        "20171": {
            "year_quarter": 20171,
            "year": 2017,
            "quarter": 1,
            "eps": 0.86,
            "eps_growth_year": 34.38,
            "eps_4q": 2.89,
            "eps_4q_growth_year": 47.43,
            "roe": 3.78,
            "roe_4q": 13.81,
            "gross_profit": 957763,
            "gross_margin": 17.76,
            "gross_margin_4q_avg": 17.11,
            "net_income": 794048,
            "revenue": 5392770,
            "common_shares": 9066203,
            "book_valuer_per_share": 20.33,
            "book_valuer_per_share_4q_avg": 19.25,
            "equity": 21207643,
            "current_ratio": 336.93,
            "debt_ratio": 14.66,
            "inventory_turnover_ratio": 2.53,
            "account_receivable_turnover_ratio": 1.93,
            "reinvestment_rate": -14.01,
            "research_to_sale_ratio": 0.18,
            "price_fair": 72.1,
            "eps_avg_yearly": 2.06,
            "eps_latest_yearly": 3.44,
            "eps_growth_yearly": 249.81
        },
        "20172": {
            "year_quarter": 20172,
            "year": 2017,
            "quarter": 2,
            "eps": 0.22,
            "eps_growth_year": -38.89,
            "eps_4q": 2.76,
            "eps_4q_growth_year": 103.57,
            "roe": 1.11,
            "roe_4q": 12.94,
            "gross_profit": 574558,
            "gross_margin": 10.31,
            "gross_margin_4q_avg": 16.07,
            "net_income": 232085,
            "revenue": 5572554,
            "common_shares": 9066203,
            "book_valuer_per_share": 19.66,
            "book_valuer_per_share_4q_avg": 19.66,
            "equity": 20614342,
            "current_ratio": 240.78,
            "debt_ratio": 18.38,
            "inventory_turnover_ratio": 2.74,
            "account_receivable_turnover_ratio": 2.05,
            "reinvestment_rate": -3.09,
            "research_to_sale_ratio": 0.17,
            "price_fair": 68.2,
            "eps_avg_yearly": 1.95,
            "eps_latest_yearly": 0.88,
            "eps_growth_yearly": 160.29
        },
        "20173": {
            "year_quarter": 20173,
            "year": 2017,
            "quarter": 3,
            "eps": 1.35,
            "eps_growth_year": 114.29,
            "eps_4q": 3.47,
            "eps_4q_growth_year": 89.65,
            "roe": 6.04,
            "roe_4q": 15.719999999999999,
            "gross_profit": 1161105,
            "gross_margin": 18.99,
            "gross_margin_4q_avg": 16.71,
            "net_income": 1292407,
            "revenue": 6113688,
            "common_shares": 9066203,
            "book_valuer_per_share": 21.16,
            "book_valuer_per_share_4q_avg": 20.26,
            "equity": 22158312,
            "current_ratio": 324.24,
            "debt_ratio": 14.97,
            "inventory_turnover_ratio": 2.83,
            "account_receivable_turnover_ratio": 2.01,
            "reinvestment_rate": 7.61,
            "research_to_sale_ratio": 0.18,
            "price_fair": 74.4,
            "eps_avg_yearly": 2.13,
            "eps_latest_yearly": 5.4,
            "eps_growth_yearly": 301.42
        },
        "20174": {
            "year_quarter": 20174,
            "year": 2017,
            "quarter": 4,
            "eps": 1.2,
            "eps_growth_year": 17.03,
            "eps_4q": 3.65,
            "eps_4q_growth_year": 36.48,
            "roe": 4.95,
            "roe_4q": 15.879999999999999,
            "gross_profit": 1100559,
            "gross_margin": 17.55,
            "gross_margin_4q_avg": 16.15,
            "net_income": 1129110,
            "revenue": 6271953,
            "common_shares": 9066203,
            "book_valuer_per_share": 22.48,
            "book_valuer_per_share_4q_avg": 20.91,
            "equity": 23484064,
            "current_ratio": 302.59,
            "debt_ratio": 16.13,
            "inventory_turnover_ratio": 2.76,
            "account_receivable_turnover_ratio": 1.94,
            "reinvestment_rate": 12,
            "research_to_sale_ratio": 0.18,
            "price_fair": 80,
            "eps_avg_yearly": 2.29,
            "eps_latest_yearly": 4.8,
            "eps_growth_yearly": 301.77
        },
        "20181": {
            "year_quarter": 20181,
            "year": 2018,
            "quarter": 1,
            "eps": 1.08,
            "eps_growth_year": 25.58,
            "eps_4q": 3.87,
            "eps_4q_growth_year": 33.69,
            "roe": 4.16,
            "roe_4q": 16.259999999999998,
            "gross_profit": 1124826,
            "gross_margin": 17.61,
            "gross_margin_4q_avg": 16.12,
            "net_income": 1005335,
            "revenue": 6386708,
            "common_shares": 9066203,
            "book_valuer_per_share": 23.93,
            "book_valuer_per_share_4q_avg": 21.81,
            "equity": 24877323,
            "current_ratio": 362.41,
            "debt_ratio": 14.66,
            "inventory_turnover_ratio": 2.53,
            "account_receivable_turnover_ratio": 1.98,
            "reinvestment_rate": -39.26,
            "research_to_sale_ratio": 0.17,
            "price_fair": 89.4,
            "eps_avg_yearly": 2.55,
            "eps_latest_yearly": 4.32,
            "eps_growth_yearly": 321.23
        },
        "20182": {
            "year_quarter": 20182,
            "year": 2018,
            "quarter": 2,
            "eps": 0.88,
            "eps_growth_year": 300,
            "eps_4q": 4.51,
            "eps_4q_growth_year": 63.75,
            "roe": 3.35,
            "roe_4q": 18.5,
            "gross_profit": 1054088,
            "gross_margin": 17.85,
            "gross_margin_4q_avg": 18,
            "net_income": 835502,
            "revenue": 5904589,
            "common_shares": 9066203,
            "book_valuer_per_share": 23.94,
            "book_valuer_per_share_4q_avg": 22.88,
            "equity": 25040140,
            "current_ratio": 285.51,
            "debt_ratio": 17.56,
            "inventory_turnover_ratio": 2.48,
            "account_receivable_turnover_ratio": 1.77,
            "reinvestment_rate": 18.33,
            "research_to_sale_ratio": 0.16,
            "price_fair": 97.7,
            "eps_avg_yearly": 2.79,
            "eps_latest_yearly": 3.52,
            "eps_growth_yearly": 334.31
        },
        "20183": {
            "year_quarter": 20183,
            "year": 2018,
            "quarter": 3,
            "eps": 1.04,
            "eps_growth_year": -22.96,
            "eps_4q": 4.21,
            "eps_4q_growth_year": 21.28,
            "roe": 4.06,
            "roe_4q": 16.52,
            "gross_profit": 1269154,
            "gross_margin": 18.86,
            "gross_margin_4q_avg": 17.97,
            "net_income": 1032251,
            "revenue": 6728113,
            "common_shares": 9066203,
            "book_valuer_per_share": 24.7,
            "book_valuer_per_share_4q_avg": 23.76,
            "equity": 25829990,
            "current_ratio": 349.11,
            "debt_ratio": 14.52,
            "inventory_turnover_ratio": 2.71,
            "account_receivable_turnover_ratio": 1.98,
            "reinvestment_rate": -31.72,
            "research_to_sale_ratio": 0.16,
            "price_fair": 106,
            "eps_avg_yearly": 3.03,
            "eps_latest_yearly": 4.16,
            "eps_growth_yearly": 248.08
        },
        "20184": {
            "year_quarter": 20184,
            "year": 2018,
            "quarter": 4,
            "eps": 0.26,
            "eps_growth_year": -78.44,
            "eps_4q": 3.27,
            "eps_4q_growth_year": -10.28,
            "roe": 1.08,
            "roe_4q": 12.65,
            "gross_profit": 607280,
            "gross_margin": 10.61,
            "gross_margin_4q_avg": 16.23,
            "net_income": 277653,
            "revenue": 5721728,
            "common_shares": 9066203,
            "book_valuer_per_share": 24.59,
            "book_valuer_per_share_4q_avg": 24.29,
            "equity": 25620974,
            "current_ratio": 377.19,
            "debt_ratio": 14.2,
            "inventory_turnover_ratio": 2.42,
            "account_receivable_turnover_ratio": 1.8,
            "reinvestment_rate": -23.48,
            "research_to_sale_ratio": 0.14,
            "price_fair": 101.36,
            "eps_avg_yearly": 2.9,
            "eps_latest_yearly": 1.04,
            "eps_growth_yearly": 211.54
        },
        "20191": {
            "year_quarter": 20191,
            "year": 2019,
            "quarter": 1,
            "eps": 0.65,
            "eps_growth_year": -39.81,
            "eps_4q": 2.84,
            "eps_4q_growth_year": -26.45,
            "roe": 2.31,
            "roe_4q": 10.799999999999999,
            "gross_profit": 691297,
            "gross_margin": 13.81,
            "gross_margin_4q_avg": 15.28,
            "net_income": 599975,
            "revenue": 5005839,
            "common_shares": 9066203,
            "book_valuer_per_share": 25.33,
            "book_valuer_per_share_4q_avg": 24.64,
            "equity": 26265472,
            "current_ratio": 427.01,
            "debt_ratio": 14.38,
            "inventory_turnover_ratio": 2.28,
            "account_receivable_turnover_ratio": 1.73,
            "reinvestment_rate": -26.99,
            "research_to_sale_ratio": 0.18,
            "price_fair": 100.71,
            "eps_avg_yearly": 2.88,
            "eps_latest_yearly": 2.6,
            "eps_growth_yearly": 235.82
        },
        "20192": {
            "year_quarter": 20192,
            "year": 2019,
            "quarter": 2,
            "eps": 0.78,
            "eps_growth_year": -11.36,
            "eps_4q": 2.74,
            "eps_4q_growth_year": -39.27,
            "roe": 2.76,
            "roe_4q": 10.21,
            "gross_profit": 919486,
            "gross_margin": 16.6,
            "gross_margin_4q_avg": 14.97,
            "net_income": 733779,
            "revenue": 5540493,
            "common_shares": 9066203,
            "book_valuer_per_share": 26,
            "book_valuer_per_share_4q_avg": 25.16,
            "equity": 26843239,
            "current_ratio": 453.09,
            "debt_ratio": 13.31,
            "inventory_turnover_ratio": 2.7,
            "account_receivable_turnover_ratio": 1.95,
            "reinvestment_rate": -24.64,
            "research_to_sale_ratio": 0.16,
            "price_fair": 99.14,
            "eps_avg_yearly": 2.83,
            "eps_latest_yearly": 3.12,
            "eps_growth_yearly": 190.82
        },
        "20193": {
            "year_quarter": 20193,
            "year": 2019,
            "quarter": 3,
            "eps": 0.53,
            "eps_growth_year": -49.04,
            "eps_4q": 2.22,
            "eps_4q_growth_year": -47.25,
            "roe": 1.91,
            "roe_4q": 8.06,
            "gross_profit": 627151,
            "gross_margin": 12.47,
            "gross_margin_4q_avg": 13.37,
            "net_income": 512450,
            "revenue": 5028600,
            "common_shares": 9066203,
            "book_valuer_per_share": 26.16,
            "book_valuer_per_share_4q_avg": 25.52,
            "equity": 26932051,
            "current_ratio": 456.86,
            "debt_ratio": 13.52,
            "inventory_turnover_ratio": 2.66,
            "account_receivable_turnover_ratio": 1.83,
            "reinvestment_rate": -18.22,
            "research_to_sale_ratio": 0.16,
            "price_fair": 102.38,
            "eps_avg_yearly": 2.93,
            "eps_latest_yearly": 2.12,
            "eps_growth_yearly": 203.64
        },
        "20194": {
            "year_quarter": 20194,
            "year": 2019,
            "quarter": 4,
            "eps": 0.33,
            "eps_growth_year": 25.88,
            "eps_4q": 2.29,
            "eps_4q_growth_year": -30.07,
            "roe": 1.22,
            "roe_4q": 8.2,
            "gross_profit": 401155,
            "gross_margin": 8.2,
            "gross_margin_4q_avg": 12.77,
            "net_income": 330007,
            "revenue": 4893297,
            "common_shares": 9066203,
            "book_valuer_per_share": 26.36,
            "book_valuer_per_share_4q_avg": 25.96,
            "equity": 27232077,
            "current_ratio": 461.53,
            "debt_ratio": 13.51,
            "inventory_turnover_ratio": 2.67,
            "account_receivable_turnover_ratio": 1.95,
            "reinvestment_rate": -19.97,
            "research_to_sale_ratio": 0.15,
            "price_fair": 103.6,
            "eps_avg_yearly": 2.96,
            "eps_latest_yearly": 1.32,
            "eps_growth_yearly": 189.52
        },
        "20201": {
            "year_quarter": 20201,
            "year": 2020,
            "quarter": 1,
            "eps": 0.02,
            "eps_growth_year": -96.92,
            "eps_4q": 1.66,
            "eps_4q_growth_year": -41.52,
            "roe": 0.16,
            "roe_4q": 6.05,
            "gross_profit": 133410,
            "gross_margin": 3.7,
            "gross_margin_4q_avg": 10.24,
            "net_income": 43561,
            "revenue": 3605967,
            "common_shares": 9066203,
            "book_valuer_per_share": 25.42,
            "book_valuer_per_share_4q_avg": 25.99,
            "equity": 25954539,
            "current_ratio": 614.88,
            "debt_ratio": 11.81,
            "inventory_turnover_ratio": 2.34,
            "account_receivable_turnover_ratio": 1.72,
            "reinvestment_rate": -16.14,
            "research_to_sale_ratio": 0.21,
            "price_fair": 98.18,
            "eps_avg_yearly": 2.81,
            "eps_latest_yearly": 0.08,
            "eps_growth_yearly": 106.82
        },
        "20202": {
            "year_quarter": 20202,
            "year": 2020,
            "quarter": 2,
            "eps": 0.76,
            "eps_growth_year": -2.56,
            "eps_4q": 1.64,
            "eps_4q_growth_year": -40.06,
            "roe": 2.73,
            "roe_4q": 6.0200000000000005,
            "gross_profit": 624443,
            "gross_margin": 17.35,
            "gross_margin_4q_avg": 10.43,
            "net_income": 723471,
            "revenue": 3599923,
            "common_shares": 9066203,
            "book_valuer_per_share": 26.41,
            "book_valuer_per_share_4q_avg": 26.09,
            "equity": 27120946,
            "current_ratio": 576.83,
            "debt_ratio": 11.07,
            "inventory_turnover_ratio": 2.46,
            "account_receivable_turnover_ratio": 1.91,
            "reinvestment_rate": -25.79,
            "research_to_sale_ratio": 0.18,
            "price_fair": 101.68,
            "eps_avg_yearly": 2.91,
            "eps_latest_yearly": 3.04,
            "eps_growth_yearly": 1042.76
        },
        "20203": {
            "year_quarter": 20203,
            "year": 2020,
            "quarter": 3,
            "eps": 1.56,
            "eps_growth_year": 194.34,
            "eps_4q": 2.68,
            "eps_4q_growth_year": 20.76,
            "roe": 5.42,
            "roe_4q": 9.530000000000001,
            "gross_profit": 859215,
            "gross_margin": 20.15,
            "gross_margin_4q_avg": 12.35,
            "net_income": 1505602,
            "revenue": 4263592,
            "common_shares": 9066203,
            "book_valuer_per_share": 27.83,
            "book_valuer_per_share_4q_avg": 26.51,
            "equity": 28428018,
            "current_ratio": 461.46,
            "debt_ratio": 12.91,
            "inventory_turnover_ratio": 3.18,
            "account_receivable_turnover_ratio": 2.02,
            "reinvestment_rate": -18.2,
            "research_to_sale_ratio": 0.18,
            "price_fair": 109.81,
            "eps_avg_yearly": 3.14,
            "eps_latest_yearly": 6.24,
            "eps_growth_yearly": 1050.32
        },
        "20204": {
            "year_quarter": 20204,
            "year": 2020,
            "quarter": 4,
            "eps": 2.19,
            "eps_growth_year": 570.3,
            "eps_4q": 4.54,
            "eps_4q_growth_year": 98.48,
            "roe": 6.88,
            "roe_4q": 15.190000000000001,
            "gross_profit": 1489928,
            "gross_margin": 29.18,
            "gross_margin_4q_avg": 17.6,
            "net_income": 2047921,
            "revenue": 5106302,
            "common_shares": 9066203,
            "book_valuer_per_share": 30.48,
            "book_valuer_per_share_4q_avg": 27.54,
            "equity": 31120337,
            "current_ratio": 448.12,
            "debt_ratio": 14.32,
            "inventory_turnover_ratio": 3.25,
            "account_receivable_turnover_ratio": 2.13,
            "reinvestment_rate": -5.44,
            "research_to_sale_ratio": 0.16,
            "price_fair": 119.96,
            "eps_avg_yearly": 3.43,
            "eps_latest_yearly": 8.76,
            "eps_growth_yearly": 1044.55
        },
        "20211": {
            "year_quarter": 20211,
            "year": 2021,
            "quarter": 1,
            "eps": 2.13,
            "eps_growth_year": 10550,
            "eps_4q": 6.66,
            "eps_4q_growth_year": 300.33,
            "roe": 6.12,
            "roe_4q": 21.150000000000002,
            "gross_profit": 1442517,
            "gross_margin": 27.56,
            "gross_margin_4q_avg": 23.56,
            "net_income": 1981866,
            "revenue": 5234020,
            "common_shares": 9066203,
            "book_valuer_per_share": 32.93,
            "book_valuer_per_share_4q_avg": 29.41,
            "equity": 33604243,
            "current_ratio": 446.21,
            "debt_ratio": 13.49,
            "inventory_turnover_ratio": 2.66,
            "account_receivable_turnover_ratio": 2.01,
            "reinvestment_rate": 5.31,
            "research_to_sale_ratio": 0.17,
            "price_fair": 131.08,
            "eps_avg_yearly": 3.75,
            "eps_latest_yearly": 8.52,
            "eps_growth_yearly": 1047.99
        },
        "20212": {
            "year_quarter": 20212,
            "year": 2021,
            "quarter": 2,
            "eps": 1.82,
            "eps_growth_year": 139.47,
            "eps_4q": 7.72,
            "eps_4q_growth_year": 370.01,
            "roe": 4.91,
            "roe_4q": 23.33,
            "gross_profit": 1342549,
            "gross_margin": 22.63,
            "gross_margin_4q_avg": 24.88,
            "net_income": 1689056,
            "revenue": 5933076,
            "common_shares": 9066203,
            "book_valuer_per_share": 34.66,
            "book_valuer_per_share_4q_avg": 31.48,
            "equity": 35253540,
            "current_ratio": 418.49,
            "debt_ratio": 13.49,
            "inventory_turnover_ratio": 2.8,
            "account_receivable_turnover_ratio": 2.23,
            "reinvestment_rate": 13.8,
            "research_to_sale_ratio": 0.15,
            "price_fair": 145.08,
            "eps_avg_yearly": 4.15,
            "eps_latest_yearly": 7.28,
            "eps_growth_yearly": 1062.95
        },
        "20213": {
            "year_quarter": 20213,
            "year": 2021,
            "quarter": 3,
            "eps": 1.6,
            "eps_growth_year": 2.56,
            "eps_4q": 7.76,
            "eps_4q_growth_year": 189.27,
            "roe": 4.24,
            "roe_4q": 22.15,
            "gross_profit": 1061491,
            "gross_margin": 18.79,
            "gross_margin_4q_avg": 24.54,
            "net_income": 1537605,
            "revenue": 5649938,
            "common_shares": 9066203,
            "book_valuer_per_share": 36.53,
            "book_valuer_per_share_4q_avg": 33.65,
            "equity": 37215250,
            "current_ratio": 377.43,
            "debt_ratio": 15,
            "inventory_turnover_ratio": 2.64,
            "account_receivable_turnover_ratio": 2.15,
            "reinvestment_rate": 22.08,
            "research_to_sale_ratio": 0.15,
            "price_fair": 147.26,
            "eps_avg_yearly": 4.21,
            "eps_latest_yearly": 6.4,
            "eps_growth_yearly": 931.52
        },
        "20214": {
            "year_quarter": 20214,
            "year": 2021,
            "quarter": 4,
            "eps": 0.92,
            "eps_growth_year": -57.7,
            "eps_4q": 6.5,
            "eps_4q_growth_year": 43.1,
            "roe": 2.27,
            "roe_4q": 17.54,
            "gross_profit": 796119,
            "gross_margin": 13.89,
            "gross_margin_4q_avg": 20.72,
            "net_income": 868061,
            "revenue": 5730319,
            "common_shares": 9066203,
            "book_valuer_per_share": 38.35,
            "book_valuer_per_share_4q_avg": 35.62,
            "equity": 39230540,
            "current_ratio": 342.53,
            "debt_ratio": 19.79,
            "inventory_turnover_ratio": 2.38,
            "account_receivable_turnover_ratio": 2.28,
            "reinvestment_rate": 19.35,
            "research_to_sale_ratio": 0.22,
            "price_fair": 144.81,
            "eps_avg_yearly": 4.14,
            "eps_latest_yearly": 3.68,
            "eps_growth_yearly": 923.68
        },
        "20221": {
            "year_quarter": 20221,
            "year": 2022,
            "quarter": 1,
            "eps": 0.65,
            "eps_growth_year": -69.48,
            "eps_4q": 5.01,
            "eps_4q_growth_year": -24.74,
            "roe": 1.59,
            "roe_4q": 13.010000000000002,
            "gross_profit": 587806,
            "gross_margin": 12.96,
            "gross_margin_4q_avg": 17.07,
            "net_income": 623661,
            "revenue": 4537106,
            "common_shares": 9066203,
            "book_valuer_per_share": 38.02,
            "book_valuer_per_share_4q_avg": 36.89,
            "equity": 39051163,
            "current_ratio": 311.61,
            "debt_ratio": 29.44,
            "inventory_turnover_ratio": 1.78,
            "account_receivable_turnover_ratio": 1.95,
            "reinvestment_rate": 64.49,
            "research_to_sale_ratio": 0.17,
            "price_fair": 141.05,
            "eps_avg_yearly": 4.03,
            "eps_latest_yearly": 2.6,
            "eps_growth_yearly": 918.84
        },
        "20222": {
            "year_quarter": 20222,
            "year": 2022,
            "quarter": 2,
            "eps": -0.19,
            "eps_growth_year": -110.44,
            "eps_4q": 2.99,
            "eps_4q_growth_year": -61.23,
            "roe": -0.53,
            "roe_4q": 7.57,
            "gross_profit": 377147,
            "gross_margin": 6.86,
            "gross_margin_4q_avg": 13.13,
            "net_income": -201331,
            "revenue": 5500568,
            "common_shares": 9066203,
            "book_valuer_per_share": 36.83,
            "book_valuer_per_share_4q_avg": 37.43,
            "equity": 37494907,
            "current_ratio": 283.42,
            "debt_ratio": 35.77,
            "inventory_turnover_ratio": 2.13,
            "account_receivable_turnover_ratio": 2.25,
            "reinvestment_rate": 53.25,
            "research_to_sale_ratio": 0.21,
            "price_fair": 142.24,
            "eps_avg_yearly": 4.06,
            "eps_latest_yearly": 2.6,
            "eps_growth_yearly": 985.03
        },
        "20223": {
            "year_quarter": 20223,
            "year": 2022,
            "quarter": 3,
            "eps": -0.69,
            "eps_growth_year": -143.12,
            "eps_4q": 0.7,
            "eps_4q_growth_year": -91.04,
            "roe": -1.45,
            "roe_4q": 1.8800000000000001,
            "gross_profit": -166186,
            "gross_margin": -3.96,
            "gross_margin_4q_avg": 7.44,
            "net_income": -539763,
            "revenue": 4198240,
            "common_shares": 9066203,
            "book_valuer_per_share": 36.2,
            "book_valuer_per_share_4q_avg": 37.35,
            "equity": 36855853,
            "current_ratio": 359.81,
            "debt_ratio": 39.38,
            "inventory_turnover_ratio": 1.82,
            "account_receivable_turnover_ratio": 1.76,
            "reinvestment_rate": 111.94,
            "research_to_sale_ratio": 0.18,
            "price_fair": 142,
            "eps_avg_yearly": 4.06,
            "eps_latest_yearly": 2.6,
            "eps_growth_yearly": 1050.2
        },
        "20224": {
            "year_quarter": 20224,
            "year": 2022,
            "quarter": 4,
            "eps": -0.32,
            "eps_growth_year": -134.27,
            "eps_4q": -0.55,
            "eps_4q_growth_year": -108.4,
            "roe": -0.92,
            "roe_4q": -1.3100000000000003,
            "gross_profit": 72500,
            "gross_margin": 1.84,
            "gross_margin_4q_avg": 4.43,
            "net_income": -336955,
            "revenue": 3940712,
            "common_shares": 9066203,
            "book_valuer_per_share": 35.41,
            "book_valuer_per_share_4q_avg": 36.62,
            "equity": 36107841,
            "current_ratio": 367.65,
            "debt_ratio": 41.17,
            "inventory_turnover_ratio": 2.07,
            "account_receivable_turnover_ratio": 1.98,
            "reinvestment_rate": 129.22,
            "research_to_sale_ratio": 0.19,
            "price_fair": 150.12,
            "eps_avg_yearly": 4.29,
            "eps_latest_yearly": 2.6,
            "eps_growth_yearly": 1154.06
        },
        "20231": {
            "year_quarter": 20231,
            "year": 2023,
            "quarter": 1,
            "eps": -0.16,
            "eps_growth_year": -124.62,
            "eps_4q": -1.35,
            "eps_4q_growth_year": -126.91,
            "roe": -0.35,
            "roe_4q": -3.25,
            "gross_profit": 185479,
            "gross_margin": 4.4,
            "gross_margin_4q_avg": 2.29,
            "net_income": -126638,
            "revenue": 4217980,
            "common_shares": 9066203,
            "book_valuer_per_share": 35.25,
            "book_valuer_per_share_4q_avg": 35.92,
            "equity": 35942946,
            "current_ratio": 273.45,
            "debt_ratio": 41.16,
            "inventory_turnover_ratio": 2.49,
            "account_receivable_turnover_ratio": 2.1,
            "reinvestment_rate": 149.84,
            "research_to_sale_ratio": 0.21,
            "price_fair": 155.05,
            "eps_avg_yearly": 4.43,
            "eps_latest_yearly": 2.6,
            "eps_growth_yearly": 1200.23
        }
    },
    "months": {
        "2001-06": {
            "month": "2001-06",
            "price": "7.24",
            "revenue": 615406
        },
        "2001-07": {
            "month": "2001-07",
            "price": "4.61",
            "revenue": 553628
        },
        "2001-08": {
            "month": "2001-08",
            "price": "4.86",
            "revenue": 583823
        },
        "2001-09": {
            "month": "2001-09",
            "price": "4.59",
            "revenue": 611460
        },
        "2001-10": {
            "month": "2001-10",
            "price": "4.19",
            "revenue": 540935
        },
        "2001-11": {
            "month": "2001-11",
            "price": "4.26",
            "revenue": 532226
        },
        "2001-12": {
            "month": "2001-12",
            "price": "5.61",
            "revenue": 488689
        },
        "2002-01": {
            "month": "2002-01",
            "price": "8.07",
            "revenue": 597072
        },
        "2002-02": {
            "month": "2002-02",
            "price": "8.70",
            "revenue": 525926
        },
        "2002-03": {
            "month": "2002-03",
            "price": "13.77",
            "revenue": 848510
        },
        "2002-04": {
            "month": "2002-04",
            "price": "16.08",
            "revenue": 753482
        },
        "2002-05": {
            "month": "2002-05",
            "price": "11.00",
            "revenue": 776768
        },
        "2002-06": {
            "month": "2002-06",
            "price": "9.00",
            "revenue": 434981
        },
        "2002-07": {
            "month": "2002-07",
            "price": "10.46",
            "revenue": 749251
        },
        "2002-08": {
            "month": "2002-08",
            "price": "12.04",
            "revenue": 838557
        },
        "2002-09": {
            "month": "2002-09",
            "price": "10.26",
            "revenue": 905729
        },
        "2002-10": {
            "month": "2002-10",
            "price": "8.74",
            "revenue": 855898
        },
        "2002-11": {
            "month": "2002-11",
            "price": "12.00",
            "revenue": 846899
        },
        "2002-12": {
            "month": "2002-12",
            "price": "14.21",
            "revenue": 886840
        },
        "2003-01": {
            "month": "2003-01",
            "price": "17.23",
            "revenue": 959790
        },
        "2003-02": {
            "month": "2003-02",
            "price": "14.44",
            "revenue": 802802
        },
        "2003-03": {
            "month": "2003-03",
            "price": "11.22",
            "revenue": 846942
        },
        "2003-04": {
            "month": "2003-04",
            "price": "10.88",
            "revenue": 553663
        },
        "2003-05": {
            "month": "2003-05",
            "price": "10.04",
            "revenue": 577559
        },
        "2003-06": {
            "month": "2003-06",
            "price": "11.84",
            "revenue": 663191
        },
        "2003-07": {
            "month": "2003-07",
            "price": "13.33",
            "revenue": 830376
        },
        "2003-08": {
            "month": "2003-08",
            "price": "14.50",
            "revenue": 802537
        },
        "2003-09": {
            "month": "2003-09",
            "price": "12.32",
            "revenue": 916830
        },
        "2003-10": {
            "month": "2003-10",
            "price": "13.02",
            "revenue": 877884
        },
        "2003-11": {
            "month": "2003-11",
            "price": "13.29",
            "revenue": 880215
        },
        "2003-12": {
            "month": "2003-12",
            "price": "13.67",
            "revenue": 928420
        },
        "2004-01": {
            "month": "2004-01",
            "price": "15.28",
            "revenue": 955811
        },
        "2004-02": {
            "month": "2004-02",
            "price": "14.02",
            "revenue": 899727
        },
        "2004-03": {
            "month": "2004-03",
            "price": "12.90",
            "revenue": 936904
        },
        "2004-04": {
            "month": "2004-04",
            "price": "13.74",
            "revenue": 943286
        },
        "2004-05": {
            "month": "2004-05",
            "price": "12.75",
            "revenue": 947485
        },
        "2004-06": {
            "month": "2004-06",
            "price": "11.98",
            "revenue": 859615
        },
        "2004-07": {
            "month": "2004-07",
            "price": "12.41",
            "revenue": 1155137
        },
        "2004-08": {
            "month": "2004-08",
            "price": "12.10",
            "revenue": 1513403
        },
        "2004-09": {
            "month": "2004-09",
            "price": "13.79",
            "revenue": 1545971
        },
        "2004-10": {
            "month": "2004-10",
            "price": "14.28",
            "revenue": 1657008
        },
        "2004-11": {
            "month": "2004-11",
            "price": "13.31",
            "revenue": 1215970
        },
        "2004-12": {
            "month": "2004-12",
            "price": "13.33",
            "revenue": 1159500
        },
        "2005-01": {
            "month": "2005-01",
            "price": "13.15",
            "revenue": 1108005
        },
        "2005-02": {
            "month": "2005-02",
            "price": "12.87",
            "revenue": 1026112
        },
        "2005-03": {
            "month": "2005-03",
            "price": "13.01",
            "revenue": 1366258
        },
        "2005-04": {
            "month": "2005-04",
            "price": "10.91",
            "revenue": 1082931
        },
        "2005-05": {
            "month": "2005-05",
            "price": "9.45",
            "revenue": 870891
        },
        "2005-06": {
            "month": "2005-06",
            "price": "10.26",
            "revenue": 1103272
        },
        "2005-07": {
            "month": "2005-07",
            "price": "9.80",
            "revenue": 1107560
        },
        "2005-08": {
            "month": "2005-08",
            "price": "8.81",
            "revenue": 1134954
        },
        "2005-09": {
            "month": "2005-09",
            "price": "7.66",
            "revenue": 1173813
        },
        "2005-10": {
            "month": "2005-10",
            "price": "7.53",
            "revenue": 1038477
        },
        "2005-11": {
            "month": "2005-11",
            "price": "7.54",
            "revenue": 1072372
        },
        "2005-12": {
            "month": "2005-12",
            "price": "7.51",
            "revenue": 1099132
        },
        "2006-01": {
            "month": "2006-01",
            "price": "8.48",
            "revenue": 1154758
        },
        "2006-02": {
            "month": "2006-02",
            "price": "8.23",
            "revenue": 904701
        },
        "2006-03": {
            "month": "2006-03",
            "price": "7.34",
            "revenue": 991790
        },
        "2006-04": {
            "month": "2006-04",
            "price": "7.88",
            "revenue": 1089348
        },
        "2006-05": {
            "month": "2006-05",
            "price": "8.53",
            "revenue": 1140635
        },
        "2006-06": {
            "month": "2006-06",
            "price": "7.43",
            "revenue": 964735
        },
        "2006-07": {
            "month": "2006-07",
            "price": "7.48",
            "revenue": 1058040
        },
        "2006-08": {
            "month": "2006-08",
            "price": "7.94",
            "revenue": 1338183
        },
        "2006-09": {
            "month": "2006-09",
            "price": "8.42",
            "revenue": 1313054
        },
        "2006-10": {
            "month": "2006-10",
            "price": "9.65",
            "revenue": 1348643
        },
        "2006-11": {
            "month": "2006-11",
            "price": "11.00",
            "revenue": 1393899
        },
        "2006-12": {
            "month": "2006-12",
            "price": "12.05",
            "revenue": 1366527
        },
        "2007-01": {
            "month": "2007-01",
            "price": "12.33",
            "revenue": 1488838
        },
        "2007-02": {
            "month": "2007-02",
            "price": "11.09",
            "revenue": 1230268
        },
        "2007-03": {
            "month": "2007-03",
            "price": "10.80",
            "revenue": 1536294
        },
        "2007-04": {
            "month": "2007-04",
            "price": "11.74",
            "revenue": 1460825
        },
        "2007-05": {
            "month": "2007-05",
            "price": "11.21",
            "revenue": 1543006
        },
        "2007-06": {
            "month": "2007-06",
            "price": "11.56",
            "revenue": 1464236
        },
        "2007-07": {
            "month": "2007-07",
            "price": "13.50",
            "revenue": 1596454
        },
        "2007-08": {
            "month": "2007-08",
            "price": "12.30",
            "revenue": 1504025
        },
        "2007-09": {
            "month": "2007-09",
            "price": "13.32",
            "revenue": 1403765
        },
        "2007-10": {
            "month": "2007-10",
            "price": "14.56",
            "revenue": 1479570
        },
        "2007-11": {
            "month": "2007-11",
            "price": "12.60",
            "revenue": 1387608
        },
        "2007-12": {
            "month": "2007-12",
            "price": "11.37",
            "revenue": 1421855
        },
        "2008-01": {
            "month": "2008-01",
            "price": "10.81",
            "revenue": 1398329
        },
        "2008-02": {
            "month": "2008-02",
            "price": "10.61",
            "revenue": 1437658
        },
        "2008-03": {
            "month": "2008-03",
            "price": "12.10",
            "revenue": 1483949
        },
        "2008-04": {
            "month": "2008-04",
            "price": "12.46",
            "revenue": 1293975
        },
        "2008-05": {
            "month": "2008-05",
            "price": "12.53",
            "revenue": 1596043
        },
        "2008-06": {
            "month": "2008-06",
            "price": "10.96",
            "revenue": 1407629
        },
        "2008-07": {
            "month": "2008-07",
            "price": "9.46",
            "revenue": 1426660
        },
        "2008-08": {
            "month": "2008-08",
            "price": "8.33",
            "revenue": 1126836
        },
        "2008-09": {
            "month": "2008-09",
            "price": "5.74",
            "revenue": 1097736
        },
        "2008-10": {
            "month": "2008-10",
            "price": "4.84",
            "revenue": 698022
        },
        "2008-11": {
            "month": "2008-11",
            "price": "4.10",
            "revenue": 376736
        },
        "2008-12": {
            "month": "2008-12",
            "price": "4.35",
            "revenue": 372015
        },
        "2009-01": {
            "month": "2009-01",
            "price": "4.58",
            "revenue": 403978
        },
        "2009-02": {
            "month": "2009-02",
            "price": "4.74",
            "revenue": 741836
        },
        "2009-03": {
            "month": "2009-03",
            "price": "6.14",
            "revenue": 840056
        },
        "2009-04": {
            "month": "2009-04",
            "price": "8.36",
            "revenue": 1075348
        },
        "2009-05": {
            "month": "2009-05",
            "price": "10.88",
            "revenue": 1032005
        },
        "2009-06": {
            "month": "2009-06",
            "price": "11.04",
            "revenue": 1298282
        },
        "2009-07": {
            "month": "2009-07",
            "price": "11.38",
            "revenue": 1279938
        },
        "2009-08": {
            "month": "2009-08",
            "price": "12.33",
            "revenue": 1222589
        },
        "2009-09": {
            "month": "2009-09",
            "price": "13.35",
            "revenue": 1183704
        },
        "2009-10": {
            "month": "2009-10",
            "price": "14.60",
            "revenue": 1173355
        },
        "2009-11": {
            "month": "2009-11",
            "price": "16.42",
            "revenue": 1205449
        },
        "2009-12": {
            "month": "2009-12",
            "price": "16.18",
            "revenue": 1274828
        },
        "2010-01": {
            "month": "2010-01",
            "price": "17.66",
            "revenue": 1346492
        },
        "2010-02": {
            "month": "2010-02",
            "price": "15.64",
            "revenue": 1244904
        },
        "2010-03": {
            "month": "2010-03",
            "price": "16.55",
            "revenue": 1527358
        },
        "2010-04": {
            "month": "2010-04",
            "price": "15.49",
            "revenue": 1390787
        },
        "2010-05": {
            "month": "2010-05",
            "price": "12.92",
            "revenue": 1415792
        },
        "2010-06": {
            "month": "2010-06",
            "price": "12.31",
            "revenue": 1286030
        },
        "2010-07": {
            "month": "2010-07",
            "price": "13.13",
            "revenue": 1411699
        },
        "2010-08": {
            "month": "2010-08",
            "price": "14.67",
            "revenue": 1380548
        },
        "2010-09": {
            "month": "2010-09",
            "price": "15.07",
            "revenue": 1348775
        },
        "2010-10": {
            "month": "2010-10",
            "price": "16.32",
            "revenue": 1498098
        },
        "2010-11": {
            "month": "2010-11",
            "price": "17.65",
            "revenue": 1481920
        },
        "2010-12": {
            "month": "2010-12",
            "price": "19.07",
            "revenue": 1210705
        },
        "2011-01": {
            "month": "2011-01",
            "price": "21.86",
            "revenue": 1616402
        },
        "2011-02": {
            "month": "2011-02",
            "price": "21.21",
            "revenue": 1549879
        },
        "2011-03": {
            "month": "2011-03",
            "price": "17.80",
            "revenue": 1783491
        },
        "2011-04": {
            "month": "2011-04",
            "price": "18.37",
            "revenue": 1707117
        },
        "2011-05": {
            "month": "2011-05",
            "price": "18.23",
            "revenue": 1485163
        },
        "2011-06": {
            "month": "2011-06",
            "price": "18.15",
            "revenue": 1579343
        },
        "2011-07": {
            "month": "2011-07",
            "price": "19.34",
            "revenue": 1761985
        },
        "2011-08": {
            "month": "2011-08",
            "price": "18.27",
            "revenue": 1766291
        },
        "2011-09": {
            "month": "2011-09",
            "price": "14.95",
            "revenue": 1584046
        },
        "2011-10": {
            "month": "2011-10",
            "price": "12.95",
            "revenue": 1522605
        },
        "2011-11": {
            "month": "2011-11",
            "price": "14.11",
            "revenue": 1491697
        },
        "2011-12": {
            "month": "2011-12",
            "price": "12.86",
            "revenue": 1582460
        },
        "2012-01": {
            "month": "2012-01",
            "price": "14.00",
            "revenue": 1473686
        },
        "2012-02": {
            "month": "2012-02",
            "price": "15.37",
            "revenue": 1592227
        },
        "2012-03": {
            "month": "2012-03",
            "price": "14.45",
            "revenue": 1300235
        },
        "2012-04": {
            "month": "2012-04",
            "price": "13.30",
            "revenue": 1478608
        },
        "2012-05": {
            "month": "2012-05",
            "price": "12.56",
            "revenue": 1418611
        },
        "2012-06": {
            "month": "2012-06",
            "price": "12.03",
            "revenue": 1395819
        },
        "2012-07": {
            "month": "2012-07",
            "price": "13.15",
            "revenue": 1581323
        },
        "2012-08": {
            "month": "2012-08",
            "price": "13.93",
            "revenue": 1657198
        },
        "2012-09": {
            "month": "2012-09",
            "price": "15.34",
            "revenue": 1603109
        },
        "2012-10": {
            "month": "2012-10",
            "price": "14.99",
            "revenue": 1608084
        },
        "2012-11": {
            "month": "2012-11",
            "price": "14.76",
            "revenue": 1213142
        },
        "2012-12": {
            "month": "2012-12",
            "price": "15.20",
            "revenue": 1243261
        },
        "2013-01": {
            "month": "2013-01",
            "price": "15.57",
            "revenue": 1737216
        },
        "2013-02": {
            "month": "2013-02",
            "price": "15.41",
            "revenue": 1862987
        },
        "2013-03": {
            "month": "2013-03",
            "price": "15.25",
            "revenue": 2380191
        },
        "2013-04": {
            "month": "2013-04",
            "price": "15.02",
            "revenue": 2275230
        },
        "2013-05": {
            "month": "2013-05",
            "price": "16.02",
            "revenue": 2590103
        },
        "2013-06": {
            "month": "2013-06",
            "price": "17.81",
            "revenue": 2225564
        },
        "2013-07": {
            "month": "2013-07",
            "price": "19.09",
            "revenue": 2365747
        },
        "2013-08": {
            "month": "2013-08",
            "price": "19.25",
            "revenue": 1971327
        },
        "2013-09": {
            "month": "2013-09",
            "price": "20.19",
            "revenue": 2229507
        },
        "2013-10": {
            "month": "2013-10",
            "price": "23.19",
            "revenue": 2245847
        },
        "2013-11": {
            "month": "2013-11",
            "price": "22.45",
            "revenue": 2182966
        },
        "2013-12": {
            "month": "2013-12",
            "price": "23.25",
            "revenue": 2219699
        },
        "2014-01": {
            "month": "2014-01",
            "price": "22.75",
            "revenue": 2303883
        },
        "2014-02": {
            "month": "2014-02",
            "price": "20.48",
            "revenue": 1910787
        },
        "2014-03": {
            "month": "2014-03",
            "price": "18.29",
            "revenue": 1986992
        },
        "2014-04": {
            "month": "2014-04",
            "price": "19.62",
            "revenue": 1953724
        },
        "2014-05": {
            "month": "2014-05",
            "price": "19.39",
            "revenue": 1949992
        },
        "2014-06": {
            "month": "2014-06",
            "price": "18.91",
            "revenue": 2216460
        },
        "2014-07": {
            "month": "2014-07",
            "price": "18.03",
            "revenue": 2190379
        },
        "2014-08": {
            "month": "2014-08",
            "price": "15.24",
            "revenue": 2185670
        },
        "2014-09": {
            "month": "2014-09",
            "price": "14.68",
            "revenue": 2041654
        },
        "2014-10": {
            "month": "2014-10",
            "price": "13.50",
            "revenue": 2074559
        },
        "2014-11": {
            "month": "2014-11",
            "price": "14.51",
            "revenue": 1948182
        },
        "2014-12": {
            "month": "2014-12",
            "price": "16.12",
            "revenue": 1576922
        },
        "2015-01": {
            "month": "2015-01",
            "price": "17.20",
            "revenue": 1470353
        },
        "2015-02": {
            "month": "2015-02",
            "price": "17.35",
            "revenue": 1615248
        },
        "2015-03": {
            "month": "2015-03",
            "price": "17.84",
            "revenue": 1925580
        },
        "2015-04": {
            "month": "2015-04",
            "price": "19.43",
            "revenue": 2057338
        },
        "2015-05": {
            "month": "2015-05",
            "price": "19.74",
            "revenue": 1984422
        },
        "2015-06": {
            "month": "2015-06",
            "price": "20.15",
            "revenue": 1972823
        },
        "2015-07": {
            "month": "2015-07",
            "price": "17.60",
            "revenue": 1839707
        },
        "2015-08": {
            "month": "2015-08",
            "price": "15.96",
            "revenue": 1561564
        },
        "2015-09": {
            "month": "2015-09",
            "price": "16.42",
            "revenue": 1327978
        },
        "2015-10": {
            "month": "2015-10",
            "price": "16.06",
            "revenue": 1218082
        },
        "2015-11": {
            "month": "2015-11",
            "price": "14.90",
            "revenue": 1598969
        },
        "2015-12": {
            "month": "2015-12",
            "price": "14.49",
            "revenue": 1473028
        },
        "2016-01": {
            "month": "2016-01",
            "price": "14.69",
            "revenue": 1411633
        },
        "2016-02": {
            "month": "2016-02",
            "price": "16.31",
            "revenue": 1360733
        },
        "2016-03": {
            "month": "2016-03",
            "price": "17.35",
            "revenue": 1796339
        },
        "2016-04": {
            "month": "2016-04",
            "price": "17.43",
            "revenue": 1351742
        },
        "2016-05": {
            "month": "2016-05",
            "price": "15.66",
            "revenue": 1420232
        },
        "2016-06": {
            "month": "2016-06",
            "price": "15.18",
            "revenue": 1768889
        },
        "2016-07": {
            "month": "2016-07",
            "price": "15.96",
            "revenue": 1647114
        },
        "2016-08": {
            "month": "2016-08",
            "price": "16.17",
            "revenue": 1791530
        },
        "2016-09": {
            "month": "2016-09",
            "price": "15.99",
            "revenue": 1568418
        },
        "2016-10": {
            "month": "2016-10",
            "price": "16.90",
            "revenue": 1798221
        },
        "2016-11": {
            "month": "2016-11",
            "price": "19.28",
            "revenue": 1886182
        },
        "2016-12": {
            "month": "2016-12",
            "price": "21.49",
            "revenue": 2126740
        },
        "2017-01": {
            "month": "2017-01",
            "price": "20.57",
            "revenue": 2003644
        },
        "2017-02": {
            "month": "2017-02",
            "price": "22.98",
            "revenue": 1630348
        },
        "2017-03": {
            "month": "2017-03",
            "price": "21.29",
            "revenue": 1760316
        },
        "2017-04": {
            "month": "2017-04",
            "price": "20.51",
            "revenue": 1760962
        },
        "2017-05": {
            "month": "2017-05",
            "price": "19.90",
            "revenue": 1853088
        },
        "2017-06": {
            "month": "2017-06",
            "price": "20.72",
            "revenue": 1956070
        },
        "2017-07": {
            "month": "2017-07",
            "price": "21.47",
            "revenue": 1903108
        },
        "2017-08": {
            "month": "2017-08",
            "price": "23.79",
            "revenue": 2142768
        },
        "2017-09": {
            "month": "2017-09",
            "price": "25.23",
            "revenue": 2064839
        },
        "2017-10": {
            "month": "2017-10",
            "price": "22.85",
            "revenue": 2025626
        },
        "2017-11": {
            "month": "2017-11",
            "price": "25.99",
            "revenue": 2117330
        },
        "2017-12": {
            "month": "2017-12",
            "price": "28.59",
            "revenue": 2139805
        },
        "2018-01": {
            "month": "2018-01",
            "price": "30.07",
            "revenue": 2350511
        },
        "2018-02": {
            "month": "2018-02",
            "price": "27.76",
            "revenue": 1867306
        },
        "2018-03": {
            "month": "2018-03",
            "price": "29.28",
            "revenue": 2196810
        },
        "2018-04": {
            "month": "2018-04",
            "price": "31.96",
            "revenue": 1834146
        },
        "2018-05": {
            "month": "2018-05",
            "price": "32.35",
            "revenue": 1813414
        },
        "2018-06": {
            "month": "2018-06",
            "price": "29.99",
            "revenue": 2225621
        },
        "2018-07": {
            "month": "2018-07",
            "price": "28.42",
            "revenue": 2354001
        },
        "2018-08": {
            "month": "2018-08",
            "price": "30.04",
            "revenue": 2311477
        },
        "2018-09": {
            "month": "2018-09",
            "price": "28.77",
            "revenue": 2075519
        },
        "2018-10": {
            "month": "2018-10",
            "price": "24.61",
            "revenue": 2167307
        },
        "2018-11": {
            "month": "2018-11",
            "price": "22.24",
            "revenue": 1600655
        },
        "2018-12": {
            "month": "2018-12",
            "price": "22.76",
            "revenue": 1952956
        },
        "2019-01": {
            "month": "2019-01",
            "price": "23.26",
            "revenue": 1904635
        },
        "2019-02": {
            "month": "2019-02",
            "price": "24.42",
            "revenue": 1454364
        },
        "2019-03": {
            "month": "2019-03",
            "price": "23.88",
            "revenue": 1647124
        },
        "2019-04": {
            "month": "2019-04",
            "price": "23.70",
            "revenue": 1880808
        },
        "2019-05": {
            "month": "2019-05",
            "price": "21.42",
            "revenue": 1903657
        },
        "2019-06": {
            "month": "2019-06",
            "price": "20.17",
            "revenue": 1756687
        },
        "2019-07": {
            "month": "2019-07",
            "price": "20.89",
            "revenue": 1842861
        },
        "2019-08": {
            "month": "2019-08",
            "price": "18.50",
            "revenue": 1621653
        },
        "2019-09": {
            "month": "2019-09",
            "price": "18.85",
            "revenue": 1572110
        },
        "2019-10": {
            "month": "2019-10",
            "price": "18.37",
            "revenue": 1595381
        },
        "2019-11": {
            "month": "2019-11",
            "price": "18.32",
            "revenue": 1665015
        },
        "2019-12": {
            "month": "2019-12",
            "price": "18.37",
            "revenue": 1645058
        },
        "2020-01": {
            "month": "2020-01",
            "price": "18.38",
            "revenue": 1471941
        },
        "2020-02": {
            "month": "2020-02",
            "price": "16.88",
            "revenue": 1028691
        },
        "2020-03": {
            "month": "2020-03",
            "price": "13.56",
            "revenue": 1107724
        },
        "2020-04": {
            "month": "2020-04",
            "price": "14.14",
            "revenue": 1100991
        },
        "2020-05": {
            "month": "2020-05",
            "price": "14.48",
            "revenue": 1169189
        },
        "2020-06": {
            "month": "2020-06",
            "price": "14.86",
            "revenue": 1332033
        },
        "2020-07": {
            "month": "2020-07",
            "price": "14.56",
            "revenue": 1328986
        },
        "2020-08": {
            "month": "2020-08",
            "price": "16.92",
            "revenue": 1443785
        },
        "2020-09": {
            "month": "2020-09",
            "price": "19.43",
            "revenue": 1487844
        },
        "2020-10": {
            "month": "2020-10",
            "price": "20.39",
            "revenue": 1567152
        },
        "2020-11": {
            "month": "2020-11",
            "price": "23.33",
            "revenue": 1685135
        },
        "2020-12": {
            "month": "2020-12",
            "price": "22.47",
            "revenue": 1848773
        },
        "2021-01": {
            "month": "2021-01",
            "price": "22.59",
            "revenue": 1739674
        },
        "2021-02": {
            "month": "2021-02",
            "price": "23.05",
            "revenue": 1660203
        },
        "2021-03": {
            "month": "2021-03",
            "price": "25.26",
            "revenue": 1835254
        },
        "2021-04": {
            "month": "2021-04",
            "price": "30.19",
            "revenue": 1949387
        },
        "2021-05": {
            "month": "2021-05",
            "price": "27.04",
            "revenue": 2029279
        },
        "2021-06": {
            "month": "2021-06",
            "price": "29.15",
            "revenue": 1955006
        },
        "2021-07": {
            "month": "2021-07",
            "price": "30.81",
            "revenue": 1903047
        },
        "2021-08": {
            "month": "2021-08",
            "price": "29.82",
            "revenue": 1877342
        },
        "2021-09": {
            "month": "2021-09",
            "price": "29.28",
            "revenue": 1871954
        },
        "2021-10": {
            "month": "2021-10",
            "price": "27.27",
            "revenue": 2005736
        },
        "2021-11": {
            "month": "2021-11",
            "price": "28.29",
            "revenue": 1966650
        },
        "2021-12": {
            "month": "2021-12",
            "price": "28.38",
            "revenue": 1760112
        },
        "2022-01": {
            "month": "2022-01",
            "price": "27.74",
            "revenue": 1637284
        },
        "2022-02": {
            "month": "2022-02",
            "price": "28.39",
            "revenue": 1188212
        },
        "2022-03": {
            "month": "2022-03",
            "price": "27.20",
            "revenue": 1711214
        },
        "2022-04": {
            "month": "2022-04",
            "price": "26.24",
            "revenue": 1809407
        },
        "2022-05": {
            "month": "2022-05",
            "price": "24.45",
            "revenue": 1854261
        },
        "2022-06": {
            "month": "2022-06",
            "price": "23.70",
            "revenue": 1839479
        },
        "2022-07": {
            "month": "2022-07",
            "price": "20.28",
            "revenue": 1382426
        },
        "2022-08": {
            "month": "2022-08",
            "price": "19.18",
            "revenue": 1405126
        },
        "2022-09": {
            "month": "2022-09",
            "price": "18.25",
            "revenue": 1407268
        },
        "2022-10": {
            "month": "2022-10",
            "price": "17.39",
            "revenue": 1387943
        },
        "2022-11": {
            "month": "2022-11",
            "price": "18.05",
            "revenue": 1295194
        },
        "2022-12": {
            "month": "2022-12",
            "price": "18.98",
            "revenue": 1261110
        },
        "2023-01": {
            "month": "2023-01",
            "price": "19.52",
            "revenue": 1285657
        },
        "2023-02": {
            "month": "2023-02",
            "price": "19.76",
            "revenue": 1320956
        },
        "2023-03": {
            "month": "2023-03",
            "price": "19.68",
            "revenue": 1610657
        },
        "2023-04": {
            "month": "2023-04",
            "price": "20.47",
            "revenue": 1411037
        }
    }
}
