{
    "summary": {
        "stock_name": "聯成",
        "stock_id": "1313",
        "category": "塑膠",
        "main_business": "有機酸及其衍生物<br>塑膠增韌劑<br>樹脂及塑膠原料",
        "website_url": "http://www.upc.com.tw",
        "ceo": "畢淑蒨",
        "pe_ratio": -39,
        "report_year_from": 2001,
        "report_year_to": 2023,
        "age": 23,
        "eps_negative_percentage": 26,
        "eps_growth_avg": {
            "last_all": -9.53,
            "last_2y": -49.09,
            "last_4y": -66.06,
            "last_8y": -33.4,
            "last_12y": -41.47,
            "last_16y": -23.81,
            "last_20y": -9.53,
            "at_2006_last_3y": 36.9,
            "at_2007_last_3y": 44.22,
            "at_2008_last_3y": -2.97,
            "at_2009_last_3y": 27.49,
            "at_2010_last_3y": 15.92,
            "at_2011_last_3y": -1.39,
            "at_2012_last_3y": 25.04,
            "at_2013_last_3y": -13.14,
            "at_2014_last_3y": -51.57,
            "at_2015_last_3y": -47.94,
            "at_2016_last_3y": -76.36,
            "at_2017_last_3y": 0,
            "at_2018_last_3y": 15.59,
            "at_2019_last_3y": -22.94,
            "at_2020_last_3y": -22.94,
            "at_2021_last_3y": -55.66,
            "at_2022_last_3y": -66.06,
            "at_2023_last_3y": -49.09,
            "at_2024_last_3y": -49.09,
            "at_2006_last_all": 36.9,
            "at_2007_last_all": 30.87,
            "at_2008_last_all": 9.59,
            "at_2009_last_all": 22.51,
            "at_2010_last_all": 26.41,
            "at_2011_last_all": 16.53,
            "at_2012_last_all": 15.77,
            "at_2013_last_all": 9.54,
            "at_2014_last_all": 0.42,
            "at_2015_last_all": 0.42,
            "at_2016_last_all": 0.42,
            "at_2017_last_all": 8.08,
            "at_2018_last_all": 2.58,
            "at_2019_last_all": -4.26,
            "at_2020_last_all": -4.26,
            "at_2021_last_all": -3.87,
            "at_2022_last_all": -9.53,
            "at_2023_last_all": -9.53,
            "at_2024_last_all": -9.53
        },
        "latest_eps": -0.38,
        "latest_price": 14.95,
        "latest_roe": -1.78,
        "latest_gross_margin": 5.48,
        "latest_equity": 30047664,
        "latest_revenue": 19856440,
        "latest_gross_profit": 1088210,
        "latest_net_income": 519665,
        "latest_debt_ratio": 47.13,
        "latest_current_ratio": 138.62,
        "latest_account_receivable_turnover_ratio": 4.89,
        "latest_inventory_turnover_ratio": 1.92,
        "latest_reinvestment_rate": -7.68,
        "latest_research_to_sale_ratio": null
    },
    "eps_dividends": {
        "1990": {
            "cash": 0.5,
            "stock": 1.7,
            "eps": 0
        },
        "1991": {
            "cash": 0.3,
            "stock": 0.9,
            "eps": 0
        },
        "1992": {
            "cash": 0.3,
            "stock": 0.9,
            "eps": 0
        },
        "1995": {
            "cash": 0.2,
            "stock": 2.7,
            "eps": 0
        },
        "1996": {
            "cash": 0.3,
            "stock": 1.7,
            "eps": 0
        },
        "1997": {
            "cash": 0.2,
            "stock": 1.4,
            "eps": 0
        },
        "1998": {
            "cash": 0,
            "stock": 0.6,
            "eps": 0
        },
        "1999": {
            "cash": 0.1,
            "stock": 0.05,
            "eps": 0
        },
        "2000": {
            "cash": 0.2,
            "stock": 1,
            "eps": 0
        },
        "2001": {
            "cash": 0,
            "stock": 0,
            "eps": 0
        },
        "2002": {
            "cash": 0,
            "stock": 0,
            "eps": 0.8
        },
        "2003": {
            "cash": 0.2,
            "stock": 0.4,
            "eps": 0.62
        },
        "2004": {
            "cash": 0.4,
            "stock": 0,
            "eps": 1.19
        },
        "2005": {
            "cash": 0.4,
            "stock": 0.4,
            "eps": 0.93
        },
        "2006": {
            "cash": 0.41,
            "stock": 0.2,
            "eps": 2.36
        },
        "2007": {
            "cash": 0.6,
            "stock": 0.6,
            "eps": 2.52
        },
        "2008": {
            "cash": 1,
            "stock": 0.4,
            "eps": 0.08
        },
        "2009": {
            "cash": 0.2,
            "stock": 0,
            "eps": 1.75
        },
        "2010": {
            "cash": 0.8,
            "stock": 0.2,
            "eps": 2.69
        },
        "2011": {
            "cash": 2.48,
            "stock": 0.5,
            "eps": 1.01
        },
        "2012": {
            "cash": 0,
            "stock": 0,
            "eps": 1.1
        },
        "2013": {
            "cash": 0.8,
            "stock": 0.2,
            "eps": 0.52
        },
        "2014": {
            "cash": 0.4,
            "stock": 0,
            "eps": -0.22
        },
        "2015": {
            "cash": 0.2,
            "stock": 0,
            "eps": -0.15
        },
        "2016": {
            "cash": 0.2,
            "stock": 0,
            "eps": 0.97
        },
        "2017": {
            "cash": 0.6,
            "stock": 0.25,
            "eps": 2.02
        },
        "2018": {
            "cash": 1,
            "stock": 0.8,
            "eps": 0.63
        },
        "2019": {
            "cash": 0.2,
            "stock": 0.3,
            "eps": -0.12
        },
        "2020": {
            "cash": 0.2,
            "stock": 0,
            "eps": 1.64
        },
        "2021": {
            "cash": 1,
            "stock": 0,
            "eps": 1.67
        },
        "2022": {
            "cash": 1,
            "stock": 0,
            "eps": -0.94
        },
        "2023": {
            "cash": 0.2,
            "stock": 0,
            "eps": -0.08
        }
    },
    "dividends": {
        "1990-05-11": {
            "cash": 0.5,
            "stock": 1.7
        },
        "1991-05-16": {
            "cash": 0.3,
            "stock": 0.9
        },
        "1992-06-12": {
            "cash": 0.3,
            "stock": 0.9
        },
        "1995-05-12": {
            "cash": 0.2,
            "stock": 2.7
        },
        "1996-05-07": {
            "cash": 0.3,
            "stock": 1.7
        },
        "1997-05-23": {
            "cash": 0.2,
            "stock": 1.4
        },
        "1998-05-26": {
            "cash": 0,
            "stock": 0.6
        },
        "1999-06-08": {
            "cash": 0.1,
            "stock": 0.05
        },
        "2000-05-30": {
            "cash": 0.2,
            "stock": 1
        },
        "2003-04-15": {
            "cash": 0.2,
            "stock": 0.4
        },
        "2004-04-02": {
            "cash": 0.4,
            "stock": 0
        },
        "2005-04-11": {
            "cash": 0.4,
            "stock": 0.4
        },
        "2006-04-17": {
            "cash": 0.41,
            "stock": 0.2
        },
        "2007-04-27": {
            "cash": 0.6,
            "stock": 0.6
        },
        "2008-04-28": {
            "cash": 1,
            "stock": 0.4
        },
        "2009-04-23": {
            "cash": 0.2,
            "stock": 0
        },
        "2010-04-27": {
            "cash": 0.8,
            "stock": 0.2
        },
        "2011-01-01": {
            "cash": 0.5,
            "stock": 0.5
        },
        "2011-04-25": {
            "cash": 1.98,
            "stock": 0
        },
        "2013-03-27": {
            "cash": 0.8,
            "stock": 0.2
        },
        "2014-09-19": {
            "cash": 0.4,
            "stock": 0
        },
        "2015-09-23": {
            "cash": 0.2,
            "stock": 0
        },
        "2016-08-30": {
            "cash": 0.2,
            "stock": 0
        },
        "2017-09-20": {
            "cash": 0.6,
            "stock": 0.25
        },
        "2018-08-10": {
            "cash": 1,
            "stock": 0.8
        },
        "2019-08-09": {
            "cash": 0.2,
            "stock": 0.3
        },
        "2020-04-29": {
            "cash": 0.2,
            "stock": 0
        },
        "2021-05-07": {
            "cash": 1,
            "stock": 0
        },
        "2022-04-27": {
            "cash": 1,
            "stock": 0
        },
        "2023-03-23": {
            "cash": 0.2,
            "stock": 0
        }
    },
    "prices": {
        "200101": "6.89",
        "200102": "7.53",
        "200103": "7.18",
        "200104": "6.18",
        "200105": "5.05",
        "200106": "4.93",
        "200107": "3.99",
        "200108": "4.23",
        "200109": "4.03",
        "200110": "3.86",
        "200111": "3.90",
        "200112": "4.74",
        "200201": "6.21",
        "200202": "7.06",
        "200203": "11.72",
        "200204": "12.28",
        "200205": "10.62",
        "200206": "10.76",
        "200207": "12.40",
        "200208": "12.49",
        "200209": "11.34",
        "200210": "10.42",
        "200211": "12.55",
        "200212": "14.21",
        "200301": "18.16",
        "200302": "15.20",
        "200303": "12.31",
        "200304": "12.04",
        "200305": "10.74",
        "200306": "12.44",
        "200307": "14.11",
        "200308": "15.85",
        "200309": "13.60",
        "200310": "15.10",
        "200311": "15.24",
        "200312": "15.77",
        "200401": "15.86",
        "200402": "15.82",
        "200403": "14.39",
        "200404": "13.05",
        "200405": "11.72",
        "200406": "11.30",
        "200407": "11.40",
        "200408": "11.10",
        "200409": "13.57",
        "200410": "14.30",
        "200411": "12.88",
        "200412": "12.97",
        "200501": "13.52",
        "200502": "13.62",
        "200503": "13.35",
        "200504": "11.44",
        "200505": "11.14",
        "200506": "12.20",
        "200507": "12.01",
        "200508": "11.44",
        "200509": "10.90",
        "200510": "10.35",
        "200511": "9.91",
        "200512": "10.34",
        "200601": "11.60",
        "200602": "10.81",
        "200603": "9.80",
        "200604": "10.78",
        "200605": "11.33",
        "200606": "10.19",
        "200607": "10.84",
        "200608": "11.60",
        "200609": "11.48",
        "200610": "12.69",
        "200611": "14.12",
        "200612": "15.23",
        "200701": "16.99",
        "200702": "17.03",
        "200703": "16.34",
        "200704": "18.08",
        "200705": "17.75",
        "200706": "18.42",
        "200707": "22.04",
        "200708": "21.07",
        "200709": "25.17",
        "200710": "25.62",
        "200711": "19.22",
        "200712": "17.90",
        "200801": "17.77",
        "200802": "17.92",
        "200803": "19.19",
        "200804": "19.73",
        "200805": "21.30",
        "200806": "19.45",
        "200807": "16.78",
        "200808": "14.40",
        "200809": "12.58",
        "200810": "9.19",
        "200811": "8.76",
        "200812": "9.56",
        "200901": "9.75",
        "200902": "9.20",
        "200903": "10.12",
        "200904": "11.98",
        "200905": "15.30",
        "200906": "14.47",
        "200907": "13.93",
        "200908": "14.37",
        "200909": "14.83",
        "200910": "15.71",
        "200911": "16.19",
        "200912": "16.64",
        "201001": "17.90",
        "201002": "15.70",
        "201003": "17.17",
        "201004": "18.02",
        "201005": "18.75",
        "201006": "17.28",
        "201007": "18.06",
        "201008": "19.65",
        "201009": "19.85",
        "201010": "21.77",
        "201011": "22.74",
        "201012": "23.83",
        "201101": "24.57",
        "201102": "23.12",
        "201103": "21.65",
        "201104": "23.00",
        "201105": "24.07",
        "201106": "23.54",
        "201107": "23.93",
        "201108": "19.17",
        "201109": "15.39",
        "201110": "14.08",
        "201111": "15.01",
        "201112": "15.25",
        "201201": "16.76",
        "201202": "18.50",
        "201203": "17.62",
        "201204": "16.32",
        "201205": "16.11",
        "201206": "15.94",
        "201207": "16.38",
        "201208": "16.57",
        "201209": "16.06",
        "201210": "15.68",
        "201211": "15.27",
        "201212": "16.19",
        "201301": "16.65",
        "201302": "16.72",
        "201303": "16.18",
        "201304": "15.60",
        "201305": "15.61",
        "201306": "15.31",
        "201307": "15.40",
        "201308": "14.93",
        "201309": "13.83",
        "201310": "14.38",
        "201311": "13.94",
        "201312": "14.22",
        "201401": "14.36",
        "201402": "13.95",
        "201403": "13.71",
        "201404": "13.78",
        "201405": "13.00",
        "201406": "12.89",
        "201407": "12.90",
        "201408": "12.15",
        "201409": "11.72",
        "201410": "10.51",
        "201411": "10.23",
        "201412": "10.89",
        "201501": "11.63",
        "201502": "11.68",
        "201503": "11.34",
        "201504": "11.59",
        "201505": "11.49",
        "201506": "10.29",
        "201507": "9.80",
        "201508": "9.19",
        "201509": "9.26",
        "201510": "9.76",
        "201511": "9.15",
        "201512": "9.14",
        "201601": "8.55",
        "201602": "8.70",
        "201603": "9.31",
        "201604": "8.95",
        "201605": "8.64",
        "201606": "8.92",
        "201607": "9.13",
        "201608": "9.49",
        "201609": "9.75",
        "201610": "10.93",
        "201611": "11.72",
        "201612": "12.87",
        "201701": "12.81",
        "201702": "14.02",
        "201703": "13.44",
        "201704": "13.27",
        "201705": "12.88",
        "201706": "13.29",
        "201707": "13.89",
        "201708": "14.50",
        "201709": "16.06",
        "201710": "16.29",
        "201711": "17.20",
        "201712": "18.74",
        "201801": "18.94",
        "201802": "17.96",
        "201803": "18.53",
        "201804": "19.92",
        "201805": "20.28",
        "201806": "20.41",
        "201807": "19.50",
        "201808": "16.54",
        "201809": "14.87",
        "201810": "13.04",
        "201811": "11.70",
        "201812": "11.95",
        "201901": "12.23",
        "201902": "12.75",
        "201903": "13.08",
        "201904": "12.44",
        "201905": "11.50",
        "201906": "11.24",
        "201907": "11.19",
        "201908": "10.31",
        "201909": "10.59",
        "201910": "10.34",
        "201911": "10.58",
        "201912": "10.94",
        "202001": "10.91",
        "202002": "10.06",
        "202003": "8.58",
        "202004": "9.01",
        "202005": "9.45",
        "202006": "9.87",
        "202007": "9.87",
        "202008": "11.61",
        "202009": "13.22",
        "202010": "13.06",
        "202011": "15.19",
        "202012": "17.68",
        "202101": "16.88",
        "202102": "16.69",
        "202103": "18.88",
        "202104": "25.66",
        "202105": "24.97",
        "202106": "26.72",
        "202107": "26.33",
        "202108": "24.37",
        "202109": "24.65",
        "202110": "23.83",
        "202111": "22.25",
        "202112": "21.23",
        "202201": "21.12",
        "202202": "21.55",
        "202203": "19.65",
        "202204": "17.33",
        "202205": "16.69",
        "202206": "16.65",
        "202207": "14.85",
        "202208": "13.83",
        "202209": "13.17",
        "202210": "12.30",
        "202211": "12.78",
        "202212": "13.76",
        "202301": "13.99",
        "202302": "15.31",
        "202303": "14.78",
        "202304": "14.93",
        "202305": "14.39",
        "202306": "14.52",
        "202307": "15.42",
        "202308": "15.62",
        "202309": "15.41",
        "202310": "14.87",
        "202311": "15.68",
        "202312": "15.63"
    },
    "quarters": {
        "20011": {
            "year_quarter": 20011,
            "year": 2001,
            "quarter": 1,
            "eps": -0.03,
            "eps_growth_year": -118.75,
            "eps_4q": 0.21,
            "eps_4q_growth_year": -77.92,
            "roe": -0.19,
            "roe_4q": -0.19,
            "gross_profit": 62791,
            "gross_margin": 7.6,
            "gross_margin_4q_avg": 7.6,
            "net_income": -17109,
            "net_income_4q": null,
            "revenue": 825718,
            "revenue_4q": null,
            "common_shares": 6814497,
            "book_valuer_per_share": 12.68,
            "book_valuer_per_share_4q_avg": 12.68,
            "equity": 8643936,
            "current_ratio": 165.68,
            "debt_ratio": 38.05,
            "inventory_turnover_ratio": 0.73,
            "account_receivable_turnover_ratio": null,
            "reinvestment_rate": null,
            "research_to_sale_ratio": null,
            "price_fair": 0,
            "eps_avg_yearly": 0,
            "eps_latest_yearly": 0,
            "eps_growth_yearly": 0
        },
        "20012": {
            "year_quarter": 20012,
            "year": 2001,
            "quarter": 2,
            "eps": -0.04,
            "eps_growth_year": -140,
            "eps_4q": 0.04,
            "eps_4q_growth_year": -95.36,
            "roe": -0.33,
            "roe_4q": -0.52,
            "gross_profit": 94177,
            "gross_margin": 11.44,
            "gross_margin_4q_avg": 9.52,
            "net_income": -28444,
            "net_income_4q": null,
            "revenue": 822868,
            "revenue_4q": null,
            "common_shares": 6814497,
            "book_valuer_per_share": 12.63,
            "book_valuer_per_share_4q_avg": 12.66,
            "equity": 8608186,
            "current_ratio": 213.44,
            "debt_ratio": 33.24,
            "inventory_turnover_ratio": 1.44,
            "account_receivable_turnover_ratio": null,
            "reinvestment_rate": null,
            "research_to_sale_ratio": null,
            "price_fair": 0,
            "eps_avg_yearly": 0,
            "eps_latest_yearly": 0,
            "eps_growth_yearly": 0
        },
        "20013": {
            "year_quarter": 20013,
            "year": 2001,
            "quarter": 3,
            "eps": 0.06,
            "eps_growth_year": 200,
            "eps_4q": 0.07,
            "eps_4q_growth_year": -86.44,
            "roe": 0.5,
            "roe_4q": -0.020000000000000018,
            "gross_profit": 70637,
            "gross_margin": 8.88,
            "gross_margin_4q_avg": 9.31,
            "net_income": 42931,
            "net_income_4q": null,
            "revenue": 795892,
            "revenue_4q": null,
            "common_shares": 7017370,
            "book_valuer_per_share": 12.19,
            "book_valuer_per_share_4q_avg": 12.5,
            "equity": 8556227,
            "current_ratio": 231.38,
            "debt_ratio": 32.84,
            "inventory_turnover_ratio": 1.76,
            "account_receivable_turnover_ratio": null,
            "reinvestment_rate": null,
            "research_to_sale_ratio": null,
            "price_fair": 0,
            "eps_avg_yearly": 0,
            "eps_latest_yearly": 0,
            "eps_growth_yearly": 0
        },
        "20014": {
            "year_quarter": 20014,
            "year": 2001,
            "quarter": 4,
            "eps": 0.01,
            "eps_growth_year": -87.5,
            "eps_4q": 0,
            "eps_4q_growth_year": -99.58,
            "roe": 0.1,
            "roe_4q": 0.07999999999999996,
            "gross_profit": 72775,
            "gross_margin": 9.9,
            "gross_margin_4q_avg": 9.46,
            "net_income": 9272,
            "net_income_4q": null,
            "revenue": 734925,
            "revenue_4q": null,
            "common_shares": 7017370,
            "book_valuer_per_share": 12.55,
            "book_valuer_per_share_4q_avg": 12.51,
            "equity": 9596428,
            "current_ratio": 177.38,
            "debt_ratio": 36.56,
            "inventory_turnover_ratio": 0.94,
            "account_receivable_turnover_ratio": null,
            "reinvestment_rate": null,
            "research_to_sale_ratio": null,
            "price_fair": 0,
            "eps_avg_yearly": 0,
            "eps_latest_yearly": 0,
            "eps_growth_yearly": 0
        },
        "20021": {
            "year_quarter": 20021,
            "year": 2002,
            "quarter": 1,
            "eps": 0.29,
            "eps_growth_year": null,
            "eps_4q": 0.32,
            "eps_4q_growth_year": 51.49,
            "roe": 2.16,
            "roe_4q": 2.43,
            "gross_profit": 97721,
            "gross_margin": 12.71,
            "gross_margin_4q_avg": 10.73,
            "net_income": 200603,
            "net_income_4q": null,
            "revenue": 768592,
            "revenue_4q": null,
            "common_shares": 7017370,
            "book_valuer_per_share": 12.84,
            "book_valuer_per_share_4q_avg": 12.55,
            "equity": 9008122,
            "current_ratio": 184.4,
            "debt_ratio": 30.52,
            "inventory_turnover_ratio": 0.98,
            "account_receivable_turnover_ratio": null,
            "reinvestment_rate": null,
            "research_to_sale_ratio": null,
            "price_fair": 40.6,
            "eps_avg_yearly": 1.16,
            "eps_latest_yearly": 1.16,
            "eps_growth_yearly": 11200
        },
        "20022": {
            "year_quarter": 20022,
            "year": 2002,
            "quarter": 2,
            "eps": 0.36,
            "eps_growth_year": null,
            "eps_4q": 0.73,
            "eps_4q_growth_year": 1866.26,
            "roe": 2.73,
            "roe_4q": 5.49,
            "gross_profit": 200121,
            "gross_margin": 21.17,
            "gross_margin_4q_avg": 13.17,
            "net_income": 249317,
            "net_income_4q": null,
            "revenue": 945509,
            "revenue_4q": null,
            "common_shares": 7017370,
            "book_valuer_per_share": 13.19,
            "book_valuer_per_share_4q_avg": 12.69,
            "equity": 9257439,
            "current_ratio": 141.28,
            "debt_ratio": 30.36,
            "inventory_turnover_ratio": 2,
            "account_receivable_turnover_ratio": null,
            "reinvestment_rate": null,
            "research_to_sale_ratio": null,
            "price_fair": 45.5,
            "eps_avg_yearly": 1.3,
            "eps_latest_yearly": 1.44,
            "eps_growth_yearly": 5648.28
        },
        "20023": {
            "year_quarter": 20023,
            "year": 2002,
            "quarter": 3,
            "eps": 0.19,
            "eps_growth_year": 216.67,
            "eps_4q": 0.85,
            "eps_4q_growth_year": 1082.98,
            "roe": 1.43,
            "roe_4q": 6.42,
            "gross_profit": 157837,
            "gross_margin": 14.93,
            "gross_margin_4q_avg": 14.68,
            "net_income": 133037,
            "net_income_4q": null,
            "revenue": 1057292,
            "revenue_4q": null,
            "common_shares": 7017370,
            "book_valuer_per_share": 13.38,
            "book_valuer_per_share_4q_avg": 12.99,
            "equity": 9390476,
            "current_ratio": 173.67,
            "debt_ratio": 27.97,
            "inventory_turnover_ratio": 1.91,
            "account_receivable_turnover_ratio": null,
            "reinvestment_rate": null,
            "research_to_sale_ratio": null,
            "price_fair": 39.2,
            "eps_avg_yearly": 1.12,
            "eps_latest_yearly": 0.76,
            "eps_growth_yearly": 3702.55
        },
        "20024": {
            "year_quarter": 20024,
            "year": 2002,
            "quarter": 4,
            "eps": -0.04,
            "eps_growth_year": -500,
            "eps_4q": 0.8,
            "eps_4q_growth_year": 52505.09,
            "roe": -0.31,
            "roe_4q": 6.01,
            "gross_profit": 141775,
            "gross_margin": 13.77,
            "gross_margin_4q_avg": 15.65,
            "net_income": -29826,
            "net_income_4q": null,
            "revenue": 1029929,
            "revenue_4q": null,
            "common_shares": 7017370,
            "book_valuer_per_share": 13.3,
            "book_valuer_per_share_4q_avg": 13.18,
            "equity": 10104978,
            "current_ratio": 180.17,
            "debt_ratio": 32.02,
            "inventory_turnover_ratio": 0.93,
            "account_receivable_turnover_ratio": null,
            "reinvestment_rate": 85.84,
            "research_to_sale_ratio": null,
            "price_fair": 39.2,
            "eps_avg_yearly": 1.12,
            "eps_latest_yearly": 0.76,
            "eps_growth_yearly": 3702.55
        },
        "20031": {
            "year_quarter": 20031,
            "year": 2003,
            "quarter": 1,
            "eps": 0.29,
            "eps_growth_year": 0,
            "eps_4q": 0.8,
            "eps_4q_growth_year": 145.87,
            "roe": 2.05,
            "roe_4q": 5.9,
            "gross_profit": 181262,
            "gross_margin": 15.92,
            "gross_margin_4q_avg": 16.45,
            "net_income": 201452,
            "net_income_4q": null,
            "revenue": 1138776,
            "revenue_4q": null,
            "common_shares": 7017370,
            "book_valuer_per_share": 13.56,
            "book_valuer_per_share_4q_avg": 13.36,
            "equity": 9517128,
            "current_ratio": 145.06,
            "debt_ratio": 27.17,
            "inventory_turnover_ratio": 0.92,
            "account_receivable_turnover_ratio": null,
            "reinvestment_rate": 31.79,
            "research_to_sale_ratio": null,
            "price_fair": 39.2,
            "eps_avg_yearly": 1.12,
            "eps_latest_yearly": 0.76,
            "eps_growth_yearly": 3702.55
        },
        "20032": {
            "year_quarter": 20032,
            "year": 2003,
            "quarter": 2,
            "eps": -0.02,
            "eps_growth_year": -105.56,
            "eps_4q": 0.42,
            "eps_4q_growth_year": -42.6,
            "roe": -0.13,
            "roe_4q": 3.04,
            "gross_profit": 62279,
            "gross_margin": 6.26,
            "gross_margin_4q_avg": 12.72,
            "net_income": -12607,
            "net_income_4q": null,
            "revenue": 994691,
            "revenue_4q": null,
            "common_shares": 7017370,
            "book_valuer_per_share": 13.27,
            "book_valuer_per_share_4q_avg": 13.38,
            "equity": 9313411,
            "current_ratio": 180.39,
            "debt_ratio": 28.77,
            "inventory_turnover_ratio": 1.31,
            "account_receivable_turnover_ratio": null,
            "reinvestment_rate": 25.98,
            "research_to_sale_ratio": null,
            "price_fair": 39.2,
            "eps_avg_yearly": 1.12,
            "eps_latest_yearly": 0.76,
            "eps_growth_yearly": 3702.55
        },
        "20033": {
            "year_quarter": 20033,
            "year": 2003,
            "quarter": 3,
            "eps": 0.12,
            "eps_growth_year": -36.84,
            "eps_4q": 0.34,
            "eps_4q_growth_year": -59.98,
            "roe": 0.93,
            "roe_4q": 2.5399999999999996,
            "gross_profit": 140499,
            "gross_margin": 12.39,
            "gross_margin_4q_avg": 12.09,
            "net_income": 87343,
            "net_income_4q": null,
            "revenue": 1134345,
            "revenue_4q": null,
            "common_shares": 7156252,
            "book_valuer_per_share": 13.28,
            "book_valuer_per_share_4q_avg": 13.35,
            "equity": 9500625,
            "current_ratio": 168.25,
            "debt_ratio": 27.98,
            "inventory_turnover_ratio": 1.32,
            "account_receivable_turnover_ratio": null,
            "reinvestment_rate": 25.99,
            "research_to_sale_ratio": null,
            "price_fair": 39.2,
            "eps_avg_yearly": 1.12,
            "eps_latest_yearly": 0.76,
            "eps_growth_yearly": 3702.55
        },
        "20034": {
            "year_quarter": 20034,
            "year": 2003,
            "quarter": 4,
            "eps": 0.23,
            "eps_growth_year": null,
            "eps_4q": 0.62,
            "eps_4q_growth_year": -22.15,
            "roe": 1.67,
            "roe_4q": 4.52,
            "gross_profit": 157064,
            "gross_margin": 11.97,
            "gross_margin_4q_avg": 11.64,
            "net_income": 163051,
            "net_income_4q": null,
            "revenue": 1312380,
            "revenue_4q": null,
            "common_shares": 7156252,
            "book_valuer_per_share": 13.47,
            "book_valuer_per_share_4q_avg": 13.4,
            "equity": 10025357,
            "current_ratio": 272.41,
            "debt_ratio": 34.83,
            "inventory_turnover_ratio": 1,
            "account_receivable_turnover_ratio": null,
            "reinvestment_rate": 70.42,
            "research_to_sale_ratio": null,
            "price_fair": 37.45,
            "eps_avg_yearly": 1.07,
            "eps_latest_yearly": 0.92,
            "eps_growth_yearly": 2868.58
        },
        "20041": {
            "year_quarter": 20041,
            "year": 2004,
            "quarter": 1,
            "eps": 0.32,
            "eps_growth_year": 10.34,
            "eps_4q": 0.66,
            "eps_4q_growth_year": -17.72,
            "roe": 2.27,
            "roe_4q": 4.74,
            "gross_profit": 222906,
            "gross_margin": 17.5,
            "gross_margin_4q_avg": 12.03,
            "net_income": 226341,
            "net_income_4q": null,
            "revenue": 1273978,
            "revenue_4q": null,
            "common_shares": 7156252,
            "book_valuer_per_share": 13.89,
            "book_valuer_per_share_4q_avg": 13.48,
            "equity": 9941022,
            "current_ratio": 428.15,
            "debt_ratio": 26.69,
            "inventory_turnover_ratio": 0.94,
            "account_receivable_turnover_ratio": null,
            "reinvestment_rate": 32.33,
            "research_to_sale_ratio": null,
            "price_fair": 38.92,
            "eps_avg_yearly": 1.11,
            "eps_latest_yearly": 1.28,
            "eps_growth_yearly": 2326.17
        },
        "20042": {
            "year_quarter": 20042,
            "year": 2004,
            "quarter": 2,
            "eps": 0.34,
            "eps_growth_year": null,
            "eps_4q": 1,
            "eps_4q_growth_year": 140.13,
            "roe": 2.49,
            "roe_4q": 7.359999999999999,
            "gross_profit": 201411,
            "gross_margin": 15.09,
            "gross_margin_4q_avg": 14.24,
            "net_income": 245817,
            "net_income_4q": null,
            "revenue": 1334589,
            "revenue_4q": null,
            "common_shares": 7234438,
            "book_valuer_per_share": 13.53,
            "book_valuer_per_share_4q_avg": 13.54,
            "equity": 9787705,
            "current_ratio": 231.72,
            "debt_ratio": 28.83,
            "inventory_turnover_ratio": 1.57,
            "account_receivable_turnover_ratio": null,
            "reinvestment_rate": 28.18,
            "research_to_sale_ratio": null,
            "price_fair": 40.37,
            "eps_avg_yearly": 1.15,
            "eps_latest_yearly": 1.36,
            "eps_growth_yearly": 1942.64
        },
        "20043": {
            "year_quarter": 20043,
            "year": 2004,
            "quarter": 3,
            "eps": 0.5,
            "eps_growth_year": 316.67,
            "eps_4q": 1.39,
            "eps_4q_growth_year": 311.36,
            "roe": 3.57,
            "roe_4q": 10,
            "gross_profit": 326316,
            "gross_margin": 20.9,
            "gross_margin_4q_avg": 16.37,
            "net_income": 355918,
            "net_income_4q": null,
            "revenue": 1561273,
            "revenue_4q": null,
            "common_shares": 7236058,
            "book_valuer_per_share": 14.01,
            "book_valuer_per_share_4q_avg": 13.73,
            "equity": 10135675,
            "current_ratio": 286.45,
            "debt_ratio": 27.26,
            "inventory_turnover_ratio": 1.57,
            "account_receivable_turnover_ratio": null,
            "reinvestment_rate": 23.96,
            "research_to_sale_ratio": null,
            "price_fair": 44.6,
            "eps_avg_yearly": 1.27,
            "eps_latest_yearly": 2,
            "eps_growth_yearly": 1692.01
        },
        "20044": {
            "year_quarter": 20044,
            "year": 2004,
            "quarter": 4,
            "eps": 0.03,
            "eps_growth_year": -86.96,
            "eps_4q": 1.18,
            "eps_4q_growth_year": 90.77,
            "roe": 0.21,
            "roe_4q": 8.54,
            "gross_profit": 361336,
            "gross_margin": 21.83,
            "gross_margin_4q_avg": 18.83,
            "net_income": 21565,
            "net_income_4q": null,
            "revenue": 1655494,
            "revenue_4q": null,
            "common_shares": 7238698,
            "book_valuer_per_share": 13.55,
            "book_valuer_per_share_4q_avg": 13.75,
            "equity": 10406666,
            "current_ratio": 218.04,
            "debt_ratio": 37.52,
            "inventory_turnover_ratio": 0.79,
            "account_receivable_turnover_ratio": null,
            "reinvestment_rate": 21.74,
            "research_to_sale_ratio": null,
            "price_fair": 39.55,
            "eps_avg_yearly": 1.13,
            "eps_latest_yearly": 0.12,
            "eps_growth_yearly": 1433.51
        },
        "20051": {
            "year_quarter": 20051,
            "year": 2005,
            "quarter": 1,
            "eps": 0.36,
            "eps_growth_year": 12.5,
            "eps_4q": 1.22,
            "eps_4q_growth_year": 86.51,
            "roe": 2.52,
            "roe_4q": 8.79,
            "gross_profit": 266502,
            "gross_margin": 15.8,
            "gross_margin_4q_avg": 18.41,
            "net_income": 259761,
            "net_income_4q": null,
            "revenue": 1686191,
            "revenue_4q": null,
            "common_shares": 7243748,
            "book_valuer_per_share": 14.09,
            "book_valuer_per_share_4q_avg": 13.8,
            "equity": 10208409,
            "current_ratio": 371.41,
            "debt_ratio": 25.44,
            "inventory_turnover_ratio": 0.85,
            "account_receivable_turnover_ratio": null,
            "reinvestment_rate": 21.09,
            "research_to_sale_ratio": null,
            "price_fair": 40.76,
            "eps_avg_yearly": 1.16,
            "eps_latest_yearly": 1.44,
            "eps_growth_yearly": 1763.12
        },
        "20052": {
            "year_quarter": 20052,
            "year": 2005,
            "quarter": 2,
            "eps": 0.16,
            "eps_growth_year": -52.94,
            "eps_4q": 1.02,
            "eps_4q_growth_year": 1.62,
            "roe": 1.18,
            "roe_4q": 7.48,
            "gross_profit": 207926,
            "gross_margin": 13.47,
            "gross_margin_4q_avg": 18,
            "net_income": 119164,
            "net_income_4q": null,
            "revenue": 1543943,
            "revenue_4q": null,
            "common_shares": 7265988,
            "book_valuer_per_share": 13.73,
            "book_valuer_per_share_4q_avg": 13.85,
            "equity": 9975523,
            "current_ratio": 205.82,
            "debt_ratio": 26.39,
            "inventory_turnover_ratio": 1.49,
            "account_receivable_turnover_ratio": null,
            "reinvestment_rate": 18.74,
            "research_to_sale_ratio": null,
            "price_fair": 38.92,
            "eps_avg_yearly": 1.11,
            "eps_latest_yearly": 0.64,
            "eps_growth_yearly": 1564.59
        },
        "20053": {
            "year_quarter": 20053,
            "year": 2005,
            "quarter": 3,
            "eps": 0.23,
            "eps_growth_year": -54,
            "eps_4q": 0.77,
            "eps_4q_growth_year": -44.5,
            "roe": 1.66,
            "roe_4q": 5.569999999999999,
            "gross_profit": 241442,
            "gross_margin": 14.75,
            "gross_margin_4q_avg": 16.46,
            "net_income": 169699,
            "net_income_4q": null,
            "revenue": 1637203,
            "revenue_4q": null,
            "common_shares": 7555985,
            "book_valuer_per_share": 13.92,
            "book_valuer_per_share_4q_avg": 13.82,
            "equity": 10519641,
            "current_ratio": 226.54,
            "debt_ratio": 23.09,
            "inventory_turnover_ratio": 1.53,
            "account_receivable_turnover_ratio": null,
            "reinvestment_rate": 17.5,
            "research_to_sale_ratio": null,
            "price_fair": 38.31,
            "eps_avg_yearly": 1.09,
            "eps_latest_yearly": 0.92,
            "eps_growth_yearly": 1438.26
        },
        "20054": {
            "year_quarter": 20054,
            "year": 2005,
            "quarter": 4,
            "eps": 0.18,
            "eps_growth_year": 500,
            "eps_4q": 0.9,
            "eps_4q_growth_year": -23.65,
            "roe": 1.27,
            "roe_4q": 6.629999999999999,
            "gross_profit": 100392,
            "gross_margin": 6.59,
            "gross_margin_4q_avg": 12.65,
            "net_income": 136695,
            "net_income_4q": null,
            "revenue": 1522275,
            "revenue_4q": null,
            "common_shares": 7558319,
            "book_valuer_per_share": 13.67,
            "book_valuer_per_share_4q_avg": 13.85,
            "equity": 11006977,
            "current_ratio": 146.79,
            "debt_ratio": 44.02,
            "inventory_turnover_ratio": 0.77,
            "account_receivable_turnover_ratio": null,
            "reinvestment_rate": 55.82,
            "research_to_sale_ratio": null,
            "price_fair": 37.22,
            "eps_avg_yearly": 1.06,
            "eps_latest_yearly": 0.72,
            "eps_growth_yearly": 1311.16
        },
        "20061": {
            "year_quarter": 20061,
            "year": 2006,
            "quarter": 1,
            "eps": 0.32,
            "eps_growth_year": -11.11,
            "eps_4q": 0.91,
            "eps_4q_growth_year": -25.93,
            "roe": 2.14,
            "roe_4q": 6.25,
            "gross_profit": 127330,
            "gross_margin": 8.89,
            "gross_margin_4q_avg": 10.93,
            "net_income": 232202,
            "net_income_4q": null,
            "revenue": 1431969,
            "revenue_4q": null,
            "common_shares": 7459038,
            "book_valuer_per_share": 14.29,
            "book_valuer_per_share_4q_avg": 13.9,
            "equity": 10662158,
            "current_ratio": 216.7,
            "debt_ratio": 23.06,
            "inventory_turnover_ratio": 0.67,
            "account_receivable_turnover_ratio": null,
            "reinvestment_rate": 14.67,
            "research_to_sale_ratio": null,
            "price_fair": 37.57,
            "eps_avg_yearly": 1.07,
            "eps_latest_yearly": 1.28,
            "eps_growth_yearly": 403.75
        },
        "20062": {
            "year_quarter": 20062,
            "year": 2006,
            "quarter": 2,
            "eps": 0.66,
            "eps_growth_year": 312.5,
            "eps_4q": 1.39,
            "eps_4q_growth_year": 36.37,
            "roe": 4.56,
            "roe_4q": 9.629999999999999,
            "gross_profit": 234675,
            "gross_margin": 14.04,
            "gross_margin_4q_avg": 11.07,
            "net_income": 490298,
            "net_income_4q": null,
            "revenue": 1671108,
            "revenue_4q": null,
            "common_shares": 7470087,
            "book_valuer_per_share": 14.49,
            "book_valuer_per_share_4q_avg": 14.09,
            "equity": 10823282,
            "current_ratio": 157.25,
            "debt_ratio": 25.82,
            "inventory_turnover_ratio": 1.46,
            "account_receivable_turnover_ratio": null,
            "reinvestment_rate": 14.59,
            "research_to_sale_ratio": null,
            "price_fair": 41.07,
            "eps_avg_yearly": 1.17,
            "eps_latest_yearly": 2.64,
            "eps_growth_yearly": 431.12
        },
        "20063": {
            "year_quarter": 20063,
            "year": 2006,
            "quarter": 3,
            "eps": 0.71,
            "eps_growth_year": 208.7,
            "eps_4q": 1.87,
            "eps_4q_growth_year": 142.05,
            "roe": 4.68,
            "roe_4q": 12.649999999999999,
            "gross_profit": 244627,
            "gross_margin": 14.86,
            "gross_margin_4q_avg": 11.1,
            "net_income": 525645,
            "net_income_4q": null,
            "revenue": 1645661,
            "revenue_4q": null,
            "common_shares": 7519002,
            "book_valuer_per_share": 15.5,
            "book_valuer_per_share_4q_avg": 14.49,
            "equity": 11656316,
            "current_ratio": 172.65,
            "debt_ratio": 25.24,
            "inventory_turnover_ratio": 1.37,
            "account_receivable_turnover_ratio": null,
            "reinvestment_rate": -10.99,
            "research_to_sale_ratio": null,
            "price_fair": 47.13,
            "eps_avg_yearly": 1.35,
            "eps_latest_yearly": 2.84,
            "eps_growth_yearly": 449.39
        },
        "20064": {
            "year_quarter": 20064,
            "year": 2006,
            "quarter": 4,
            "eps": 0.67,
            "eps_growth_year": 272.22,
            "eps_4q": 2.35,
            "eps_4q_growth_year": 159.9,
            "roe": 4.04,
            "roe_4q": 15.419999999999998,
            "gross_profit": 163791,
            "gross_margin": 10.37,
            "gross_margin_4q_avg": 12.04,
            "net_income": 499127,
            "net_income_4q": null,
            "revenue": 1579841,
            "revenue_4q": null,
            "common_shares": 7538955,
            "book_valuer_per_share": 16.32,
            "book_valuer_per_share_4q_avg": 15.15,
            "equity": 13035404,
            "current_ratio": 224.98,
            "debt_ratio": 48.72,
            "inventory_turnover_ratio": 0.49,
            "account_receivable_turnover_ratio": null,
            "reinvestment_rate": 63.21,
            "research_to_sale_ratio": null,
            "price_fair": 50.72,
            "eps_avg_yearly": 1.45,
            "eps_latest_yearly": 2.68,
            "eps_growth_yearly": 413.09
        },
        "20071": {
            "year_quarter": 20071,
            "year": 2007,
            "quarter": 1,
            "eps": 0.56,
            "eps_growth_year": 75,
            "eps_4q": 2.63,
            "eps_4q_growth_year": 190.05,
            "roe": 3.15,
            "roe_4q": 16.43,
            "gross_profit": 206445,
            "gross_margin": 11.61,
            "gross_margin_4q_avg": 12.72,
            "net_income": 410038,
            "net_income_4q": null,
            "revenue": 1777844,
            "revenue_4q": null,
            "common_shares": 7555363,
            "book_valuer_per_share": 17.18,
            "book_valuer_per_share_4q_avg": 15.87,
            "equity": 12980455,
            "current_ratio": 269,
            "debt_ratio": 26.4,
            "inventory_turnover_ratio": 0.55,
            "account_receivable_turnover_ratio": null,
            "reinvestment_rate": -7.57,
            "research_to_sale_ratio": null,
            "price_fair": 52.7,
            "eps_avg_yearly": 1.51,
            "eps_latest_yearly": 2.24,
            "eps_growth_yearly": 378.89
        },
        "20072": {
            "year_quarter": 20072,
            "year": 2007,
            "quarter": 2,
            "eps": 0.69,
            "eps_growth_year": 4.55,
            "eps_4q": 2.52,
            "eps_4q_growth_year": 81.77,
            "roe": 4.14,
            "roe_4q": 16.009999999999998,
            "gross_profit": 216690,
            "gross_margin": 11.34,
            "gross_margin_4q_avg": 12.05,
            "net_income": 541735,
            "net_income_4q": null,
            "revenue": 1911222,
            "revenue_4q": null,
            "common_shares": 7564048,
            "book_valuer_per_share": 17.42,
            "book_valuer_per_share_4q_avg": 16.61,
            "equity": 13175756,
            "current_ratio": 150.06,
            "debt_ratio": 27.95,
            "inventory_turnover_ratio": 1.56,
            "account_receivable_turnover_ratio": null,
            "reinvestment_rate": -5.4,
            "research_to_sale_ratio": null,
            "price_fair": 55.63,
            "eps_avg_yearly": 1.59,
            "eps_latest_yearly": 2.76,
            "eps_growth_yearly": 359.82
        },
        "20073": {
            "year_quarter": 20073,
            "year": 2007,
            "quarter": 3,
            "eps": 0.56,
            "eps_growth_year": -21.13,
            "eps_4q": 2.39,
            "eps_4q_growth_year": 27.92,
            "roe": 3.25,
            "roe_4q": 14.579999999999998,
            "gross_profit": 189710,
            "gross_margin": 9.43,
            "gross_margin_4q_avg": 10.69,
            "net_income": 443321,
            "net_income_4q": null,
            "revenue": 2011386,
            "revenue_4q": null,
            "common_shares": 8046647,
            "book_valuer_per_share": 17.52,
            "book_valuer_per_share_4q_avg": 17.11,
            "equity": 14100696,
            "current_ratio": 233.62,
            "debt_ratio": 25.56,
            "inventory_turnover_ratio": 1.66,
            "account_receivable_turnover_ratio": null,
            "reinvestment_rate": -4.61,
            "research_to_sale_ratio": null,
            "price_fair": 57.05,
            "eps_avg_yearly": 1.63,
            "eps_latest_yearly": 2.24,
            "eps_growth_yearly": 332.62
        },
        "20074": {
            "year_quarter": 20074,
            "year": 2007,
            "quarter": 4,
            "eps": 0.71,
            "eps_growth_year": 5.97,
            "eps_4q": 2.48,
            "eps_4q_growth_year": 5.75,
            "roe": 3.9,
            "roe_4q": 14.44,
            "gross_profit": 211919,
            "gross_margin": 11.19,
            "gross_margin_4q_avg": 10.89,
            "net_income": 559548,
            "net_income_4q": null,
            "revenue": 1894326,
            "revenue_4q": null,
            "common_shares": 8046715,
            "book_valuer_per_share": 17.89,
            "book_valuer_per_share_4q_avg": 17.5,
            "equity": 14620568,
            "current_ratio": 352.53,
            "debt_ratio": 44.35,
            "inventory_turnover_ratio": 0.58,
            "account_receivable_turnover_ratio": null,
            "reinvestment_rate": 28.61,
            "research_to_sale_ratio": null,
            "price_fair": 61.25,
            "eps_avg_yearly": 1.75,
            "eps_latest_yearly": 2.84,
            "eps_growth_yearly": 316.4
        },
        "20081": {
            "year_quarter": 20081,
            "year": 2008,
            "quarter": 1,
            "eps": 0.47,
            "eps_growth_year": -16.07,
            "eps_4q": 2.44,
            "eps_4q_growth_year": -7.14,
            "roe": 2.51,
            "roe_4q": 13.8,
            "gross_profit": 417585,
            "gross_margin": 5.42,
            "gross_margin_4q_avg": 9.35,
            "net_income": 368009,
            "net_income_4q": null,
            "revenue": 7700975,
            "revenue_4q": null,
            "common_shares": 8060575,
            "book_valuer_per_share": 17.9,
            "book_valuer_per_share_4q_avg": 17.68,
            "equity": 14651529,
            "current_ratio": 296.18,
            "debt_ratio": 44.63,
            "inventory_turnover_ratio": 1.45,
            "account_receivable_turnover_ratio": null,
            "reinvestment_rate": 75.82,
            "research_to_sale_ratio": null,
            "price_fair": 62.56,
            "eps_avg_yearly": 1.79,
            "eps_latest_yearly": 1.88,
            "eps_growth_yearly": 298.17
        },
        "20082": {
            "year_quarter": 20082,
            "year": 2008,
            "quarter": 2,
            "eps": 0.56,
            "eps_growth_year": -18.84,
            "eps_4q": 2.23,
            "eps_4q_growth_year": -11.6,
            "roe": 3.2,
            "roe_4q": 12.86,
            "gross_profit": 651177,
            "gross_margin": 7.56,
            "gross_margin_4q_avg": 8.4,
            "net_income": 460267,
            "net_income_4q": null,
            "revenue": 8608675,
            "revenue_4q": null,
            "common_shares": 8060575,
            "book_valuer_per_share": 17.21,
            "book_valuer_per_share_4q_avg": 17.63,
            "equity": 14111170,
            "current_ratio": 242.18,
            "debt_ratio": 48.78,
            "inventory_turnover_ratio": 1.58,
            "account_receivable_turnover_ratio": null,
            "reinvestment_rate": 76.79,
            "research_to_sale_ratio": null,
            "price_fair": 64.49,
            "eps_avg_yearly": 1.84,
            "eps_latest_yearly": 2.24,
            "eps_growth_yearly": 301.39
        },
        "20083": {
            "year_quarter": 20083,
            "year": 2008,
            "quarter": 3,
            "eps": 0.32,
            "eps_growth_year": -42.86,
            "eps_4q": 2.01,
            "eps_4q_growth_year": -16.06,
            "roe": 1.83,
            "roe_4q": 11.44,
            "gross_profit": 440023,
            "gross_margin": 6.2,
            "gross_margin_4q_avg": 7.59,
            "net_income": 262739,
            "net_income_4q": null,
            "revenue": 7097058,
            "revenue_4q": null,
            "common_shares": 8403798,
            "book_valuer_per_share": 17.03,
            "book_valuer_per_share_4q_avg": 17.51,
            "equity": 14563248,
            "current_ratio": 194.45,
            "debt_ratio": 48.65,
            "inventory_turnover_ratio": 1.15,
            "account_receivable_turnover_ratio": null,
            "reinvestment_rate": 83.62,
            "research_to_sale_ratio": null,
            "price_fair": 62.91,
            "eps_avg_yearly": 1.8,
            "eps_latest_yearly": 1.28,
            "eps_growth_yearly": 278.91
        },
        "20084": {
            "year_quarter": 20084,
            "year": 2008,
            "quarter": 4,
            "eps": -1.27,
            "eps_growth_year": -278.87,
            "eps_4q": 0.04,
            "eps_4q_growth_year": -98.5,
            "roe": -7.22,
            "roe_4q": 0.3200000000000003,
            "gross_profit": -2333783,
            "gross_margin": -44.92,
            "gross_margin_4q_avg": -6.44,
            "net_income": -1011323,
            "net_income_4q": null,
            "revenue": 5195893,
            "revenue_4q": null,
            "common_shares": 8403798,
            "book_valuer_per_share": 15.73,
            "book_valuer_per_share_4q_avg": 16.97,
            "equity": 13456567,
            "current_ratio": 175.3,
            "debt_ratio": 48.73,
            "inventory_turnover_ratio": 1.46,
            "account_receivable_turnover_ratio": 5.77,
            "reinvestment_rate": 48.45,
            "research_to_sale_ratio": null,
            "price_fair": 66.83,
            "eps_avg_yearly": 1.91,
            "eps_latest_yearly": 1.28,
            "eps_growth_yearly": 322.57
        },
        "20091": {
            "year_quarter": 20091,
            "year": 2009,
            "quarter": 1,
            "eps": 0.16,
            "eps_growth_year": -65.96,
            "eps_4q": -0.22,
            "eps_4q_growth_year": -109.01,
            "roe": 0.97,
            "roe_4q": -1.2199999999999998,
            "gross_profit": 489873,
            "gross_margin": 8.76,
            "gross_margin_4q_avg": -5.6,
            "net_income": 133809,
            "net_income_4q": null,
            "revenue": 5594568,
            "revenue_4q": null,
            "common_shares": 8403798,
            "book_valuer_per_share": 16.45,
            "book_valuer_per_share_4q_avg": 16.61,
            "equity": 14056889,
            "current_ratio": 183.7,
            "debt_ratio": 45.07,
            "inventory_turnover_ratio": 1.54,
            "account_receivable_turnover_ratio": 2.89,
            "reinvestment_rate": 117.74,
            "research_to_sale_ratio": null,
            "price_fair": 68,
            "eps_avg_yearly": 1.94,
            "eps_latest_yearly": 1.28,
            "eps_growth_yearly": 31.33
        },
        "20092": {
            "year_quarter": 20092,
            "year": 2009,
            "quarter": 2,
            "eps": 0.41,
            "eps_growth_year": -26.79,
            "eps_4q": -0.38,
            "eps_4q_growth_year": -117.13,
            "roe": 2.35,
            "roe_4q": -2.0699999999999994,
            "gross_profit": 662571,
            "gross_margin": 10.9,
            "gross_margin_4q_avg": -4.77,
            "net_income": 333494,
            "net_income_4q": null,
            "revenue": 6079043,
            "revenue_4q": null,
            "common_shares": 8403798,
            "book_valuer_per_share": 16.79,
            "book_valuer_per_share_4q_avg": 16.5,
            "equity": 14335467,
            "current_ratio": 223.37,
            "debt_ratio": 44.59,
            "inventory_turnover_ratio": 1.66,
            "account_receivable_turnover_ratio": 2.94,
            "reinvestment_rate": 113.36,
            "research_to_sale_ratio": null,
            "price_fair": 70.5,
            "eps_avg_yearly": 2.01,
            "eps_latest_yearly": 1.64,
            "eps_growth_yearly": 91.85
        },
        "20093": {
            "year_quarter": 20093,
            "year": 2009,
            "quarter": 3,
            "eps": 0.61,
            "eps_growth_year": 90.62,
            "eps_4q": -0.09,
            "eps_4q_growth_year": -104.28,
            "roe": 3.43,
            "roe_4q": -0.46999999999999975,
            "gross_profit": 660268,
            "gross_margin": 9.4,
            "gross_margin_4q_avg": -3.97,
            "net_income": 502590,
            "net_income_4q": null,
            "revenue": 7023574,
            "revenue_4q": null,
            "common_shares": 8443303,
            "book_valuer_per_share": 17.43,
            "book_valuer_per_share_4q_avg": 16.6,
            "equity": 14936168,
            "current_ratio": 209.36,
            "debt_ratio": 44.9,
            "inventory_turnover_ratio": 1.85,
            "account_receivable_turnover_ratio": 3.07,
            "reinvestment_rate": 105.52,
            "research_to_sale_ratio": null,
            "price_fair": 74.3,
            "eps_avg_yearly": 2.12,
            "eps_latest_yearly": 2.44,
            "eps_growth_yearly": 93.28
        },
        "20094": {
            "year_quarter": 20094,
            "year": 2009,
            "quarter": 4,
            "eps": 0.57,
            "eps_growth_year": null,
            "eps_4q": 1.71,
            "eps_4q_growth_year": 4511.63,
            "roe": 3.11,
            "roe_4q": 9.860000000000001,
            "gross_profit": 752462,
            "gross_margin": 10.43,
            "gross_margin_4q_avg": 9.87,
            "net_income": 469917,
            "net_income_4q": null,
            "revenue": 7217004,
            "revenue_4q": null,
            "common_shares": 8480363,
            "book_valuer_per_share": 18.2,
            "book_valuer_per_share_4q_avg": 17.22,
            "equity": 15325265,
            "current_ratio": 181.62,
            "debt_ratio": 47.94,
            "inventory_turnover_ratio": 1.59,
            "account_receivable_turnover_ratio": 5.4,
            "reinvestment_rate": 121.78,
            "research_to_sale_ratio": null,
            "price_fair": 78.2,
            "eps_avg_yearly": 2.23,
            "eps_latest_yearly": 2.28,
            "eps_growth_yearly": 97.62
        },
        "20101": {
            "year_quarter": 20101,
            "year": 2010,
            "quarter": 1,
            "eps": 0.88,
            "eps_growth_year": 450,
            "eps_4q": 2.15,
            "eps_4q_growth_year": null,
            "roe": 5,
            "roe_4q": 13.889999999999999,
            "gross_profit": 1203231,
            "gross_margin": 15.05,
            "gross_margin_4q_avg": 11.45,
            "net_income": 836432,
            "net_income_4q": null,
            "revenue": 7993520,
            "revenue_4q": null,
            "common_shares": 10030713,
            "book_valuer_per_share": 18.21,
            "book_valuer_per_share_4q_avg": 17.66,
            "equity": 18164214,
            "current_ratio": 198.52,
            "debt_ratio": 43.58,
            "inventory_turnover_ratio": 1.29,
            "account_receivable_turnover_ratio": 2.71,
            "reinvestment_rate": 181.17,
            "research_to_sale_ratio": null,
            "price_fair": 83.8,
            "eps_avg_yearly": 2.39,
            "eps_latest_yearly": 3.52,
            "eps_growth_yearly": 90.94
        },
        "20102": {
            "year_quarter": 20102,
            "year": 2010,
            "quarter": 2,
            "eps": 0.55,
            "eps_growth_year": 33.1,
            "eps_4q": 2.32,
            "eps_4q_growth_year": null,
            "roe": 3.18,
            "roe_4q": 14.719999999999999,
            "gross_profit": 932524,
            "gross_margin": 10.06,
            "gross_margin_4q_avg": 11.24,
            "net_income": 554825,
            "net_income_4q": null,
            "revenue": 9269499,
            "revenue_4q": null,
            "common_shares": 10086698,
            "book_valuer_per_share": 16.68,
            "book_valuer_per_share_4q_avg": 17.63,
            "equity": 16697951,
            "current_ratio": 165.27,
            "debt_ratio": 49.51,
            "inventory_turnover_ratio": 1.29,
            "account_receivable_turnover_ratio": 2.8,
            "reinvestment_rate": 171.07,
            "research_to_sale_ratio": null,
            "price_fair": 82.7,
            "eps_avg_yearly": 2.36,
            "eps_latest_yearly": 2.2,
            "eps_growth_yearly": 49.87
        },
        "20103": {
            "year_quarter": 20103,
            "year": 2010,
            "quarter": 3,
            "eps": 0.65,
            "eps_growth_year": 7.09,
            "eps_4q": 2.48,
            "eps_4q_growth_year": null,
            "roe": 3.83,
            "roe_4q": 15.12,
            "gross_profit": 822522,
            "gross_margin": 8.38,
            "gross_margin_4q_avg": 10.98,
            "net_income": 665668,
            "net_income_4q": null,
            "revenue": 9810846,
            "revenue_4q": null,
            "common_shares": 10293589,
            "book_valuer_per_share": 17.65,
            "book_valuer_per_share_4q_avg": 17.69,
            "equity": 18046743,
            "current_ratio": 164.09,
            "debt_ratio": 47.61,
            "inventory_turnover_ratio": 1.42,
            "account_receivable_turnover_ratio": 2.75,
            "reinvestment_rate": 181.64,
            "research_to_sale_ratio": null,
            "price_fair": 82.1,
            "eps_avg_yearly": 2.35,
            "eps_latest_yearly": 2.6,
            "eps_growth_yearly": 52.9
        },
        "20104": {
            "year_quarter": 20104,
            "year": 2010,
            "quarter": 4,
            "eps": 0.61,
            "eps_growth_year": 7.19,
            "eps_4q": 2.59,
            "eps_4q_growth_year": 51.37,
            "roe": 3.45,
            "roe_4q": 15.46,
            "gross_profit": 1005500,
            "gross_margin": 10.69,
            "gross_margin_4q_avg": 11.05,
            "net_income": 635101,
            "net_income_4q": null,
            "revenue": 9409841,
            "revenue_4q": null,
            "common_shares": 10311952,
            "book_valuer_per_share": 17.97,
            "book_valuer_per_share_4q_avg": 17.63,
            "equity": 18763266,
            "current_ratio": 161.71,
            "debt_ratio": 48.61,
            "inventory_turnover_ratio": 1.4,
            "account_receivable_turnover_ratio": 2.72,
            "reinvestment_rate": 104.43,
            "research_to_sale_ratio": null,
            "price_fair": 81.5,
            "eps_avg_yearly": 2.33,
            "eps_latest_yearly": 2.44,
            "eps_growth_yearly": 52.75
        },
        "20111": {
            "year_quarter": 20111,
            "year": 2011,
            "quarter": 1,
            "eps": 0.52,
            "eps_growth_year": -40.91,
            "eps_4q": 2.29,
            "eps_4q_growth_year": 6.72,
            "roe": 2.84,
            "roe_4q": 13.3,
            "gross_profit": 811379,
            "gross_margin": 8.3,
            "gross_margin_4q_avg": 9.36,
            "net_income": 538542,
            "net_income_4q": null,
            "revenue": 9774510,
            "revenue_4q": null,
            "common_shares": 10410702,
            "book_valuer_per_share": 18.29,
            "book_valuer_per_share_4q_avg": 17.65,
            "equity": 19174975,
            "current_ratio": 157.25,
            "debt_ratio": 50.04,
            "inventory_turnover_ratio": 1.31,
            "account_receivable_turnover_ratio": 2.9,
            "reinvestment_rate": 186.66,
            "research_to_sale_ratio": null,
            "price_fair": 81.1,
            "eps_avg_yearly": 2.32,
            "eps_latest_yearly": 2.08,
            "eps_growth_yearly": 53.22
        },
        "20112": {
            "year_quarter": 20112,
            "year": 2011,
            "quarter": 2,
            "eps": 0.22,
            "eps_growth_year": -59.88,
            "eps_4q": 1.96,
            "eps_4q_growth_year": -15.54,
            "roe": 1.26,
            "roe_4q": 11.379999999999999,
            "gross_profit": 485069,
            "gross_margin": 4.9,
            "gross_margin_4q_avg": 8.07,
            "net_income": 229905,
            "net_income_4q": null,
            "revenue": 9895824,
            "revenue_4q": null,
            "common_shares": 10452667,
            "book_valuer_per_share": 16.38,
            "book_valuer_per_share_4q_avg": 17.57,
            "equity": 17313931,
            "current_ratio": 137.83,
            "debt_ratio": 54.75,
            "inventory_turnover_ratio": 1.34,
            "account_receivable_turnover_ratio": 2.96,
            "reinvestment_rate": 203.58,
            "research_to_sale_ratio": null,
            "price_fair": 76.4,
            "eps_avg_yearly": 2.18,
            "eps_latest_yearly": 0.88,
            "eps_growth_yearly": 30.11
        },
        "20113": {
            "year_quarter": 20113,
            "year": 2011,
            "quarter": 3,
            "eps": 0.32,
            "eps_growth_year": -51.36,
            "eps_4q": 1.65,
            "eps_4q_growth_year": -33.6,
            "roe": 1.92,
            "roe_4q": 9.469999999999999,
            "gross_profit": 367349,
            "gross_margin": 3.59,
            "gross_margin_4q_avg": 6.87,
            "net_income": 337140,
            "net_income_4q": null,
            "revenue": 10219039,
            "revenue_4q": null,
            "common_shares": 10536208,
            "book_valuer_per_share": 16.84,
            "book_valuer_per_share_4q_avg": 17.37,
            "equity": 17874693,
            "current_ratio": 134.14,
            "debt_ratio": 52.27,
            "inventory_turnover_ratio": 1.44,
            "account_receivable_turnover_ratio": 3.18,
            "reinvestment_rate": 210.14,
            "research_to_sale_ratio": null,
            "price_fair": 74,
            "eps_avg_yearly": 2.11,
            "eps_latest_yearly": 1.28,
            "eps_growth_yearly": 48.48
        },
        "20114": {
            "year_quarter": 20114,
            "year": 2011,
            "quarter": 4,
            "eps": -0.05,
            "eps_growth_year": -108.26,
            "eps_4q": 1,
            "eps_4q_growth_year": -61.39,
            "roe": -0.31,
            "roe_4q": 5.71,
            "gross_profit": 129515,
            "gross_margin": 1.22,
            "gross_margin_4q_avg": 4.5,
            "net_income": -54064,
            "net_income_4q": null,
            "revenue": 10582650,
            "revenue_4q": null,
            "common_shares": 10579138,
            "book_valuer_per_share": 16.49,
            "book_valuer_per_share_4q_avg": 17,
            "equity": 17441709,
            "current_ratio": 128.87,
            "debt_ratio": 55.17,
            "inventory_turnover_ratio": 1.53,
            "account_receivable_turnover_ratio": 3.29,
            "reinvestment_rate": 159.08,
            "research_to_sale_ratio": null,
            "price_fair": 72.05,
            "eps_avg_yearly": 2.06,
            "eps_latest_yearly": 1.28,
            "eps_growth_yearly": 43.96
        },
        "20121": {
            "year_quarter": 20121,
            "year": 2012,
            "quarter": 1,
            "eps": 0.41,
            "eps_growth_year": -21.15,
            "eps_4q": 0.89,
            "eps_4q_growth_year": -61.06,
            "roe": 2.42,
            "roe_4q": 5.289999999999999,
            "gross_profit": 911315,
            "gross_margin": 7.68,
            "gross_margin_4q_avg": 4.35,
            "net_income": 432067,
            "net_income_4q": null,
            "revenue": 11863587,
            "revenue_4q": null,
            "common_shares": 10607481,
            "book_valuer_per_share": 17.14,
            "book_valuer_per_share_4q_avg": 16.71,
            "equity": 18264525,
            "current_ratio": 141.66,
            "debt_ratio": 56.26,
            "inventory_turnover_ratio": 1.61,
            "account_receivable_turnover_ratio": 3.49,
            "reinvestment_rate": 159.51,
            "research_to_sale_ratio": null,
            "price_fair": 72.57,
            "eps_avg_yearly": 2.07,
            "eps_latest_yearly": 1.28,
            "eps_growth_yearly": 58.9
        },
        "20122": {
            "year_quarter": 20122,
            "year": 2012,
            "quarter": 2,
            "eps": 0.02,
            "eps_growth_year": -89.84,
            "eps_4q": 0.66,
            "eps_4q_growth_year": -66.21,
            "roe": 0.13,
            "roe_4q": 4.16,
            "gross_profit": 409803,
            "gross_margin": 3.29,
            "gross_margin_4q_avg": 3.95,
            "net_income": 22697,
            "net_income_4q": null,
            "revenue": 12444954,
            "revenue_4q": null,
            "common_shares": 10694366,
            "book_valuer_per_share": 16.28,
            "book_valuer_per_share_4q_avg": 16.69,
            "equity": 17391864,
            "current_ratio": 146.22,
            "debt_ratio": 58.93,
            "inventory_turnover_ratio": 1.77,
            "account_receivable_turnover_ratio": 3.66,
            "reinvestment_rate": 162.79,
            "research_to_sale_ratio": null,
            "price_fair": 58.32,
            "eps_avg_yearly": 1.89,
            "eps_latest_yearly": 0.08,
            "eps_growth_yearly": 20.81
        },
        "20123": {
            "year_quarter": 20123,
            "year": 2012,
            "quarter": 3,
            "eps": 0.59,
            "eps_growth_year": 84.67,
            "eps_4q": 0.95,
            "eps_4q_growth_year": -42.36,
            "roe": 3.69,
            "roe_4q": 5.930000000000001,
            "gross_profit": 1095001,
            "gross_margin": 8.27,
            "gross_margin_4q_avg": 5.12,
            "net_income": 655759,
            "net_income_4q": null,
            "revenue": 13245744,
            "revenue_4q": null,
            "common_shares": 11251261,
            "book_valuer_per_share": 16.14,
            "book_valuer_per_share_4q_avg": 16.51,
            "equity": 18122998,
            "current_ratio": 146.58,
            "debt_ratio": 56.76,
            "inventory_turnover_ratio": 1.91,
            "account_receivable_turnover_ratio": 4.01,
            "reinvestment_rate": 153.83,
            "research_to_sale_ratio": null,
            "price_fair": 69.42,
            "eps_avg_yearly": 1.98,
            "eps_latest_yearly": 2.36,
            "eps_growth_yearly": 985.09
        },
        "20124": {
            "year_quarter": 20124,
            "year": 2012,
            "quarter": 4,
            "eps": 0.08,
            "eps_growth_year": null,
            "eps_4q": 1.08,
            "eps_4q_growth_year": 7.82,
            "roe": 0.49,
            "roe_4q": 6.7299999999999995,
            "gross_profit": 447882,
            "gross_margin": 3.74,
            "gross_margin_4q_avg": 5.75,
            "net_income": 89318,
            "net_income_4q": null,
            "revenue": 11982737,
            "revenue_4q": null,
            "common_shares": 11265156,
            "book_valuer_per_share": 16.03,
            "book_valuer_per_share_4q_avg": 16.4,
            "equity": 18043618,
            "current_ratio": 143.93,
            "debt_ratio": 57.36,
            "inventory_turnover_ratio": 1.66,
            "account_receivable_turnover_ratio": 3.5,
            "reinvestment_rate": 118.69,
            "research_to_sale_ratio": null,
            "price_fair": 64.94,
            "eps_avg_yearly": 1.86,
            "eps_latest_yearly": 0.32,
            "eps_growth_yearly": 882.72
        },
        "20131": {
            "year_quarter": 20131,
            "year": 2013,
            "quarter": 1,
            "eps": 0.15,
            "eps_growth_year": -63.41,
            "eps_4q": 0.84,
            "eps_4q_growth_year": -5.59,
            "roe": 0.92,
            "roe_4q": 5.2299999999999995,
            "gross_profit": 378163,
            "gross_margin": 3.32,
            "gross_margin_4q_avg": 4.66,
            "net_income": 169177,
            "net_income_4q": null,
            "revenue": 11397746,
            "revenue_4q": null,
            "common_shares": 11293284,
            "book_valuer_per_share": 16.47,
            "book_valuer_per_share_4q_avg": 16.23,
            "equity": 18557151,
            "current_ratio": 141.13,
            "debt_ratio": 58.1,
            "inventory_turnover_ratio": 1.26,
            "account_receivable_turnover_ratio": 3.39,
            "reinvestment_rate": 119.35,
            "research_to_sale_ratio": null,
            "price_fair": 61.8,
            "eps_avg_yearly": 1.77,
            "eps_latest_yearly": 0.6,
            "eps_growth_yearly": 844.67
        },
        "20132": {
            "year_quarter": 20132,
            "year": 2013,
            "quarter": 2,
            "eps": -0.01,
            "eps_growth_year": -144.96,
            "eps_4q": 0.79,
            "eps_4q_growth_year": 19.35,
            "roe": -0.09,
            "roe_4q": 5.01,
            "gross_profit": 113979,
            "gross_margin": 0.82,
            "gross_margin_4q_avg": 4.04,
            "net_income": -15746,
            "net_income_4q": null,
            "revenue": 13826709,
            "revenue_4q": null,
            "common_shares": 11310066,
            "book_valuer_per_share": 15.94,
            "book_valuer_per_share_4q_avg": 16.15,
            "equity": 17982918,
            "current_ratio": 130.31,
            "debt_ratio": 60.27,
            "inventory_turnover_ratio": 1.62,
            "account_receivable_turnover_ratio": 3.71,
            "reinvestment_rate": 131.2,
            "research_to_sale_ratio": null,
            "price_fair": 62.14,
            "eps_avg_yearly": 1.78,
            "eps_latest_yearly": 0.6,
            "eps_growth_yearly": 861.56
        },
        "20133": {
            "year_quarter": 20133,
            "year": 2013,
            "quarter": 3,
            "eps": 0.26,
            "eps_growth_year": -55.69,
            "eps_4q": 0.48,
            "eps_4q_growth_year": -49.31,
            "roe": 1.66,
            "roe_4q": 2.9799999999999995,
            "gross_profit": 509099,
            "gross_margin": 3.96,
            "gross_margin_4q_avg": 2.96,
            "net_income": 300451,
            "net_income_4q": null,
            "revenue": 12871720,
            "revenue_4q": null,
            "common_shares": 11545986,
            "book_valuer_per_share": 15.89,
            "book_valuer_per_share_4q_avg": 16.08,
            "equity": 18300407,
            "current_ratio": 142.73,
            "debt_ratio": 58.34,
            "inventory_turnover_ratio": 1.74,
            "account_receivable_turnover_ratio": 3.24,
            "reinvestment_rate": 136.64,
            "research_to_sale_ratio": null,
            "price_fair": 60.2,
            "eps_avg_yearly": 1.72,
            "eps_latest_yearly": 0.6,
            "eps_growth_yearly": 917.1
        },
        "20134": {
            "year_quarter": 20134,
            "year": 2013,
            "quarter": 4,
            "eps": 0.12,
            "eps_growth_year": 44.82,
            "eps_4q": 0.52,
            "eps_4q_growth_year": -51.76,
            "roe": 0.75,
            "roe_4q": 3.24,
            "gross_profit": 448899,
            "gross_margin": 3.32,
            "gross_margin_4q_avg": 2.86,
            "net_income": 139146,
            "net_income_4q": null,
            "revenue": 13502931,
            "revenue_4q": null,
            "common_shares": 11555853,
            "book_valuer_per_share": 16.47,
            "book_valuer_per_share_4q_avg": 16.19,
            "equity": 18997521,
            "current_ratio": 143.57,
            "debt_ratio": 57.8,
            "inventory_turnover_ratio": 1.99,
            "account_receivable_turnover_ratio": 3.38,
            "reinvestment_rate": 59.65,
            "research_to_sale_ratio": null,
            "price_fair": 54.95,
            "eps_avg_yearly": 1.57,
            "eps_latest_yearly": 0.48,
            "eps_growth_yearly": 901.34
        },
        "20141": {
            "year_quarter": 20141,
            "year": 2014,
            "quarter": 1,
            "eps": -0.14,
            "eps_growth_year": -193.33,
            "eps_4q": 0.23,
            "eps_4q_growth_year": -72.68,
            "roe": -0.85,
            "roe_4q": 1.47,
            "gross_profit": 310166,
            "gross_margin": 2.36,
            "gross_margin_4q_avg": 2.62,
            "net_income": -161670,
            "net_income_4q": null,
            "revenue": 13147837,
            "revenue_4q": null,
            "common_shares": 11570991,
            "book_valuer_per_share": 16.4,
            "book_valuer_per_share_4q_avg": 16.18,
            "equity": 18878706,
            "current_ratio": 146.22,
            "debt_ratio": 59.88,
            "inventory_turnover_ratio": 1.87,
            "account_receivable_turnover_ratio": 2.9,
            "reinvestment_rate": 69.41,
            "research_to_sale_ratio": null,
            "price_fair": 48.75,
            "eps_avg_yearly": 1.39,
            "eps_latest_yearly": 0.48,
            "eps_growth_yearly": 963.5
        },
        "20142": {
            "year_quarter": 20142,
            "year": 2014,
            "quarter": 2,
            "eps": 0.04,
            "eps_growth_year": null,
            "eps_4q": 0.28,
            "eps_4q_growth_year": -64.03,
            "roe": 0.26,
            "roe_4q": 1.8199999999999998,
            "gross_profit": 549242,
            "gross_margin": 3.89,
            "gross_margin_4q_avg": 3.38,
            "net_income": 49032,
            "net_income_4q": null,
            "revenue": 14132763,
            "revenue_4q": null,
            "common_shares": 11582936,
            "book_valuer_per_share": 15.81,
            "book_valuer_per_share_4q_avg": 16.14,
            "equity": 18240876,
            "current_ratio": 137.87,
            "debt_ratio": 58.14,
            "inventory_turnover_ratio": 1.96,
            "account_receivable_turnover_ratio": 3.01,
            "reinvestment_rate": 84.14,
            "research_to_sale_ratio": null,
            "price_fair": 45.92,
            "eps_avg_yearly": 1.31,
            "eps_latest_yearly": 0.48,
            "eps_growth_yearly": 1074.85
        },
        "20143": {
            "year_quarter": 20143,
            "year": 2014,
            "quarter": 3,
            "eps": 0.14,
            "eps_growth_year": -46.15,
            "eps_4q": 0.17,
            "eps_4q_growth_year": -65.39,
            "roe": 0.9,
            "roe_4q": 1.06,
            "gross_profit": 394048,
            "gross_margin": 3.07,
            "gross_margin_4q_avg": 3.16,
            "net_income": 165505,
            "net_income_4q": null,
            "revenue": 12831273,
            "revenue_4q": null,
            "common_shares": 11609818,
            "book_valuer_per_share": 15.86,
            "book_valuer_per_share_4q_avg": 16.14,
            "equity": 18364465,
            "current_ratio": 147.3,
            "debt_ratio": 57.34,
            "inventory_turnover_ratio": 1.91,
            "account_receivable_turnover_ratio": 3.11,
            "reinvestment_rate": 67.98,
            "research_to_sale_ratio": null,
            "price_fair": 38.78,
            "eps_avg_yearly": 1.11,
            "eps_latest_yearly": 0.56,
            "eps_growth_yearly": 1167.58
        },
        "20144": {
            "year_quarter": 20144,
            "year": 2014,
            "quarter": 4,
            "eps": -0.26,
            "eps_growth_year": -312.41,
            "eps_4q": -0.21,
            "eps_4q_growth_year": -140.52,
            "roe": -1.6,
            "roe_4q": -1.29,
            "gross_profit": 82362,
            "gross_margin": 0.63,
            "gross_margin_4q_avg": 2.49,
            "net_income": -296769,
            "net_income_4q": null,
            "revenue": 13170225,
            "revenue_4q": null,
            "common_shares": 11577843,
            "book_valuer_per_share": 16.3,
            "book_valuer_per_share_4q_avg": 16.09,
            "equity": 18827249,
            "current_ratio": 157.54,
            "debt_ratio": 56.75,
            "inventory_turnover_ratio": 2.15,
            "account_receivable_turnover_ratio": 3.75,
            "reinvestment_rate": 89.24,
            "research_to_sale_ratio": null,
            "price_fair": 33.6,
            "eps_avg_yearly": 0.96,
            "eps_latest_yearly": 0.56,
            "eps_growth_yearly": 1300.04
        },
        "20151": {
            "year_quarter": 20151,
            "year": 2015,
            "quarter": 1,
            "eps": 0.08,
            "eps_growth_year": null,
            "eps_4q": 0,
            "eps_4q_growth_year": -98.03,
            "roe": 0.47,
            "roe_4q": 0.029999999999999916,
            "gross_profit": 526019,
            "gross_margin": 4.81,
            "gross_margin_4q_avg": 3.1,
            "net_income": 87486,
            "net_income_4q": null,
            "revenue": 10934995,
            "revenue_4q": null,
            "common_shares": 11601226,
            "book_valuer_per_share": 16.17,
            "book_valuer_per_share_4q_avg": 16.04,
            "equity": 18710714,
            "current_ratio": 152.62,
            "debt_ratio": 55.91,
            "inventory_turnover_ratio": 1.8,
            "account_receivable_turnover_ratio": 3.39,
            "reinvestment_rate": 97.06,
            "research_to_sale_ratio": null,
            "price_fair": 28.7,
            "eps_avg_yearly": 0.82,
            "eps_latest_yearly": 0.56,
            "eps_growth_yearly": 1469.93
        },
        "20152": {
            "year_quarter": 20152,
            "year": 2015,
            "quarter": 2,
            "eps": 0.41,
            "eps_growth_year": 925,
            "eps_4q": 0.37,
            "eps_4q_growth_year": 30.38,
            "roe": 2.5,
            "roe_4q": 2.2699999999999996,
            "gross_profit": 680771,
            "gross_margin": 5.77,
            "gross_margin_4q_avg": 3.57,
            "net_income": 474365,
            "net_income_4q": null,
            "revenue": 11788473,
            "revenue_4q": null,
            "common_shares": 11712366,
            "book_valuer_per_share": 16.62,
            "book_valuer_per_share_4q_avg": 16.24,
            "equity": 19280130,
            "current_ratio": 151.84,
            "debt_ratio": 56.62,
            "inventory_turnover_ratio": 1.91,
            "account_receivable_turnover_ratio": 3.72,
            "reinvestment_rate": 105.24,
            "research_to_sale_ratio": null,
            "price_fair": 32.03,
            "eps_avg_yearly": 0.92,
            "eps_latest_yearly": 1.64,
            "eps_growth_yearly": 1705.02
        },
        "20153": {
            "year_quarter": 20153,
            "year": 2015,
            "quarter": 3,
            "eps": -0.21,
            "eps_growth_year": -250,
            "eps_4q": 0.02,
            "eps_4q_growth_year": -89.87,
            "roe": -1.3,
            "roe_4q": 0.06999999999999984,
            "gross_profit": 172145,
            "gross_margin": 1.6,
            "gross_margin_4q_avg": 3.2,
            "net_income": -245639,
            "net_income_4q": null,
            "revenue": 10743426,
            "revenue_4q": null,
            "common_shares": 11712366,
            "book_valuer_per_share": 16.11,
            "book_valuer_per_share_4q_avg": 16.3,
            "equity": 18573851,
            "current_ratio": 144.12,
            "debt_ratio": 56.37,
            "inventory_turnover_ratio": 1.86,
            "account_receivable_turnover_ratio": 3.43,
            "reinvestment_rate": 93.14,
            "research_to_sale_ratio": null,
            "price_fair": 30.2,
            "eps_avg_yearly": 0.86,
            "eps_latest_yearly": 1.64,
            "eps_growth_yearly": 1922.62
        },
        "20154": {
            "year_quarter": 20154,
            "year": 2015,
            "quarter": 4,
            "eps": -0.43,
            "eps_growth_year": null,
            "eps_4q": -0.15,
            "eps_4q_growth_year": null,
            "roe": -2.67,
            "roe_4q": -0.9999999999999998,
            "gross_profit": 57445,
            "gross_margin": 0.56,
            "gross_margin_4q_avg": 3.19,
            "net_income": -488684,
            "net_income_4q": null,
            "revenue": 10181070,
            "revenue_4q": null,
            "common_shares": 11712366,
            "book_valuer_per_share": 15.67,
            "book_valuer_per_share_4q_avg": 16.14,
            "equity": 17998206,
            "current_ratio": 180.5,
            "debt_ratio": 51.31,
            "inventory_turnover_ratio": 2.13,
            "account_receivable_turnover_ratio": 3.63,
            "reinvestment_rate": 137.63,
            "research_to_sale_ratio": null,
            "price_fair": 30.2,
            "eps_avg_yearly": 0.86,
            "eps_latest_yearly": 1.64,
            "eps_growth_yearly": 1922.62
        },
        "20161": {
            "year_quarter": 20161,
            "year": 2016,
            "quarter": 1,
            "eps": 0.03,
            "eps_growth_year": -62.5,
            "eps_4q": -0.2,
            "eps_4q_growth_year": -4489.21,
            "roe": 0.18,
            "roe_4q": -1.29,
            "gross_profit": 515215,
            "gross_margin": 5.68,
            "gross_margin_4q_avg": 3.4,
            "net_income": 32178,
            "net_income_4q": null,
            "revenue": 9067638,
            "revenue_4q": null,
            "common_shares": 11712366,
            "book_valuer_per_share": 15.67,
            "book_valuer_per_share_4q_avg": 16.02,
            "equity": 17912446,
            "current_ratio": 183.81,
            "debt_ratio": 51.12,
            "inventory_turnover_ratio": 1.9,
            "account_receivable_turnover_ratio": 3.76,
            "reinvestment_rate": 194.89,
            "research_to_sale_ratio": null,
            "price_fair": 30.2,
            "eps_avg_yearly": 0.86,
            "eps_latest_yearly": 1.64,
            "eps_growth_yearly": 1922.62
        },
        "20162": {
            "year_quarter": 20162,
            "year": 2016,
            "quarter": 2,
            "eps": 0.27,
            "eps_growth_year": -34.15,
            "eps_4q": -0.35,
            "eps_4q_growth_year": -194.58,
            "roe": 1.72,
            "roe_4q": -2.0700000000000003,
            "gross_profit": 539672,
            "gross_margin": 5.28,
            "gross_margin_4q_avg": 3.28,
            "net_income": 304042,
            "net_income_4q": null,
            "revenue": 10219975,
            "revenue_4q": null,
            "common_shares": 11712366,
            "book_valuer_per_share": 15.38,
            "book_valuer_per_share_4q_avg": 15.71,
            "equity": 17445192,
            "current_ratio": 202.81,
            "debt_ratio": 49.87,
            "inventory_turnover_ratio": 1.91,
            "account_receivable_turnover_ratio": 4.16,
            "reinvestment_rate": 192.23,
            "research_to_sale_ratio": null,
            "price_fair": 35.2,
            "eps_avg_yearly": 1.01,
            "eps_latest_yearly": 1.08,
            "eps_growth_yearly": 2434.12
        },
        "20163": {
            "year_quarter": 20163,
            "year": 2016,
            "quarter": 3,
            "eps": 0.23,
            "eps_growth_year": null,
            "eps_4q": 0.09,
            "eps_4q_growth_year": 456.85,
            "roe": 1.46,
            "roe_4q": 0.69,
            "gross_profit": 512589,
            "gross_margin": 5.18,
            "gross_margin_4q_avg": 4.18,
            "net_income": 258856,
            "net_income_4q": null,
            "revenue": 9898323,
            "revenue_4q": null,
            "common_shares": 11712366,
            "book_valuer_per_share": 15.8,
            "book_valuer_per_share_4q_avg": 15.63,
            "equity": 17901262,
            "current_ratio": 175.29,
            "debt_ratio": 50.54,
            "inventory_turnover_ratio": 1.78,
            "account_receivable_turnover_ratio": 3.97,
            "reinvestment_rate": 309.03,
            "research_to_sale_ratio": null,
            "price_fair": 28,
            "eps_avg_yearly": 0.8,
            "eps_latest_yearly": 0.92,
            "eps_growth_yearly": 797.08
        },
        "20164": {
            "year_quarter": 20164,
            "year": 2016,
            "quarter": 4,
            "eps": 0.44,
            "eps_growth_year": null,
            "eps_4q": 0.96,
            "eps_4q_growth_year": null,
            "roe": 2.72,
            "roe_4q": 6.079999999999999,
            "gross_profit": 1425510,
            "gross_margin": 10.79,
            "gross_margin_4q_avg": 6.73,
            "net_income": 493737,
            "net_income_4q": null,
            "revenue": 13206076,
            "revenue_4q": null,
            "common_shares": 11712366,
            "book_valuer_per_share": 16.25,
            "book_valuer_per_share_4q_avg": 15.78,
            "equity": 18408454,
            "current_ratio": 172.23,
            "debt_ratio": 49.42,
            "inventory_turnover_ratio": 2.19,
            "account_receivable_turnover_ratio": 4.71,
            "reinvestment_rate": 298.93,
            "research_to_sale_ratio": null,
            "price_fair": 35.2,
            "eps_avg_yearly": 1.01,
            "eps_latest_yearly": 1.76,
            "eps_growth_yearly": 898.65
        },
        "20171": {
            "year_quarter": 20171,
            "year": 2017,
            "quarter": 1,
            "eps": 0.27,
            "eps_growth_year": 800,
            "eps_4q": 1.2,
            "eps_4q_growth_year": null,
            "roe": 1.67,
            "roe_4q": 7.57,
            "gross_profit": 866564,
            "gross_margin": 8.17,
            "gross_margin_4q_avg": 7.36,
            "net_income": 306200,
            "net_income_4q": null,
            "revenue": 10609577,
            "revenue_4q": null,
            "common_shares": 11712366,
            "book_valuer_per_share": 16.09,
            "book_valuer_per_share_4q_avg": 15.88,
            "equity": 18221946,
            "current_ratio": 148.12,
            "debt_ratio": 51.86,
            "inventory_turnover_ratio": 1.54,
            "account_receivable_turnover_ratio": 3.29,
            "reinvestment_rate": 255.63,
            "research_to_sale_ratio": null,
            "price_fair": 37.6,
            "eps_avg_yearly": 1.07,
            "eps_latest_yearly": 1.08,
            "eps_growth_yearly": 826.58
        },
        "20172": {
            "year_quarter": 20172,
            "year": 2017,
            "quarter": 2,
            "eps": 0.21,
            "eps_growth_year": -22.22,
            "eps_4q": 1.12,
            "eps_4q_growth_year": null,
            "roe": 1.3,
            "roe_4q": 7.1499999999999995,
            "gross_profit": 616853,
            "gross_margin": 4.95,
            "gross_margin_4q_avg": 7.27,
            "net_income": 239309,
            "net_income_4q": null,
            "revenue": 12471900,
            "revenue_4q": null,
            "common_shares": 11712366,
            "book_valuer_per_share": 16.51,
            "book_valuer_per_share_4q_avg": 16.16,
            "equity": 18708207,
            "current_ratio": 143.19,
            "debt_ratio": 52.16,
            "inventory_turnover_ratio": 1.78,
            "account_receivable_turnover_ratio": 3.9,
            "reinvestment_rate": 285.79,
            "research_to_sale_ratio": null,
            "price_fair": 36.58,
            "eps_avg_yearly": 1.05,
            "eps_latest_yearly": 0.84,
            "eps_growth_yearly": 712.14
        },
        "20173": {
            "year_quarter": 20173,
            "year": 2017,
            "quarter": 3,
            "eps": 1.1,
            "eps_growth_year": 378.26,
            "eps_4q": 2,
            "eps_4q_growth_year": 2024.91,
            "roe": 6.59,
            "roe_4q": 12.28,
            "gross_profit": 1278402,
            "gross_margin": 9.77,
            "gross_margin_4q_avg": 8.42,
            "net_income": 1278014,
            "net_income_4q": null,
            "revenue": 13081871,
            "revenue_4q": null,
            "common_shares": 11995571,
            "book_valuer_per_share": 17.31,
            "book_valuer_per_share_4q_avg": 16.54,
            "equity": 20104705,
            "current_ratio": 135.65,
            "debt_ratio": 52.55,
            "inventory_turnover_ratio": 1.81,
            "account_receivable_turnover_ratio": 4.23,
            "reinvestment_rate": 217.23,
            "research_to_sale_ratio": null,
            "price_fair": 49.62,
            "eps_avg_yearly": 1.42,
            "eps_latest_yearly": 4.4,
            "eps_growth_yearly": 821.38
        },
        "20174": {
            "year_quarter": 20174,
            "year": 2017,
            "quarter": 4,
            "eps": 0.44,
            "eps_growth_year": 2.07,
            "eps_4q": 2.01,
            "eps_4q_growth_year": 108.95,
            "roe": 2.51,
            "roe_4q": 12.07,
            "gross_profit": 1098532,
            "gross_margin": 7.61,
            "gross_margin_4q_avg": 7.63,
            "net_income": 518890,
            "net_income_4q": null,
            "revenue": 14436777,
            "revenue_4q": null,
            "common_shares": 11995571,
            "book_valuer_per_share": 18.23,
            "book_valuer_per_share_4q_avg": 17.04,
            "equity": 21263906,
            "current_ratio": 136.66,
            "debt_ratio": 52.76,
            "inventory_turnover_ratio": 1.81,
            "account_receivable_turnover_ratio": 4.4,
            "reinvestment_rate": 203.79,
            "research_to_sale_ratio": null,
            "price_fair": 54.6,
            "eps_avg_yearly": 1.56,
            "eps_latest_yearly": 1.76,
            "eps_growth_yearly": 818.64
        },
        "20181": {
            "year_quarter": 20181,
            "year": 2018,
            "quarter": 1,
            "eps": 0.37,
            "eps_growth_year": 37.04,
            "eps_4q": 2.09,
            "eps_4q_growth_year": 73.89,
            "roe": 1.98,
            "roe_4q": 12.38,
            "gross_profit": 1019444,
            "gross_margin": 7.51,
            "gross_margin_4q_avg": 7.46,
            "net_income": 431359,
            "net_income_4q": null,
            "revenue": 13569504,
            "revenue_4q": null,
            "common_shares": 11995571,
            "book_valuer_per_share": 18.94,
            "book_valuer_per_share_4q_avg": 17.75,
            "equity": 22342342,
            "current_ratio": 141.1,
            "debt_ratio": 52.99,
            "inventory_turnover_ratio": 1.47,
            "account_receivable_turnover_ratio": 3.84,
            "reinvestment_rate": 28.65,
            "research_to_sale_ratio": null,
            "price_fair": 54.32,
            "eps_avg_yearly": 1.55,
            "eps_latest_yearly": 1.48,
            "eps_growth_yearly": 730.41
        },
        "20182": {
            "year_quarter": 20182,
            "year": 2018,
            "quarter": 2,
            "eps": 0.12,
            "eps_growth_year": -42.86,
            "eps_4q": 1.87,
            "eps_4q_growth_year": 66.92,
            "roe": 0.68,
            "roe_4q": 11.76,
            "gross_profit": 1020144,
            "gross_margin": 6.19,
            "gross_margin_4q_avg": 7.77,
            "net_income": 149036,
            "net_income_4q": null,
            "revenue": 16474946,
            "revenue_4q": null,
            "common_shares": 11995571,
            "book_valuer_per_share": 18.01,
            "book_valuer_per_share_4q_avg": 18.12,
            "equity": 21246831,
            "current_ratio": 130.43,
            "debt_ratio": 54.73,
            "inventory_turnover_ratio": 1.78,
            "account_receivable_turnover_ratio": 4.48,
            "reinvestment_rate": 48.03,
            "research_to_sale_ratio": null,
            "price_fair": 50.91,
            "eps_avg_yearly": 1.45,
            "eps_latest_yearly": 0.48,
            "eps_growth_yearly": 639.44
        },
        "20183": {
            "year_quarter": 20183,
            "year": 2018,
            "quarter": 3,
            "eps": 0.23,
            "eps_growth_year": -79.09,
            "eps_4q": 1.09,
            "eps_4q_growth_year": -45.39,
            "roe": 1.38,
            "roe_4q": 6.55,
            "gross_profit": 728187,
            "gross_margin": 5.21,
            "gross_margin_4q_avg": 6.63,
            "net_income": 289193,
            "net_income_4q": null,
            "revenue": 13985352,
            "revenue_4q": null,
            "common_shares": 12939216,
            "book_valuer_per_share": 16.34,
            "book_valuer_per_share_4q_avg": 17.88,
            "equity": 20817794,
            "current_ratio": 134.45,
            "debt_ratio": 56.79,
            "inventory_turnover_ratio": 1.49,
            "account_receivable_turnover_ratio": 4.05,
            "reinvestment_rate": 41.34,
            "research_to_sale_ratio": null,
            "price_fair": 52.05,
            "eps_avg_yearly": 1.49,
            "eps_latest_yearly": 0.92,
            "eps_growth_yearly": 581.87
        },
        "20184": {
            "year_quarter": 20184,
            "year": 2018,
            "quarter": 4,
            "eps": -0.09,
            "eps_growth_year": -120.46,
            "eps_4q": 0.59,
            "eps_4q_growth_year": -70.54,
            "roe": -0.57,
            "roe_4q": 3.4699999999999998,
            "gross_profit": 337090,
            "gross_margin": 1.96,
            "gross_margin_4q_avg": 5.22,
            "net_income": -115978,
            "net_income_4q": null,
            "revenue": 17228696,
            "revenue_4q": null,
            "common_shares": 12939216,
            "book_valuer_per_share": 15.52,
            "book_valuer_per_share_4q_avg": 17.2,
            "equity": 19774063,
            "current_ratio": 196.25,
            "debt_ratio": 56.8,
            "inventory_turnover_ratio": 1.84,
            "account_receivable_turnover_ratio": 4.79,
            "reinvestment_rate": 36.41,
            "research_to_sale_ratio": null,
            "price_fair": 52.05,
            "eps_avg_yearly": 1.49,
            "eps_latest_yearly": 0.92,
            "eps_growth_yearly": 581.87
        },
        "20191": {
            "year_quarter": 20191,
            "year": 2019,
            "quarter": 1,
            "eps": -0.11,
            "eps_growth_year": -129.73,
            "eps_4q": 0.14,
            "eps_4q_growth_year": -93.26,
            "roe": -0.69,
            "roe_4q": 0.8000000000000002,
            "gross_profit": 242260,
            "gross_margin": 1.58,
            "gross_margin_4q_avg": 3.74,
            "net_income": -141314,
            "net_income_4q": null,
            "revenue": 15365591,
            "revenue_4q": null,
            "common_shares": 12938326,
            "book_valuer_per_share": 16.49,
            "book_valuer_per_share_4q_avg": 16.59,
            "equity": 21173684,
            "current_ratio": 190.71,
            "debt_ratio": 55.77,
            "inventory_turnover_ratio": 1.69,
            "account_receivable_turnover_ratio": 3.79,
            "reinvestment_rate": 51.06,
            "research_to_sale_ratio": null,
            "price_fair": 52.05,
            "eps_avg_yearly": 1.49,
            "eps_latest_yearly": 0.92,
            "eps_growth_yearly": 581.87
        },
        "20192": {
            "year_quarter": 20192,
            "year": 2019,
            "quarter": 2,
            "eps": -0.31,
            "eps_growth_year": -358.33,
            "eps_4q": -0.28,
            "eps_4q_growth_year": -114.74,
            "roe": -1.89,
            "roe_4q": -1.77,
            "gross_profit": 274350,
            "gross_margin": 1.72,
            "gross_margin_4q_avg": 2.62,
            "net_income": -395685,
            "net_income_4q": null,
            "revenue": 15934176,
            "revenue_4q": null,
            "common_shares": 12938326,
            "book_valuer_per_share": 16.17,
            "book_valuer_per_share_4q_avg": 16.13,
            "equity": 20756418,
            "current_ratio": 170.58,
            "debt_ratio": 55.89,
            "inventory_turnover_ratio": 1.77,
            "account_receivable_turnover_ratio": 4.21,
            "reinvestment_rate": 28.63,
            "research_to_sale_ratio": null,
            "price_fair": 51.52,
            "eps_avg_yearly": 1.47,
            "eps_latest_yearly": 0.92,
            "eps_growth_yearly": 475.05
        },
        "20193": {
            "year_quarter": 20193,
            "year": 2019,
            "quarter": 3,
            "eps": 0.36,
            "eps_growth_year": 56.52,
            "eps_4q": -0.13,
            "eps_4q_growth_year": -112.26,
            "roe": 2.3,
            "roe_4q": -0.85,
            "gross_profit": 884576,
            "gross_margin": 5.63,
            "gross_margin_4q_avg": 2.72,
            "net_income": 474921,
            "net_income_4q": null,
            "revenue": 15722674,
            "revenue_4q": null,
            "common_shares": 13323476,
            "book_valuer_per_share": 15.37,
            "book_valuer_per_share_4q_avg": 15.89,
            "equity": 20484657,
            "current_ratio": 163.16,
            "debt_ratio": 55.66,
            "inventory_turnover_ratio": 1.81,
            "account_receivable_turnover_ratio": 4.5,
            "reinvestment_rate": 29.81,
            "research_to_sale_ratio": null,
            "price_fair": 51.52,
            "eps_avg_yearly": 1.47,
            "eps_latest_yearly": 0.92,
            "eps_growth_yearly": 475.05
        },
        "20194": {
            "year_quarter": 20194,
            "year": 2019,
            "quarter": 4,
            "eps": -0.06,
            "eps_growth_year": null,
            "eps_4q": -0.11,
            "eps_4q_growth_year": -117.81,
            "roe": -0.38,
            "roe_4q": -0.6599999999999999,
            "gross_profit": 659868,
            "gross_margin": 4.2,
            "gross_margin_4q_avg": 3.28,
            "net_income": -78298,
            "net_income_4q": null,
            "revenue": 15692501,
            "revenue_4q": null,
            "common_shares": 13323476,
            "book_valuer_per_share": 15.44,
            "book_valuer_per_share_4q_avg": 15.87,
            "equity": 20571716,
            "current_ratio": 175.58,
            "debt_ratio": 54.44,
            "inventory_turnover_ratio": 2.04,
            "account_receivable_turnover_ratio": 4.36,
            "reinvestment_rate": 2.23,
            "research_to_sale_ratio": null,
            "price_fair": 51.52,
            "eps_avg_yearly": 1.47,
            "eps_latest_yearly": 0.92,
            "eps_growth_yearly": 475.05
        },
        "20201": {
            "year_quarter": 20201,
            "year": 2020,
            "quarter": 1,
            "eps": -0.63,
            "eps_growth_year": null,
            "eps_4q": -0.63,
            "eps_4q_growth_year": -548.46,
            "roe": -4.25,
            "roe_4q": -4.22,
            "gross_profit": -579337,
            "gross_margin": -6.51,
            "gross_margin_4q_avg": 1.26,
            "net_income": -843035,
            "net_income_4q": null,
            "revenue": 8905521,
            "revenue_4q": null,
            "common_shares": 13323476,
            "book_valuer_per_share": 14.32,
            "book_valuer_per_share_4q_avg": 15.33,
            "equity": 19083809,
            "current_ratio": 170.02,
            "debt_ratio": 54.9,
            "inventory_turnover_ratio": 1.41,
            "account_receivable_turnover_ratio": 2.61,
            "reinvestment_rate": -12.49,
            "research_to_sale_ratio": null,
            "price_fair": 51.52,
            "eps_avg_yearly": 1.47,
            "eps_latest_yearly": 0.92,
            "eps_growth_yearly": 475.05
        },
        "20202": {
            "year_quarter": 20202,
            "year": 2020,
            "quarter": 2,
            "eps": 0.47,
            "eps_growth_year": null,
            "eps_4q": 0.14,
            "eps_4q_growth_year": null,
            "roe": 3.21,
            "roe_4q": 0.8799999999999999,
            "gross_profit": 1406255,
            "gross_margin": 11.53,
            "gross_margin_4q_avg": 3.71,
            "net_income": 635593,
            "net_income_4q": null,
            "revenue": 12192568,
            "revenue_4q": null,
            "common_shares": 13323476,
            "book_valuer_per_share": 15.56,
            "book_valuer_per_share_4q_avg": 15.17,
            "equity": 20484192,
            "current_ratio": 181.76,
            "debt_ratio": 50.92,
            "inventory_turnover_ratio": 1.71,
            "account_receivable_turnover_ratio": 4.14,
            "reinvestment_rate": -31.73,
            "research_to_sale_ratio": null,
            "price_fair": 53.04,
            "eps_avg_yearly": 1.52,
            "eps_latest_yearly": 0.92,
            "eps_growth_yearly": 172.28
        },
        "20203": {
            "year_quarter": 20203,
            "year": 2020,
            "quarter": 3,
            "eps": 0.82,
            "eps_growth_year": 127.78,
            "eps_4q": 0.61,
            "eps_4q_growth_year": null,
            "roe": 4.99,
            "roe_4q": 3.5699999999999994,
            "gross_profit": 1543057,
            "gross_margin": 11.06,
            "gross_margin_4q_avg": 5.07,
            "net_income": 1071175,
            "net_income_4q": null,
            "revenue": 13953807,
            "revenue_4q": null,
            "common_shares": 13323476,
            "book_valuer_per_share": 17.37,
            "book_valuer_per_share_4q_avg": 15.67,
            "equity": 22445626,
            "current_ratio": 217.55,
            "debt_ratio": 48.52,
            "inventory_turnover_ratio": 2.1,
            "account_receivable_turnover_ratio": 4.73,
            "reinvestment_rate": -41.56,
            "research_to_sale_ratio": null,
            "price_fair": 62.22,
            "eps_avg_yearly": 1.78,
            "eps_latest_yearly": 3.28,
            "eps_growth_yearly": 211.96
        },
        "20204": {
            "year_quarter": 20204,
            "year": 2020,
            "quarter": 4,
            "eps": 0.98,
            "eps_growth_year": null,
            "eps_4q": 1.65,
            "eps_4q_growth_year": null,
            "roe": 5.36,
            "roe_4q": 9.310000000000002,
            "gross_profit": 2264736,
            "gross_margin": 13.47,
            "gross_margin_4q_avg": 7.39,
            "net_income": 1270587,
            "net_income_4q": null,
            "revenue": 16814943,
            "revenue_4q": null,
            "common_shares": 13323476,
            "book_valuer_per_share": 19.31,
            "book_valuer_per_share_4q_avg": 16.64,
            "equity": 24954701,
            "current_ratio": 282.72,
            "debt_ratio": 43.54,
            "inventory_turnover_ratio": 2.45,
            "account_receivable_turnover_ratio": 4.75,
            "reinvestment_rate": 130.03,
            "research_to_sale_ratio": null,
            "price_fair": 70.62,
            "eps_avg_yearly": 2.02,
            "eps_latest_yearly": 3.92,
            "eps_growth_yearly": 180.05
        },
        "20211": {
            "year_quarter": 20211,
            "year": 2021,
            "quarter": 1,
            "eps": 0.99,
            "eps_growth_year": null,
            "eps_4q": 3.29,
            "eps_4q_growth_year": null,
            "roe": 5.08,
            "roe_4q": 18.64,
            "gross_profit": 2339458,
            "gross_margin": 13.67,
            "gross_margin_4q_avg": 12.43,
            "net_income": 1280758,
            "net_income_4q": null,
            "revenue": 17109846,
            "revenue_4q": null,
            "common_shares": 13323476,
            "book_valuer_per_share": 19.71,
            "book_valuer_per_share_4q_avg": 17.99,
            "equity": 25468862,
            "current_ratio": 210.02,
            "debt_ratio": 48.74,
            "inventory_turnover_ratio": 1.94,
            "account_receivable_turnover_ratio": 3.75,
            "reinvestment_rate": -43.32,
            "research_to_sale_ratio": null,
            "price_fair": 81.82,
            "eps_avg_yearly": 2.34,
            "eps_latest_yearly": 3.96,
            "eps_growth_yearly": 197.68
        },
        "20212": {
            "year_quarter": 20212,
            "year": 2021,
            "quarter": 2,
            "eps": 0.89,
            "eps_growth_year": 89.36,
            "eps_4q": 3.69,
            "eps_4q_growth_year": 2467.19,
            "roe": 4.37,
            "roe_4q": 19.799999999999997,
            "gross_profit": 1728089,
            "gross_margin": 8.35,
            "gross_margin_4q_avg": 11.64,
            "net_income": 1143751,
            "net_income_4q": null,
            "revenue": 20705972,
            "revenue_4q": null,
            "common_shares": 13323476,
            "book_valuer_per_share": 20.76,
            "book_valuer_per_share_4q_avg": 19.29,
            "equity": 26827171,
            "current_ratio": 198.06,
            "debt_ratio": 46.8,
            "inventory_turnover_ratio": 1.95,
            "account_receivable_turnover_ratio": 4.12,
            "reinvestment_rate": -61.67,
            "research_to_sale_ratio": null,
            "price_fair": 92.4,
            "eps_avg_yearly": 2.64,
            "eps_latest_yearly": 3.56,
            "eps_growth_yearly": 203.07
        },
        "20213": {
            "year_quarter": 20213,
            "year": 2021,
            "quarter": 3,
            "eps": 0.46,
            "eps_growth_year": -43.9,
            "eps_4q": 3.29,
            "eps_4q_growth_year": 441.08,
            "roe": 2.14,
            "roe_4q": 16.95,
            "gross_profit": 1461485,
            "gross_margin": 6.56,
            "gross_margin_4q_avg": 10.51,
            "net_income": 597942,
            "net_income_4q": null,
            "revenue": 22278340,
            "revenue_4q": null,
            "common_shares": 13323476,
            "book_valuer_per_share": 22.32,
            "book_valuer_per_share_4q_avg": 20.53,
            "equity": 29178621,
            "current_ratio": 243.53,
            "debt_ratio": 46.06,
            "inventory_turnover_ratio": 1.93,
            "account_receivable_turnover_ratio": 4.72,
            "reinvestment_rate": -85.25,
            "research_to_sale_ratio": null,
            "price_fair": 7.07,
            "eps_avg_yearly": 2.36,
            "eps_latest_yearly": 1.84,
            "eps_growth_yearly": -6.77
        },
        "20214": {
            "year_quarter": 20214,
            "year": 2021,
            "quarter": 4,
            "eps": -0.67,
            "eps_growth_year": -167.98,
            "eps_4q": 1.64,
            "eps_4q_growth_year": -0.67,
            "roe": -2.96,
            "roe_4q": 8.63,
            "gross_profit": -390456,
            "gross_margin": -1.79,
            "gross_margin_4q_avg": 6.7,
            "net_income": -874989,
            "net_income_4q": null,
            "revenue": 21848270,
            "revenue_4q": null,
            "common_shares": 13471206,
            "book_valuer_per_share": 22.84,
            "book_valuer_per_share_4q_avg": 21.41,
            "equity": 29896737,
            "current_ratio": 257.83,
            "debt_ratio": 44.4,
            "inventory_turnover_ratio": 2.21,
            "account_receivable_turnover_ratio": 4.62,
            "reinvestment_rate": -122.53,
            "research_to_sale_ratio": null,
            "price_fair": 78.7,
            "eps_avg_yearly": 2.43,
            "eps_latest_yearly": 1.84,
            "eps_growth_yearly": 22.39
        },
        "20221": {
            "year_quarter": 20221,
            "year": 2022,
            "quarter": 1,
            "eps": 0.74,
            "eps_growth_year": -25.25,
            "eps_4q": 1.4,
            "eps_4q_growth_year": -57.57,
            "roe": 3.21,
            "roe_4q": 6.76,
            "gross_profit": 1364971,
            "gross_margin": 7.11,
            "gross_margin_4q_avg": 5.06,
            "net_income": 966809,
            "net_income_4q": null,
            "revenue": 19195468,
            "revenue_4q": null,
            "common_shares": 13478576,
            "book_valuer_per_share": 23.17,
            "book_valuer_per_share_4q_avg": 22.27,
            "equity": 30392895,
            "current_ratio": 214.59,
            "debt_ratio": 47.68,
            "inventory_turnover_ratio": 1.66,
            "account_receivable_turnover_ratio": 3.74,
            "reinvestment_rate": -5.19,
            "research_to_sale_ratio": null,
            "price_fair": 89.8,
            "eps_avg_yearly": 2.57,
            "eps_latest_yearly": 1.84,
            "eps_growth_yearly": 34.68
        },
        "20222": {
            "year_quarter": 20222,
            "year": 2022,
            "quarter": 2,
            "eps": -0.72,
            "eps_growth_year": -180.9,
            "eps_4q": -0.19,
            "eps_4q_growth_year": -105.14,
            "roe": -3.24,
            "roe_4q": -0.8500000000000001,
            "gross_profit": -754154,
            "gross_margin": -3.65,
            "gross_margin_4q_avg": 2.06,
            "net_income": -938592,
            "net_income_4q": null,
            "revenue": 20647166,
            "revenue_4q": null,
            "common_shares": 13504956,
            "book_valuer_per_share": 21.04,
            "book_valuer_per_share_4q_avg": 22.34,
            "equity": 27596580,
            "current_ratio": 208.97,
            "debt_ratio": 48.58,
            "inventory_turnover_ratio": 1.75,
            "account_receivable_turnover_ratio": 4.25,
            "reinvestment_rate": -23.35,
            "research_to_sale_ratio": null,
            "price_fair": 101.97,
            "eps_avg_yearly": 2.91,
            "eps_latest_yearly": 1.84,
            "eps_growth_yearly": 85.5
        },
        "20223": {
            "year_quarter": 20223,
            "year": 2022,
            "quarter": 3,
            "eps": -0.65,
            "eps_growth_year": -241.3,
            "eps_4q": -1.29,
            "eps_4q_growth_year": -139.25,
            "roe": -3.13,
            "roe_4q": -6.12,
            "gross_profit": -432769,
            "gross_margin": -2.63,
            "gross_margin_4q_avg": -0.24,
            "net_income": -851039,
            "net_income_4q": null,
            "revenue": 16438266,
            "revenue_4q": null,
            "common_shares": 13505856,
            "book_valuer_per_share": 20.34,
            "book_valuer_per_share_4q_avg": 21.85,
            "equity": 26765748,
            "current_ratio": 280.78,
            "debt_ratio": 46.34,
            "inventory_turnover_ratio": 1.68,
            "account_receivable_turnover_ratio": 4.23,
            "reinvestment_rate": -14.09,
            "research_to_sale_ratio": null,
            "price_fair": 115.92,
            "eps_avg_yearly": 3.31,
            "eps_latest_yearly": 1.84,
            "eps_growth_yearly": 29.27
        },
        "20224": {
            "year_quarter": 20224,
            "year": 2022,
            "quarter": 4,
            "eps": -0.31,
            "eps_growth_year": null,
            "eps_4q": -0.94,
            "eps_4q_growth_year": -157.24,
            "roe": -1.56,
            "roe_4q": -4.72,
            "gross_profit": 165962,
            "gross_margin": 1,
            "gross_margin_4q_avg": 0.46,
            "net_income": -413402,
            "net_income_4q": null,
            "revenue": 16538743,
            "revenue_4q": null,
            "common_shares": 13547626,
            "book_valuer_per_share": 19.83,
            "book_valuer_per_share_4q_avg": 21.1,
            "equity": 26106202,
            "current_ratio": 140.04,
            "debt_ratio": 48.37,
            "inventory_turnover_ratio": 1.88,
            "account_receivable_turnover_ratio": 4.78,
            "reinvestment_rate": -32.43,
            "research_to_sale_ratio": null,
            "price_fair": 115.92,
            "eps_avg_yearly": 3.31,
            "eps_latest_yearly": 1.84,
            "eps_growth_yearly": 29.27
        },
        "20231": {
            "year_quarter": 20231,
            "year": 2023,
            "quarter": 1,
            "eps": 0.02,
            "eps_growth_year": -97.3,
            "eps_4q": -1.65,
            "eps_4q_growth_year": -217.83,
            "roe": 0.12,
            "roe_4q": -7.8100000000000005,
            "gross_profit": 451937,
            "gross_margin": 2.84,
            "gross_margin_4q_avg": -0.61,
            "net_income": 32412,
            "net_income_4q": null,
            "revenue": 15906445,
            "revenue_4q": null,
            "common_shares": 13552671,
            "book_valuer_per_share": 20.21,
            "book_valuer_per_share_4q_avg": 20.36,
            "equity": 26631680,
            "current_ratio": 138.33,
            "debt_ratio": 49.35,
            "inventory_turnover_ratio": 1.61,
            "account_receivable_turnover_ratio": 4.22,
            "reinvestment_rate": -42.46,
            "research_to_sale_ratio": null,
            "price_fair": 115.92,
            "eps_avg_yearly": 3.31,
            "eps_latest_yearly": 1.84,
            "eps_growth_yearly": 29.27
        },
        "20232": {
            "year_quarter": 20232,
            "year": 2023,
            "quarter": 2,
            "eps": -0.49,
            "eps_growth_year": null,
            "eps_4q": -1.42,
            "eps_4q_growth_year": null,
            "roe": -2.36,
            "roe_4q": -6.93,
            "gross_profit": 205397,
            "gross_margin": 1.17,
            "gross_margin_4q_avg": 0.6,
            "net_income": -643472,
            "net_income_4q": null,
            "revenue": 17580390,
            "revenue_4q": null,
            "common_shares": 13565786,
            "book_valuer_per_share": 21.21,
            "book_valuer_per_share_4q_avg": 20.4,
            "equity": 27959886,
            "current_ratio": 141.7,
            "debt_ratio": 47.34,
            "inventory_turnover_ratio": 1.74,
            "account_receivable_turnover_ratio": 4.7,
            "reinvestment_rate": -48.13,
            "research_to_sale_ratio": null,
            "price_fair": 115.92,
            "eps_avg_yearly": 3.31,
            "eps_latest_yearly": 1.84,
            "eps_growth_yearly": 29.27
        },
        "20233": {
            "year_quarter": 20233,
            "year": 2023,
            "quarter": 3,
            "eps": 0.39,
            "eps_growth_year": null,
            "eps_4q": -0.38,
            "eps_4q_growth_year": null,
            "roe": 1.79,
            "roe_4q": -2.01,
            "gross_profit": 1088210,
            "gross_margin": 5.48,
            "gross_margin_4q_avg": 2.62,
            "net_income": 519665,
            "net_income_4q": null,
            "revenue": 19856440,
            "revenue_4q": null,
            "common_shares": 13569006,
            "book_valuer_per_share": 22.68,
            "book_valuer_per_share_4q_avg": 20.98,
            "equity": 30047664,
            "current_ratio": 138.62,
            "debt_ratio": 47.13,
            "inventory_turnover_ratio": 1.92,
            "account_receivable_turnover_ratio": 4.89,
            "reinvestment_rate": -7.68,
            "research_to_sale_ratio": null,
            "price_fair": 115.92,
            "eps_avg_yearly": 3.31,
            "eps_latest_yearly": 1.84,
            "eps_growth_yearly": 29.27
        }
    },
    "months": {
        "2001-06": {
            "month": "2001-06",
            "price": "4.93",
            "revenue": 272179
        },
        "2001-07": {
            "month": "2001-07",
            "price": "3.99",
            "revenue": 226653
        },
        "2001-08": {
            "month": "2001-08",
            "price": "4.23",
            "revenue": 284794
        },
        "2001-09": {
            "month": "2001-09",
            "price": "4.03",
            "revenue": 284444
        },
        "2001-10": {
            "month": "2001-10",
            "price": "3.86",
            "revenue": 245026
        },
        "2001-11": {
            "month": "2001-11",
            "price": "3.90",
            "revenue": 257236
        },
        "2001-12": {
            "month": "2001-12",
            "price": "4.74",
            "revenue": 232662
        },
        "2002-01": {
            "month": "2002-01",
            "price": "6.21",
            "revenue": 256283
        },
        "2002-02": {
            "month": "2002-02",
            "price": "7.06",
            "revenue": 210533
        },
        "2002-03": {
            "month": "2002-03",
            "price": "11.72",
            "revenue": 301776
        },
        "2002-04": {
            "month": "2002-04",
            "price": "12.28",
            "revenue": 339390
        },
        "2002-05": {
            "month": "2002-05",
            "price": "10.62",
            "revenue": 336877
        },
        "2002-06": {
            "month": "2002-06",
            "price": "10.76",
            "revenue": 269243
        },
        "2002-07": {
            "month": "2002-07",
            "price": "12.40",
            "revenue": 342295
        },
        "2002-08": {
            "month": "2002-08",
            "price": "12.49",
            "revenue": 394752
        },
        "2002-09": {
            "month": "2002-09",
            "price": "11.34",
            "revenue": 320244
        },
        "2002-10": {
            "month": "2002-10",
            "price": "10.42",
            "revenue": 344612
        },
        "2002-11": {
            "month": "2002-11",
            "price": "12.55",
            "revenue": 344393
        },
        "2002-12": {
            "month": "2002-12",
            "price": "14.21",
            "revenue": 341220
        },
        "2003-01": {
            "month": "2003-01",
            "price": "18.16",
            "revenue": 405219
        },
        "2003-02": {
            "month": "2003-02",
            "price": "15.20",
            "revenue": 383924
        },
        "2003-03": {
            "month": "2003-03",
            "price": "12.31",
            "revenue": 349634
        },
        "2003-04": {
            "month": "2003-04",
            "price": "12.04",
            "revenue": 275545
        },
        "2003-05": {
            "month": "2003-05",
            "price": "10.74",
            "revenue": 350092
        },
        "2003-06": {
            "month": "2003-06",
            "price": "12.44",
            "revenue": 369054
        },
        "2003-07": {
            "month": "2003-07",
            "price": "14.11",
            "revenue": 398777
        },
        "2003-08": {
            "month": "2003-08",
            "price": "15.85",
            "revenue": 404024
        },
        "2003-09": {
            "month": "2003-09",
            "price": "13.60",
            "revenue": 331543
        },
        "2003-10": {
            "month": "2003-10",
            "price": "15.10",
            "revenue": 469166
        },
        "2003-11": {
            "month": "2003-11",
            "price": "15.24",
            "revenue": 435932
        },
        "2003-12": {
            "month": "2003-12",
            "price": "15.77",
            "revenue": 407283
        },
        "2004-01": {
            "month": "2004-01",
            "price": "15.86",
            "revenue": 414231
        },
        "2004-02": {
            "month": "2004-02",
            "price": "15.82",
            "revenue": 444661
        },
        "2004-03": {
            "month": "2004-03",
            "price": "14.39",
            "revenue": 415086
        },
        "2004-04": {
            "month": "2004-04",
            "price": "13.05",
            "revenue": 519945
        },
        "2004-05": {
            "month": "2004-05",
            "price": "11.72",
            "revenue": 405228
        },
        "2004-06": {
            "month": "2004-06",
            "price": "11.30",
            "revenue": 409416
        },
        "2004-07": {
            "month": "2004-07",
            "price": "11.40",
            "revenue": 486505
        },
        "2004-08": {
            "month": "2004-08",
            "price": "11.10",
            "revenue": 531167
        },
        "2004-09": {
            "month": "2004-09",
            "price": "13.57",
            "revenue": 543600
        },
        "2004-10": {
            "month": "2004-10",
            "price": "14.30",
            "revenue": 589514
        },
        "2004-11": {
            "month": "2004-11",
            "price": "12.88",
            "revenue": 504160
        },
        "2004-12": {
            "month": "2004-12",
            "price": "12.97",
            "revenue": 561820
        },
        "2005-01": {
            "month": "2005-01",
            "price": "13.52",
            "revenue": 648544
        },
        "2005-02": {
            "month": "2005-02",
            "price": "13.62",
            "revenue": 532334
        },
        "2005-03": {
            "month": "2005-03",
            "price": "13.35",
            "revenue": 505313
        },
        "2005-04": {
            "month": "2005-04",
            "price": "11.44",
            "revenue": 517841
        },
        "2005-05": {
            "month": "2005-05",
            "price": "11.14",
            "revenue": 440557
        },
        "2005-06": {
            "month": "2005-06",
            "price": "12.20",
            "revenue": 585546
        },
        "2005-07": {
            "month": "2005-07",
            "price": "12.01",
            "revenue": 468931
        },
        "2005-08": {
            "month": "2005-08",
            "price": "11.44",
            "revenue": 623724
        },
        "2005-09": {
            "month": "2005-09",
            "price": "10.90",
            "revenue": 544548
        },
        "2005-10": {
            "month": "2005-10",
            "price": "10.35",
            "revenue": 537832
        },
        "2005-11": {
            "month": "2005-11",
            "price": "9.91",
            "revenue": 432080
        },
        "2005-12": {
            "month": "2005-12",
            "price": "10.34",
            "revenue": 552362
        },
        "2006-01": {
            "month": "2006-01",
            "price": "11.60",
            "revenue": 481385
        },
        "2006-02": {
            "month": "2006-02",
            "price": "10.81",
            "revenue": 432130
        },
        "2006-03": {
            "month": "2006-03",
            "price": "9.80",
            "revenue": 518455
        },
        "2006-04": {
            "month": "2006-04",
            "price": "10.78",
            "revenue": 538898
        },
        "2006-05": {
            "month": "2006-05",
            "price": "11.33",
            "revenue": 587407
        },
        "2006-06": {
            "month": "2006-06",
            "price": "10.19",
            "revenue": 544802
        },
        "2006-07": {
            "month": "2006-07",
            "price": "10.84",
            "revenue": 551839
        },
        "2006-08": {
            "month": "2006-08",
            "price": "11.60",
            "revenue": 649536
        },
        "2006-09": {
            "month": "2006-09",
            "price": "11.48",
            "revenue": 444285
        },
        "2006-10": {
            "month": "2006-10",
            "price": "12.69",
            "revenue": 439509
        },
        "2006-11": {
            "month": "2006-11",
            "price": "14.12",
            "revenue": 538956
        },
        "2006-12": {
            "month": "2006-12",
            "price": "15.23",
            "revenue": 601375
        },
        "2007-01": {
            "month": "2007-01",
            "price": "16.99",
            "revenue": 573409
        },
        "2007-02": {
            "month": "2007-02",
            "price": "17.03",
            "revenue": 458117
        },
        "2007-03": {
            "month": "2007-03",
            "price": "16.34",
            "revenue": 746319
        },
        "2007-04": {
            "month": "2007-04",
            "price": "18.08",
            "revenue": 602900
        },
        "2007-05": {
            "month": "2007-05",
            "price": "17.75",
            "revenue": 713550
        },
        "2007-06": {
            "month": "2007-06",
            "price": "18.42",
            "revenue": 594772
        },
        "2007-07": {
            "month": "2007-07",
            "price": "22.04",
            "revenue": 678009
        },
        "2007-08": {
            "month": "2007-08",
            "price": "21.07",
            "revenue": 695161
        },
        "2007-09": {
            "month": "2007-09",
            "price": "25.17",
            "revenue": 638215
        },
        "2007-10": {
            "month": "2007-10",
            "price": "25.62",
            "revenue": 651679
        },
        "2007-11": {
            "month": "2007-11",
            "price": "19.22",
            "revenue": 654274
        },
        "2007-12": {
            "month": "2007-12",
            "price": "17.90",
            "revenue": 588372
        },
        "2008-01": {
            "month": "2008-01",
            "price": "17.77",
            "revenue": 737748
        },
        "2008-02": {
            "month": "2008-02",
            "price": "17.92",
            "revenue": 552357
        },
        "2008-03": {
            "month": "2008-03",
            "price": "19.19",
            "revenue": 696633
        },
        "2008-04": {
            "month": "2008-04",
            "price": "19.73",
            "revenue": 730287
        },
        "2008-05": {
            "month": "2008-05",
            "price": "21.30",
            "revenue": 743038
        },
        "2008-06": {
            "month": "2008-06",
            "price": "19.45",
            "revenue": 827134
        },
        "2008-07": {
            "month": "2008-07",
            "price": "16.78",
            "revenue": 644772
        },
        "2008-08": {
            "month": "2008-08",
            "price": "14.40",
            "revenue": 548540
        },
        "2008-09": {
            "month": "2008-09",
            "price": "12.58",
            "revenue": 506390
        },
        "2008-10": {
            "month": "2008-10",
            "price": "9.19",
            "revenue": 424360
        },
        "2008-11": {
            "month": "2008-11",
            "price": "8.76",
            "revenue": 301143
        },
        "2008-12": {
            "month": "2008-12",
            "price": "9.56",
            "revenue": 360289
        },
        "2009-01": {
            "month": "2009-01",
            "price": "9.75",
            "revenue": 1316260
        },
        "2009-02": {
            "month": "2009-02",
            "price": "9.20",
            "revenue": 1935523
        },
        "2009-03": {
            "month": "2009-03",
            "price": "10.12",
            "revenue": 2308967
        },
        "2009-04": {
            "month": "2009-04",
            "price": "11.98",
            "revenue": 2173635
        },
        "2009-05": {
            "month": "2009-05",
            "price": "15.30",
            "revenue": 1899737
        },
        "2009-06": {
            "month": "2009-06",
            "price": "14.47",
            "revenue": 2100051
        },
        "2009-07": {
            "month": "2009-07",
            "price": "13.93",
            "revenue": 2326293
        },
        "2009-08": {
            "month": "2009-08",
            "price": "14.37",
            "revenue": 2387949
        },
        "2009-09": {
            "month": "2009-09",
            "price": "14.83",
            "revenue": 2447449
        },
        "2009-10": {
            "month": "2009-10",
            "price": "15.71",
            "revenue": 2356637
        },
        "2009-11": {
            "month": "2009-11",
            "price": "16.19",
            "revenue": 2438113
        },
        "2009-12": {
            "month": "2009-12",
            "price": "16.64",
            "revenue": 2672693
        },
        "2010-01": {
            "month": "2010-01",
            "price": "17.90",
            "revenue": 2788304
        },
        "2010-02": {
            "month": "2010-02",
            "price": "15.70",
            "revenue": 1995242
        },
        "2010-03": {
            "month": "2010-03",
            "price": "17.17",
            "revenue": 3241778
        },
        "2010-04": {
            "month": "2010-04",
            "price": "18.02",
            "revenue": 3626679
        },
        "2010-05": {
            "month": "2010-05",
            "price": "18.75",
            "revenue": 2892037
        },
        "2010-06": {
            "month": "2010-06",
            "price": "17.28",
            "revenue": 2748660
        },
        "2010-07": {
            "month": "2010-07",
            "price": "18.06",
            "revenue": 3045532
        },
        "2010-08": {
            "month": "2010-08",
            "price": "19.65",
            "revenue": 3412078
        },
        "2010-09": {
            "month": "2010-09",
            "price": "19.85",
            "revenue": 3290691
        },
        "2010-10": {
            "month": "2010-10",
            "price": "21.77",
            "revenue": 3210148
        },
        "2010-11": {
            "month": "2010-11",
            "price": "22.74",
            "revenue": 3351432
        },
        "2010-12": {
            "month": "2010-12",
            "price": "23.83",
            "revenue": 3286226
        },
        "2011-01": {
            "month": "2011-01",
            "price": "24.57",
            "revenue": 3319870
        },
        "2011-02": {
            "month": "2011-02",
            "price": "23.12",
            "revenue": 2465162
        },
        "2011-03": {
            "month": "2011-03",
            "price": "21.65",
            "revenue": 3944697
        },
        "2011-04": {
            "month": "2011-04",
            "price": "23.00",
            "revenue": 3931540
        },
        "2011-05": {
            "month": "2011-05",
            "price": "24.07",
            "revenue": 3195911
        },
        "2011-06": {
            "month": "2011-06",
            "price": "23.54",
            "revenue": 2821025
        },
        "2011-07": {
            "month": "2011-07",
            "price": "23.93",
            "revenue": 3319628
        },
        "2011-08": {
            "month": "2011-08",
            "price": "19.17",
            "revenue": 3365833
        },
        "2011-09": {
            "month": "2011-09",
            "price": "15.39",
            "revenue": 3353661
        },
        "2011-10": {
            "month": "2011-10",
            "price": "14.08",
            "revenue": 2903874
        },
        "2011-11": {
            "month": "2011-11",
            "price": "15.01",
            "revenue": 3316830
        },
        "2011-12": {
            "month": "2011-12",
            "price": "15.25",
            "revenue": 3910696
        },
        "2012-01": {
            "month": "2012-01",
            "price": "16.76",
            "revenue": 2885737
        },
        "2012-02": {
            "month": "2012-02",
            "price": "18.50",
            "revenue": 4030191
        },
        "2012-03": {
            "month": "2012-03",
            "price": "17.62",
            "revenue": 4996200
        },
        "2012-04": {
            "month": "2012-04",
            "price": "16.32",
            "revenue": 4794328
        },
        "2012-05": {
            "month": "2012-05",
            "price": "16.11",
            "revenue": 3993244
        },
        "2012-06": {
            "month": "2012-06",
            "price": "15.94",
            "revenue": 3661437
        },
        "2012-07": {
            "month": "2012-07",
            "price": "16.38",
            "revenue": 4311933
        },
        "2012-08": {
            "month": "2012-08",
            "price": "16.57",
            "revenue": 4624568
        },
        "2012-09": {
            "month": "2012-09",
            "price": "16.06",
            "revenue": 4300053
        },
        "2012-10": {
            "month": "2012-10",
            "price": "15.68",
            "revenue": 3836208
        },
        "2012-11": {
            "month": "2012-11",
            "price": "15.27",
            "revenue": 4097791
        },
        "2012-12": {
            "month": "2012-12",
            "price": "16.19",
            "revenue": 4255587
        },
        "2013-01": {
            "month": "2013-01",
            "price": "16.65",
            "revenue": 4545953
        },
        "2013-02": {
            "month": "2013-02",
            "price": "16.72",
            "revenue": 2658513
        },
        "2013-03": {
            "month": "2013-03",
            "price": "16.18",
            "revenue": 4081356
        },
        "2013-04": {
            "month": "2013-04",
            "price": "15.60",
            "revenue": 4950334
        },
        "2013-05": {
            "month": "2013-05",
            "price": "15.61",
            "revenue": 4763068
        },
        "2013-06": {
            "month": "2013-06",
            "price": "15.31",
            "revenue": 3949649
        },
        "2013-07": {
            "month": "2013-07",
            "price": "15.40",
            "revenue": 4336770
        },
        "2013-08": {
            "month": "2013-08",
            "price": "14.93",
            "revenue": 3995376
        },
        "2013-09": {
            "month": "2013-09",
            "price": "13.83",
            "revenue": 4364856
        },
        "2013-10": {
            "month": "2013-10",
            "price": "14.38",
            "revenue": 4075495
        },
        "2013-11": {
            "month": "2013-11",
            "price": "13.94",
            "revenue": 4828947
        },
        "2013-12": {
            "month": "2013-12",
            "price": "14.22",
            "revenue": 4566451
        },
        "2014-01": {
            "month": "2014-01",
            "price": "14.36",
            "revenue": 4127523
        },
        "2014-02": {
            "month": "2014-02",
            "price": "13.95",
            "revenue": 3698990
        },
        "2014-03": {
            "month": "2014-03",
            "price": "13.71",
            "revenue": 5301684
        },
        "2014-04": {
            "month": "2014-04",
            "price": "13.78",
            "revenue": 4931291
        },
        "2014-05": {
            "month": "2014-05",
            "price": "13.00",
            "revenue": 4804149
        },
        "2014-06": {
            "month": "2014-06",
            "price": "12.89",
            "revenue": 4484968
        },
        "2014-07": {
            "month": "2014-07",
            "price": "12.90",
            "revenue": 4040501
        },
        "2014-08": {
            "month": "2014-08",
            "price": "12.15",
            "revenue": 4537908
        },
        "2014-09": {
            "month": "2014-09",
            "price": "11.72",
            "revenue": 4331504
        },
        "2014-10": {
            "month": "2014-10",
            "price": "10.51",
            "revenue": 4095471
        },
        "2014-11": {
            "month": "2014-11",
            "price": "10.23",
            "revenue": 4373900
        },
        "2014-12": {
            "month": "2014-12",
            "price": "10.89",
            "revenue": 4418163
        },
        "2015-01": {
            "month": "2015-01",
            "price": "11.63",
            "revenue": 4183581
        },
        "2015-02": {
            "month": "2015-02",
            "price": "11.68",
            "revenue": 2362116
        },
        "2015-03": {
            "month": "2015-03",
            "price": "11.34",
            "revenue": 4418262
        },
        "2015-04": {
            "month": "2015-04",
            "price": "11.59",
            "revenue": 4066861
        },
        "2015-05": {
            "month": "2015-05",
            "price": "11.49",
            "revenue": 4191141
        },
        "2015-06": {
            "month": "2015-06",
            "price": "10.29",
            "revenue": 3672396
        },
        "2015-07": {
            "month": "2015-07",
            "price": "9.80",
            "revenue": 3479901
        },
        "2015-08": {
            "month": "2015-08",
            "price": "9.19",
            "revenue": 3575686
        },
        "2015-09": {
            "month": "2015-09",
            "price": "9.26",
            "revenue": 3647022
        },
        "2015-10": {
            "month": "2015-10",
            "price": "9.76",
            "revenue": 3310465
        },
        "2015-11": {
            "month": "2015-11",
            "price": "9.15",
            "revenue": 3320514
        },
        "2015-12": {
            "month": "2015-12",
            "price": "9.14",
            "revenue": 3507584
        },
        "2016-01": {
            "month": "2016-01",
            "price": "8.55",
            "revenue": 3243164
        },
        "2016-02": {
            "month": "2016-02",
            "price": "8.70",
            "revenue": 2146450
        },
        "2016-03": {
            "month": "2016-03",
            "price": "9.31",
            "revenue": 3656880
        },
        "2016-04": {
            "month": "2016-04",
            "price": "8.95",
            "revenue": 3557369
        },
        "2016-05": {
            "month": "2016-05",
            "price": "8.64",
            "revenue": 3203533
        },
        "2016-06": {
            "month": "2016-06",
            "price": "8.92",
            "revenue": 3585274
        },
        "2016-07": {
            "month": "2016-07",
            "price": "9.13",
            "revenue": 3620663
        },
        "2016-08": {
            "month": "2016-08",
            "price": "9.49",
            "revenue": 3156485
        },
        "2016-09": {
            "month": "2016-09",
            "price": "9.75",
            "revenue": 3499966
        },
        "2016-10": {
            "month": "2016-10",
            "price": "10.93",
            "revenue": 4187541
        },
        "2016-11": {
            "month": "2016-11",
            "price": "11.72",
            "revenue": 4853600
        },
        "2016-12": {
            "month": "2016-12",
            "price": "12.87",
            "revenue": 4634060
        },
        "2017-01": {
            "month": "2017-01",
            "price": "12.81",
            "revenue": 3014388
        },
        "2017-02": {
            "month": "2017-02",
            "price": "14.02",
            "revenue": 3346134
        },
        "2017-03": {
            "month": "2017-03",
            "price": "13.44",
            "revenue": 4377937
        },
        "2017-04": {
            "month": "2017-04",
            "price": "13.27",
            "revenue": 4175351
        },
        "2017-05": {
            "month": "2017-05",
            "price": "12.88",
            "revenue": 4377635
        },
        "2017-06": {
            "month": "2017-06",
            "price": "13.29",
            "revenue": 4074576
        },
        "2017-07": {
            "month": "2017-07",
            "price": "13.89",
            "revenue": 3968662
        },
        "2017-08": {
            "month": "2017-08",
            "price": "14.50",
            "revenue": 4307176
        },
        "2017-09": {
            "month": "2017-09",
            "price": "16.06",
            "revenue": 4657393
        },
        "2017-10": {
            "month": "2017-10",
            "price": "16.29",
            "revenue": 4161561
        },
        "2017-11": {
            "month": "2017-11",
            "price": "17.20",
            "revenue": 5034585
        },
        "2017-12": {
            "month": "2017-12",
            "price": "18.74",
            "revenue": 5144530
        },
        "2018-01": {
            "month": "2018-01",
            "price": "18.94",
            "revenue": 5413681
        },
        "2018-02": {
            "month": "2018-02",
            "price": "17.96",
            "revenue": 2594276
        },
        "2018-03": {
            "month": "2018-03",
            "price": "18.53",
            "revenue": 5523532
        },
        "2018-04": {
            "month": "2018-04",
            "price": "19.92",
            "revenue": 5740646
        },
        "2018-05": {
            "month": "2018-05",
            "price": "20.28",
            "revenue": 5812236
        },
        "2018-06": {
            "month": "2018-06",
            "price": "20.41",
            "revenue": 4772075
        },
        "2018-07": {
            "month": "2018-07",
            "price": "19.50",
            "revenue": 4511081
        },
        "2018-08": {
            "month": "2018-08",
            "price": "16.54",
            "revenue": 4977365
        },
        "2018-09": {
            "month": "2018-09",
            "price": "14.87",
            "revenue": 4725952
        },
        "2018-10": {
            "month": "2018-10",
            "price": "13.04",
            "revenue": 5506316
        },
        "2018-11": {
            "month": "2018-11",
            "price": "11.70",
            "revenue": 5636577
        },
        "2018-12": {
            "month": "2018-12",
            "price": "11.95",
            "revenue": 6351502
        },
        "2019-01": {
            "month": "2019-01",
            "price": "12.23",
            "revenue": 5939881
        },
        "2019-02": {
            "month": "2019-02",
            "price": "12.75",
            "revenue": 3228374
        },
        "2019-03": {
            "month": "2019-03",
            "price": "13.08",
            "revenue": 6149496
        },
        "2019-04": {
            "month": "2019-04",
            "price": "12.44",
            "revenue": 5712007
        },
        "2019-05": {
            "month": "2019-05",
            "price": "11.50",
            "revenue": 5234388
        },
        "2019-06": {
            "month": "2019-06",
            "price": "11.24",
            "revenue": 4986963
        },
        "2019-07": {
            "month": "2019-07",
            "price": "11.19",
            "revenue": 5581587
        },
        "2019-08": {
            "month": "2019-08",
            "price": "10.31",
            "revenue": 4947933
        },
        "2019-09": {
            "month": "2019-09",
            "price": "10.59",
            "revenue": 5369183
        },
        "2019-10": {
            "month": "2019-10",
            "price": "10.34",
            "revenue": 4798646
        },
        "2019-11": {
            "month": "2019-11",
            "price": "10.58",
            "revenue": 5763335
        },
        "2019-12": {
            "month": "2019-12",
            "price": "10.94",
            "revenue": 5711986
        },
        "2020-01": {
            "month": "2020-01",
            "price": "10.91",
            "revenue": 3379946
        },
        "2020-02": {
            "month": "2020-02",
            "price": "10.06",
            "revenue": 1753579
        },
        "2020-03": {
            "month": "2020-03",
            "price": "8.58",
            "revenue": 3767808
        },
        "2020-04": {
            "month": "2020-04",
            "price": "9.01",
            "revenue": 4033358
        },
        "2020-05": {
            "month": "2020-05",
            "price": "9.45",
            "revenue": 4110055
        },
        "2020-06": {
            "month": "2020-06",
            "price": "9.87",
            "revenue": 4199654
        },
        "2020-07": {
            "month": "2020-07",
            "price": "9.87",
            "revenue": 4292844
        },
        "2020-08": {
            "month": "2020-08",
            "price": "11.61",
            "revenue": 4621335
        },
        "2020-09": {
            "month": "2020-09",
            "price": "13.22",
            "revenue": 5087822
        },
        "2020-10": {
            "month": "2020-10",
            "price": "13.06",
            "revenue": 4936665
        },
        "2020-11": {
            "month": "2020-11",
            "price": "15.19",
            "revenue": 5696942
        },
        "2020-12": {
            "month": "2020-12",
            "price": "17.68",
            "revenue": 6091072
        },
        "2021-01": {
            "month": "2021-01",
            "price": "16.88",
            "revenue": 5994488
        },
        "2021-02": {
            "month": "2021-02",
            "price": "16.69",
            "revenue": 3932791
        },
        "2021-03": {
            "month": "2021-03",
            "price": "18.88",
            "revenue": 7215445
        },
        "2021-04": {
            "month": "2021-04",
            "price": "25.66",
            "revenue": 7594888
        },
        "2021-05": {
            "month": "2021-05",
            "price": "24.97",
            "revenue": 6407063
        },
        "2021-06": {
            "month": "2021-06",
            "price": "26.72",
            "revenue": 6964983
        },
        "2021-07": {
            "month": "2021-07",
            "price": "26.33",
            "revenue": 7362982
        },
        "2021-08": {
            "month": "2021-08",
            "price": "24.37",
            "revenue": 7666218
        },
        "2021-09": {
            "month": "2021-09",
            "price": "24.65",
            "revenue": 7428330
        },
        "2021-10": {
            "month": "2021-10",
            "price": "23.83",
            "revenue": 6861565
        },
        "2021-11": {
            "month": "2021-11",
            "price": "22.25",
            "revenue": 7348472
        },
        "2021-12": {
            "month": "2021-12",
            "price": "21.23",
            "revenue": 7605814
        },
        "2022-01": {
            "month": "2022-01",
            "price": "21.12",
            "revenue": 5982448
        },
        "2022-02": {
            "month": "2022-02",
            "price": "21.55",
            "revenue": 4895616
        },
        "2022-03": {
            "month": "2022-03",
            "price": "19.65",
            "revenue": 8167285
        },
        "2022-04": {
            "month": "2022-04",
            "price": "17.33",
            "revenue": 6512868
        },
        "2022-05": {
            "month": "2022-05",
            "price": "16.69",
            "revenue": 6945761
        },
        "2022-06": {
            "month": "2022-06",
            "price": "16.65",
            "revenue": 6930762
        },
        "2022-07": {
            "month": "2022-07",
            "price": "14.85",
            "revenue": 5993125
        },
        "2022-08": {
            "month": "2022-08",
            "price": "13.83",
            "revenue": 5052422
        },
        "2022-09": {
            "month": "2022-09",
            "price": "13.17",
            "revenue": 5098838
        },
        "2022-10": {
            "month": "2022-10",
            "price": "12.30",
            "revenue": 5073138
        },
        "2022-11": {
            "month": "2022-11",
            "price": "12.78",
            "revenue": 5846961
        },
        "2022-12": {
            "month": "2022-12",
            "price": "13.76",
            "revenue": 5433061
        },
        "2023-01": {
            "month": "2023-01",
            "price": "13.99",
            "revenue": 3601598
        },
        "2023-02": {
            "month": "2023-02",
            "price": "15.31",
            "revenue": 5836564
        },
        "2023-03": {
            "month": "2023-03",
            "price": "14.78",
            "revenue": 6511571
        },
        "2023-04": {
            "month": "2023-04",
            "price": "14.93",
            "revenue": 6326080
        },
        "2023-05": {
            "month": "2023-05",
            "price": "14.39",
            "revenue": 5715364
        },
        "2023-06": {
            "month": "2023-06",
            "price": "14.52",
            "revenue": 5679751
        },
        "2023-07": {
            "month": "2023-07",
            "price": "15.42",
            "revenue": 6142965
        },
        "2023-08": {
            "month": "2023-08",
            "price": "15.62",
            "revenue": 6494950
        },
        "2023-09": {
            "month": "2023-09",
            "price": "15.41",
            "revenue": 7063372
        },
        "2023-10": {
            "month": "2023-10",
            "price": "14.87",
            "revenue": 6323633
        },
        "2023-11": {
            "month": "2023-11",
            "price": "15.68",
            "revenue": 6642500
        },
        "2023-12": {
            "month": "2023-12",
            "price": "15.63",
            "revenue": 6670416
        }
    }
}
