{
    "summary": {
        "stock_name": "中石化",
        "stock_id": "1314",
        "category": "塑膠",
        "main_business": "石油化學產品CPL  AN  之製造及銷售",
        "website_url": "http://www.cpdc.com.tw",
        "ceo": "余建松",
        "pe_ratio": -81,
        "report_year_from": 2001,
        "report_year_to": 2023,
        "age": 22,
        "eps_negative_percentage": 26,
        "eps_growth_avg": {
            "last_all": -10.92,
            "last_2y": -20.57,
            "last_4y": -32.2,
            "last_8y": -47.17,
            "last_12y": -32.34,
            "last_16y": -24.85,
            "last_20y": -10.92,
            "at_2006_last_3y": 73.69,
            "at_2007_last_3y": 70.26,
            "at_2008_last_3y": 20.26,
            "at_2009_last_3y": 2.63,
            "at_2010_last_3y": 20,
            "at_2011_last_3y": 20.36,
            "at_2012_last_3y": 24.83,
            "at_2013_last_3y": -6.38,
            "at_2014_last_3y": -41.84,
            "at_2015_last_3y": -85.28,
            "at_2016_last_3y": -89.74,
            "at_2017_last_3y": -84.62,
            "at_2018_last_3y": -68.96,
            "at_2019_last_3y": -66.43,
            "at_2020_last_3y": -55.5,
            "at_2021_last_3y": -16.62,
            "at_2022_last_3y": -30.84,
            "at_2023_last_3y": -30.84,
            "at_2006_last_all": 73.69,
            "at_2007_last_all": 70.26,
            "at_2008_last_all": 36.21,
            "at_2009_last_all": 36.21,
            "at_2010_last_all": 46.84,
            "at_2011_last_all": 48.88,
            "at_2012_last_all": 31.94,
            "at_2013_last_all": 17.28,
            "at_2014_last_all": 17.28,
            "at_2015_last_all": 8.63,
            "at_2016_last_all": -1.24,
            "at_2017_last_all": -1.24,
            "at_2018_last_all": -4.28,
            "at_2019_last_all": -8.69,
            "at_2020_last_all": -12.87,
            "at_2021_last_all": -5.35,
            "at_2022_last_all": -10.92,
            "at_2023_last_all": -10.92
        },
        "latest_eps": -0.12,
        "latest_price": 9.75,
        "latest_roe": -0.59,
        "latest_gross_margin": -11.19,
        "latest_equity": 78529049,
        "latest_revenue": 5145424,
        "latest_gross_profit": -576015,
        "latest_net_income": -1009290,
        "latest_debt_ratio": 44.29,
        "latest_current_ratio": 258.8,
        "latest_account_receivable_turnover_ratio": 2.16,
        "latest_inventory_turnover_ratio": 0.12,
        "latest_reinvestment_rate": 103.92,
        "latest_research_to_sale_ratio": 1.23
    },
    "eps_dividends": {
        "1990": {
            "cash": 1,
            "stock": 0,
            "eps": 0
        },
        "1991": {
            "cash": 0,
            "stock": 1,
            "eps": 0
        },
        "1992": {
            "cash": 0,
            "stock": 0,
            "eps": 0
        },
        "1997": {
            "cash": 0,
            "stock": 2,
            "eps": 0
        },
        "1998": {
            "cash": 0,
            "stock": 2,
            "eps": 0
        },
        "1999": {
            "cash": 0,
            "stock": 1,
            "eps": 0
        },
        "2000": {
            "cash": 0,
            "stock": 1,
            "eps": 0
        },
        "2001": {
            "cash": 0,
            "stock": 0,
            "eps": -2.33
        },
        "2002": {
            "cash": 0,
            "stock": 0,
            "eps": -1.19
        },
        "2003": {
            "cash": 0,
            "stock": 0,
            "eps": 0.18
        },
        "2004": {
            "cash": 0,
            "stock": 0,
            "eps": 0.41
        },
        "2005": {
            "cash": 0,
            "stock": 0,
            "eps": 0.71
        },
        "2006": {
            "cash": 0,
            "stock": 0,
            "eps": 1.05
        },
        "2007": {
            "cash": 0,
            "stock": 0,
            "eps": 1.68
        },
        "2008": {
            "cash": 0,
            "stock": 1,
            "eps": -1.8
        },
        "2009": {
            "cash": 0,
            "stock": 0,
            "eps": 1.15
        },
        "2010": {
            "cash": 0,
            "stock": 0,
            "eps": 3.52
        },
        "2011": {
            "cash": 3,
            "stock": 3,
            "eps": 5.67
        },
        "2012": {
            "cash": 0,
            "stock": 0,
            "eps": 0.76
        },
        "2013": {
            "cash": 1,
            "stock": 0,
            "eps": -0.61
        },
        "2014": {
            "cash": 0,
            "stock": 0,
            "eps": 0.13
        },
        "2015": {
            "cash": 0,
            "stock": 0,
            "eps": 0.04
        },
        "2016": {
            "cash": 0,
            "stock": 0,
            "eps": -0.81
        },
        "2017": {
            "cash": 0,
            "stock": 0,
            "eps": 2.55
        },
        "2018": {
            "cash": 0,
            "stock": 0,
            "eps": 1.59
        },
        "2019": {
            "cash": 1,
            "stock": 1,
            "eps": 0.61
        },
        "2020": {
            "cash": 0,
            "stock": 0,
            "eps": 0.2
        },
        "2021": {
            "cash": 0,
            "stock": 0,
            "eps": 1.09
        },
        "2022": {
            "cash": 0,
            "stock": 0,
            "eps": 0.06
        },
        "2023": {
            "cash": 0,
            "stock": 0,
            "eps": -0.27
        }
    },
    "dividends": {
        "1990-04-24": {
            "cash": 1.2,
            "stock": 0
        },
        "1991-02-28": {
            "cash": 0.3,
            "stock": 1.2
        },
        "1992-04-28": {
            "cash": 0.3,
            "stock": 0
        },
        "1997-06-07": {
            "cash": 0,
            "stock": 1.6
        },
        "1998-06-19": {
            "cash": 0,
            "stock": 1.5
        },
        "1999-06-24": {
            "cash": 0,
            "stock": 1
        },
        "2000-05-24": {
            "cash": 0,
            "stock": 0.5
        },
        "2008-04-08": {
            "cash": 0,
            "stock": 0.6
        },
        "2011-01-01": {
            "cash": 1.75,
            "stock": 1.75
        },
        "2011-03-28": {
            "cash": 1,
            "stock": 1
        },
        "2013-04-23": {
            "cash": 0.5,
            "stock": 0
        },
        "2019-07-31": {
            "cash": 0.5,
            "stock": 0.5
        },
        "2020-08-31": {
            "cash": 0.3,
            "stock": 0
        },
        "2022-07-29": {
            "cash": 0.4,
            "stock": 0
        }
    },
    "prices": {
        "200101": "4.82",
        "200102": "5.85",
        "200103": "5.83",
        "200104": "4.79",
        "200105": "3.41",
        "200106": "2.95",
        "200107": "2.33",
        "200108": "2.57",
        "200109": "2.64",
        "200110": "2.26",
        "200111": "2.19",
        "200112": "2.81",
        "200201": "3.26",
        "200202": "3.14",
        "200203": "5.18",
        "200204": "6.59",
        "200205": "5.21",
        "200206": "5.27",
        "200207": "4.90",
        "200208": "4.41",
        "200209": "3.17",
        "200210": "2.63",
        "200211": "3.95",
        "200212": "4.79",
        "200301": "5.85",
        "200302": "4.87",
        "200303": "4.19",
        "200304": "4.12",
        "200305": "3.63",
        "200306": "4.13",
        "200307": "4.64",
        "200308": "4.40",
        "200309": "4.27",
        "200310": "4.72",
        "200311": "5.33",
        "200312": "5.13",
        "200401": "5.89",
        "200402": "7.54",
        "200403": "7.83",
        "200404": "7.54",
        "200405": "5.68",
        "200406": "5.49",
        "200407": "5.12",
        "200408": "4.71",
        "200409": "6.19",
        "200410": "6.94",
        "200411": "6.71",
        "200412": "6.88",
        "200501": "7.25",
        "200502": "7.42",
        "200503": "8.80",
        "200504": "8.35",
        "200505": "8.04",
        "200506": "8.26",
        "200507": "8.79",
        "200508": "9.65",
        "200509": "8.93",
        "200510": "8.29",
        "200511": "7.71",
        "200512": "7.20",
        "200601": "8.13",
        "200602": "7.93",
        "200603": "7.57",
        "200604": "8.12",
        "200605": "8.69",
        "200606": "7.54",
        "200607": "7.39",
        "200608": "7.10",
        "200609": "7.20",
        "200610": "8.15",
        "200611": "8.68",
        "200612": "9.72",
        "200701": "9.52",
        "200702": "9.35",
        "200703": "9.51",
        "200704": "10.69",
        "200705": "10.02",
        "200706": "10.63",
        "200707": "13.53",
        "200708": "14.39",
        "200709": "15.51",
        "200710": "16.60",
        "200711": "14.62",
        "200712": "12.54",
        "200801": "12.92",
        "200802": "13.63",
        "200803": "15.34",
        "200804": "18.20",
        "200805": "19.66",
        "200806": "16.52",
        "200807": "13.37",
        "200808": "11.93",
        "200809": "8.39",
        "200810": "6.52",
        "200811": "6.06",
        "200812": "6.14",
        "200901": "6.31",
        "200902": "6.07",
        "200903": "6.53",
        "200904": "7.92",
        "200905": "9.05",
        "200906": "9.90",
        "200907": "10.34",
        "200908": "10.16",
        "200909": "10.30",
        "200910": "11.15",
        "200911": "12.46",
        "200912": "12.13",
        "201001": "13.00",
        "201002": "11.48",
        "201003": "13.21",
        "201004": "14.66",
        "201005": "15.35",
        "201006": "15.87",
        "201007": "16.59",
        "201008": "19.17",
        "201009": "20.96",
        "201010": "24.15",
        "201011": "28.45",
        "201012": "29.49",
        "201101": "30.32",
        "201102": "35.63",
        "201103": "34.68",
        "201104": "37.49",
        "201105": "34.68",
        "201106": "33.54",
        "201107": "38.75",
        "201108": "43.12",
        "201109": "39.48",
        "201110": "32.24",
        "201111": "31.06",
        "201112": "26.71",
        "201201": "29.92",
        "201202": "35.85",
        "201203": "35.14",
        "201204": "31.28",
        "201205": "27.31",
        "201206": "24.60",
        "201207": "24.72",
        "201208": "23.06",
        "201209": "25.08",
        "201210": "22.97",
        "201211": "17.62",
        "201212": "18.07",
        "201301": "18.68",
        "201302": "18.48",
        "201303": "17.40",
        "201304": "15.82",
        "201305": "15.82",
        "201306": "15.25",
        "201307": "15.50",
        "201308": "14.32",
        "201309": "14.30",
        "201310": "14.78",
        "201311": "13.61",
        "201312": "13.60",
        "201401": "13.64",
        "201402": "13.16",
        "201403": "12.67",
        "201404": "12.69",
        "201405": "11.29",
        "201406": "12.03",
        "201407": "11.98",
        "201408": "10.64",
        "201409": "10.40",
        "201410": "9.26",
        "201411": "9.17",
        "201412": "9.79",
        "201501": "12.13",
        "201502": "11.79",
        "201503": "11.41",
        "201504": "11.68",
        "201505": "10.92",
        "201506": "9.89",
        "201507": "9.04",
        "201508": "8.02",
        "201509": "8.57",
        "201510": "8.88",
        "201511": "8.16",
        "201512": "7.73",
        "201601": "7.65",
        "201602": "7.95",
        "201603": "8.35",
        "201604": "8.15",
        "201605": "7.73",
        "201606": "7.40",
        "201607": "7.58",
        "201608": "7.65",
        "201609": "7.53",
        "201610": "8.60",
        "201611": "9.05",
        "201612": "10.06",
        "201701": "10.19",
        "201702": "12.34",
        "201703": "11.95",
        "201704": "11.64",
        "201705": "11.08",
        "201706": "11.36",
        "201707": "12.27",
        "201708": "12.63",
        "201709": "14.10",
        "201710": "13.80",
        "201711": "13.99",
        "201712": "15.38",
        "201801": "15.65",
        "201802": "14.41",
        "201803": "12.80",
        "201804": "12.88",
        "201805": "13.37",
        "201806": "13.20",
        "201807": "13.05",
        "201808": "14.05",
        "201809": "13.55",
        "201810": "12.53",
        "201811": "11.42",
        "201812": "11.56",
        "201901": "10.71",
        "201902": "10.94",
        "201903": "11.35",
        "201904": "11.76",
        "201905": "11.43",
        "201906": "11.32",
        "201907": "10.45",
        "201908": "9.77",
        "201909": "10.36",
        "201910": "10.21",
        "201911": "9.87",
        "201912": "9.76",
        "202001": "9.06",
        "202002": "8.19",
        "202003": "7.37",
        "202004": "7.62",
        "202005": "8.25",
        "202006": "8.39",
        "202007": "8.21",
        "202008": "8.48",
        "202009": "8.69",
        "202010": "8.45",
        "202011": "8.84",
        "202012": "9.99",
        "202101": "10.28",
        "202102": "10.17",
        "202103": "10.92",
        "202104": "13.44",
        "202105": "13.33",
        "202106": "13.60",
        "202107": "13.59",
        "202108": "13.02",
        "202109": "12.62",
        "202110": "12.24",
        "202111": "12.93",
        "202112": "12.58",
        "202201": "12.70",
        "202202": "12.34",
        "202203": "12.09",
        "202204": "12.39",
        "202205": "11.10",
        "202206": "10.68",
        "202207": "9.67",
        "202208": "10.28",
        "202209": "9.89",
        "202210": "9.34",
        "202211": "9.80",
        "202212": "10.00",
        "202301": "9.97",
        "202302": "10.26",
        "202303": "10.04",
        "202304": "10.08",
        "202305": "9.87"
    },
    "quarters": {
        "20011": {
            "year_quarter": 20011,
            "year": 2001,
            "quarter": 1,
            "eps": -0.49,
            "eps_growth_year": -152.69,
            "eps_4q": -1.31,
            "eps_4q_growth_year": -218.17,
            "roe": -4.03,
            "roe_4q": -4.03,
            "gross_profit": -328429,
            "gross_margin": -9.4,
            "gross_margin_4q_avg": -9.4,
            "net_income": -731977,
            "revenue": 3495218,
            "common_shares": 14828689,
            "book_valuer_per_share": 12.12,
            "book_valuer_per_share_4q_avg": 12.12,
            "equity": 17977995,
            "current_ratio": 58.47,
            "debt_ratio": 67.1,
            "inventory_turnover_ratio": 1.85,
            "account_receivable_turnover_ratio": null,
            "reinvestment_rate": null,
            "research_to_sale_ratio": null,
            "price_fair": 0,
            "eps_avg_yearly": 0,
            "eps_latest_yearly": 0,
            "eps_growth_yearly": 0
        },
        "20012": {
            "year_quarter": 20012,
            "year": 2001,
            "quarter": 2,
            "eps": -0.8,
            "eps_growth_year": -407.69,
            "eps_4q": -2.37,
            "eps_4q_growth_year": -283.12,
            "roe": -6.91,
            "roe_4q": -10.940000000000001,
            "gross_profit": -171617,
            "gross_margin": -4.46,
            "gross_margin_4q_avg": -6.93,
            "net_income": -1191967,
            "revenue": 3844075,
            "common_shares": 14828689,
            "book_valuer_per_share": 11.15,
            "book_valuer_per_share_4q_avg": 11.64,
            "equity": 16531158,
            "current_ratio": 63.08,
            "debt_ratio": 69.18,
            "inventory_turnover_ratio": 2.07,
            "account_receivable_turnover_ratio": null,
            "reinvestment_rate": null,
            "research_to_sale_ratio": null,
            "price_fair": 0,
            "eps_avg_yearly": 0,
            "eps_latest_yearly": 0,
            "eps_growth_yearly": 0
        },
        "20013": {
            "year_quarter": 20013,
            "year": 2001,
            "quarter": 3,
            "eps": -0.52,
            "eps_growth_year": null,
            "eps_4q": -2.57,
            "eps_4q_growth_year": -364.18,
            "roe": -4.83,
            "roe_4q": -15.77,
            "gross_profit": -4779,
            "gross_margin": -0.13,
            "gross_margin_4q_avg": -4.66,
            "net_income": -774682,
            "revenue": 3628849,
            "common_shares": 14828689,
            "book_valuer_per_share": 10.49,
            "book_valuer_per_share_4q_avg": 11.25,
            "equity": 15550816,
            "current_ratio": 59.8,
            "debt_ratio": 70.45,
            "inventory_turnover_ratio": 2.03,
            "account_receivable_turnover_ratio": null,
            "reinvestment_rate": null,
            "research_to_sale_ratio": null,
            "price_fair": 0,
            "eps_avg_yearly": 0,
            "eps_latest_yearly": 0,
            "eps_growth_yearly": 0
        },
        "20014": {
            "year_quarter": 20014,
            "year": 2001,
            "quarter": 4,
            "eps": -0.52,
            "eps_growth_year": null,
            "eps_4q": -2.32,
            "eps_4q_growth_year": -3088.43,
            "roe": -5.07,
            "roe_4q": -20.840000000000003,
            "gross_profit": -27733,
            "gross_margin": -0.96,
            "gross_margin_4q_avg": -3.74,
            "net_income": -777542,
            "revenue": 2900225,
            "common_shares": 14828689,
            "book_valuer_per_share": 10.09,
            "book_valuer_per_share_4q_avg": 10.96,
            "equity": 15092390,
            "current_ratio": 52.77,
            "debt_ratio": 71.39,
            "inventory_turnover_ratio": 1.68,
            "account_receivable_turnover_ratio": null,
            "reinvestment_rate": null,
            "research_to_sale_ratio": null,
            "price_fair": 0,
            "eps_avg_yearly": 0,
            "eps_latest_yearly": 0,
            "eps_growth_yearly": 0
        },
        "20021": {
            "year_quarter": 20021,
            "year": 2002,
            "quarter": 1,
            "eps": -0.58,
            "eps_growth_year": null,
            "eps_4q": -2.43,
            "eps_4q_growth_year": null,
            "roe": -5.87,
            "roe_4q": -22.68,
            "gross_profit": -296509,
            "gross_margin": -10.43,
            "gross_margin_4q_avg": -4,
            "net_income": -859341,
            "revenue": 2842459,
            "common_shares": 14828689,
            "book_valuer_per_share": 9.56,
            "book_valuer_per_share_4q_avg": 10.32,
            "equity": 14181111,
            "current_ratio": 51.58,
            "debt_ratio": 72.22,
            "inventory_turnover_ratio": 2.08,
            "account_receivable_turnover_ratio": null,
            "reinvestment_rate": null,
            "research_to_sale_ratio": null,
            "price_fair": 0,
            "eps_avg_yearly": 0,
            "eps_latest_yearly": 0,
            "eps_growth_yearly": 0
        },
        "20022": {
            "year_quarter": 20022,
            "year": 2002,
            "quarter": 2,
            "eps": -0.03,
            "eps_growth_year": null,
            "eps_4q": -1.66,
            "eps_4q_growth_year": null,
            "roe": -0.35,
            "roe_4q": -16.119999999999997,
            "gross_profit": 84639,
            "gross_margin": 2.44,
            "gross_margin_4q_avg": -2.27,
            "net_income": -49043,
            "revenue": 3472105,
            "common_shares": 14828689,
            "book_valuer_per_share": 9.54,
            "book_valuer_per_share_4q_avg": 9.92,
            "equity": 14151350,
            "current_ratio": 30.55,
            "debt_ratio": 71.96,
            "inventory_turnover_ratio": 2.67,
            "account_receivable_turnover_ratio": null,
            "reinvestment_rate": null,
            "research_to_sale_ratio": null,
            "price_fair": 0,
            "eps_avg_yearly": 0,
            "eps_latest_yearly": 0,
            "eps_growth_yearly": 0
        },
        "20023": {
            "year_quarter": 20023,
            "year": 2002,
            "quarter": 3,
            "eps": -0.43,
            "eps_growth_year": null,
            "eps_4q": -1.57,
            "eps_4q_growth_year": null,
            "roe": -4.7,
            "roe_4q": -15.99,
            "gross_profit": 456276,
            "gross_margin": 10.91,
            "gross_margin_4q_avg": 0.49,
            "net_income": -645010,
            "revenue": 4182907,
            "common_shares": 14828689,
            "book_valuer_per_share": 8.98,
            "book_valuer_per_share_4q_avg": 9.54,
            "equity": 13314938,
            "current_ratio": 28.5,
            "debt_ratio": 73.27,
            "inventory_turnover_ratio": 2.72,
            "account_receivable_turnover_ratio": null,
            "reinvestment_rate": null,
            "research_to_sale_ratio": null,
            "price_fair": 0,
            "eps_avg_yearly": 0,
            "eps_latest_yearly": 0,
            "eps_growth_yearly": 0
        },
        "20024": {
            "year_quarter": 20024,
            "year": 2002,
            "quarter": 4,
            "eps": -0.15,
            "eps_growth_year": null,
            "eps_4q": -1.2,
            "eps_4q_growth_year": null,
            "roe": -1.68,
            "roe_4q": -12.6,
            "gross_profit": 438245,
            "gross_margin": 10.09,
            "gross_margin_4q_avg": 3.25,
            "net_income": -222111,
            "revenue": 4344936,
            "common_shares": 14829438,
            "book_valuer_per_share": 8.87,
            "book_valuer_per_share_4q_avg": 9.24,
            "equity": 13158867,
            "current_ratio": 28.81,
            "debt_ratio": 73.55,
            "inventory_turnover_ratio": 2.54,
            "account_receivable_turnover_ratio": null,
            "reinvestment_rate": null,
            "research_to_sale_ratio": null,
            "price_fair": 0,
            "eps_avg_yearly": 0,
            "eps_latest_yearly": 0,
            "eps_growth_yearly": 0
        },
        "20031": {
            "year_quarter": 20031,
            "year": 2003,
            "quarter": 1,
            "eps": -0.39,
            "eps_growth_year": null,
            "eps_4q": -1.01,
            "eps_4q_growth_year": null,
            "roe": -4.44,
            "roe_4q": -11.17,
            "gross_profit": 102727,
            "gross_margin": 2.3,
            "gross_margin_4q_avg": 6.44,
            "net_income": -573512,
            "revenue": 4476070,
            "common_shares": 14829438,
            "book_valuer_per_share": 8.56,
            "book_valuer_per_share_4q_avg": 8.99,
            "equity": 12690988,
            "current_ratio": 28.99,
            "debt_ratio": 74.58,
            "inventory_turnover_ratio": 2.61,
            "account_receivable_turnover_ratio": null,
            "reinvestment_rate": null,
            "research_to_sale_ratio": null,
            "price_fair": 0,
            "eps_avg_yearly": 0,
            "eps_latest_yearly": 0,
            "eps_growth_yearly": 0
        },
        "20032": {
            "year_quarter": 20032,
            "year": 2003,
            "quarter": 2,
            "eps": -0.07,
            "eps_growth_year": null,
            "eps_4q": -1.04,
            "eps_4q_growth_year": null,
            "roe": -0.85,
            "roe_4q": -11.67,
            "gross_profit": 28643,
            "gross_margin": 0.67,
            "gross_margin_4q_avg": 5.99,
            "net_income": -106746,
            "revenue": 4268784,
            "common_shares": 14829438,
            "book_valuer_per_share": 8.46,
            "book_valuer_per_share_4q_avg": 8.72,
            "equity": 12543092,
            "current_ratio": 28.25,
            "debt_ratio": 74.69,
            "inventory_turnover_ratio": 2.54,
            "account_receivable_turnover_ratio": null,
            "reinvestment_rate": null,
            "research_to_sale_ratio": null,
            "price_fair": 0,
            "eps_avg_yearly": 0,
            "eps_latest_yearly": 0,
            "eps_growth_yearly": 0
        },
        "20033": {
            "year_quarter": 20033,
            "year": 2003,
            "quarter": 3,
            "eps": 0.26,
            "eps_growth_year": null,
            "eps_4q": -0.35,
            "eps_4q_growth_year": null,
            "roe": 3.02,
            "roe_4q": -3.95,
            "gross_profit": 274023,
            "gross_margin": 5.85,
            "gross_margin_4q_avg": 4.73,
            "net_income": 385558,
            "revenue": 4680257,
            "common_shares": 14829438,
            "book_valuer_per_share": 8.74,
            "book_valuer_per_share_4q_avg": 8.66,
            "equity": 12959611,
            "current_ratio": 89.61,
            "debt_ratio": 73.41,
            "inventory_turnover_ratio": 2.93,
            "account_receivable_turnover_ratio": null,
            "reinvestment_rate": null,
            "research_to_sale_ratio": null,
            "price_fair": 0,
            "eps_avg_yearly": 0,
            "eps_latest_yearly": 0,
            "eps_growth_yearly": 0
        },
        "20034": {
            "year_quarter": 20034,
            "year": 2003,
            "quarter": 4,
            "eps": 0.38,
            "eps_growth_year": null,
            "eps_4q": 0.18,
            "eps_4q_growth_year": null,
            "roe": 4.14,
            "roe_4q": 1.87,
            "gross_profit": 334222,
            "gross_margin": 7.13,
            "gross_margin_4q_avg": 3.99,
            "net_income": 573823,
            "revenue": 4689605,
            "common_shares": 16899995,
            "book_valuer_per_share": 8.74,
            "book_valuer_per_share_4q_avg": 8.63,
            "equity": 14773741,
            "current_ratio": 128.67,
            "debt_ratio": 69.25,
            "inventory_turnover_ratio": 3.07,
            "account_receivable_turnover_ratio": null,
            "reinvestment_rate": null,
            "research_to_sale_ratio": null,
            "price_fair": 53.2,
            "eps_avg_yearly": 1.52,
            "eps_latest_yearly": 1.52,
            "eps_growth_yearly": 184.62
        },
        "20041": {
            "year_quarter": 20041,
            "year": 2004,
            "quarter": 1,
            "eps": 0.01,
            "eps_growth_year": null,
            "eps_4q": 0.73,
            "eps_4q_growth_year": null,
            "roe": 0.08,
            "roe_4q": 6.390000000000001,
            "gross_profit": 72955,
            "gross_margin": 1.54,
            "gross_margin_4q_avg": 3.8,
            "net_income": 11875,
            "revenue": 4724934,
            "common_shares": 16899995,
            "book_valuer_per_share": 8.96,
            "book_valuer_per_share_4q_avg": 8.73,
            "equity": 15146359,
            "current_ratio": 128.61,
            "debt_ratio": 68.51,
            "inventory_turnover_ratio": 3.05,
            "account_receivable_turnover_ratio": null,
            "reinvestment_rate": null,
            "research_to_sale_ratio": null,
            "price_fair": 2.34,
            "eps_avg_yearly": 0.78,
            "eps_latest_yearly": 0.04,
            "eps_growth_yearly": -102.43
        },
        "20042": {
            "year_quarter": 20042,
            "year": 2004,
            "quarter": 2,
            "eps": 0,
            "eps_growth_year": null,
            "eps_4q": 0.57,
            "eps_4q_growth_year": null,
            "roe": -0,
            "roe_4q": 7.24,
            "gross_profit": 255860,
            "gross_margin": 4.9,
            "gross_margin_4q_avg": 4.86,
            "net_income": -659,
            "revenue": 5218934,
            "common_shares": 16899995,
            "book_valuer_per_share": 8.85,
            "book_valuer_per_share_4q_avg": 8.82,
            "equity": 14948328,
            "current_ratio": 127.35,
            "debt_ratio": 68.57,
            "inventory_turnover_ratio": 3.26,
            "account_receivable_turnover_ratio": null,
            "reinvestment_rate": null,
            "research_to_sale_ratio": null,
            "price_fair": 2.34,
            "eps_avg_yearly": 0.78,
            "eps_latest_yearly": 0.04,
            "eps_growth_yearly": -102.43
        },
        "20043": {
            "year_quarter": 20043,
            "year": 2004,
            "quarter": 3,
            "eps": 0.08,
            "eps_growth_year": -69.23,
            "eps_4q": 0.41,
            "eps_4q_growth_year": null,
            "roe": 0.95,
            "roe_4q": 5.17,
            "gross_profit": 636318,
            "gross_margin": 9.6,
            "gross_margin_4q_avg": 5.79,
            "net_income": 141991,
            "revenue": 6628557,
            "common_shares": 16899995,
            "book_valuer_per_share": 8.83,
            "book_valuer_per_share_4q_avg": 8.85,
            "equity": 14916607,
            "current_ratio": 133.6,
            "debt_ratio": 68.75,
            "inventory_turnover_ratio": 3.59,
            "account_receivable_turnover_ratio": null,
            "reinvestment_rate": null,
            "research_to_sale_ratio": null,
            "price_fair": 2.34,
            "eps_avg_yearly": 0.78,
            "eps_latest_yearly": 0.04,
            "eps_growth_yearly": -102.43
        },
        "20044": {
            "year_quarter": 20044,
            "year": 2004,
            "quarter": 4,
            "eps": 0.32,
            "eps_growth_year": -15.79,
            "eps_4q": 0.41,
            "eps_4q_growth_year": 121.65,
            "roe": 3.58,
            "roe_4q": 4.61,
            "gross_profit": 997554,
            "gross_margin": 14.11,
            "gross_margin_4q_avg": 7.54,
            "net_income": 546563,
            "revenue": 7070615,
            "common_shares": 16899995,
            "book_valuer_per_share": 9.23,
            "book_valuer_per_share_4q_avg": 8.97,
            "equity": 15604146,
            "current_ratio": 131.29,
            "debt_ratio": 66.94,
            "inventory_turnover_ratio": 2.73,
            "account_receivable_turnover_ratio": null,
            "reinvestment_rate": null,
            "research_to_sale_ratio": null,
            "price_fair": 33.13,
            "eps_avg_yearly": 0.95,
            "eps_latest_yearly": 1.28,
            "eps_growth_yearly": 331.71
        },
        "20051": {
            "year_quarter": 20051,
            "year": 2005,
            "quarter": 1,
            "eps": -0.32,
            "eps_growth_year": -3300,
            "eps_4q": 0.09,
            "eps_4q_growth_year": -87.2,
            "roe": -3.29,
            "roe_4q": 1.24,
            "gross_profit": 951155,
            "gross_margin": 12.67,
            "gross_margin_4q_avg": 10.32,
            "net_income": -532716,
            "revenue": 7508940,
            "common_shares": 16899995,
            "book_valuer_per_share": 9.95,
            "book_valuer_per_share_4q_avg": 9.22,
            "equity": 16814201,
            "current_ratio": 149.74,
            "debt_ratio": 63.01,
            "inventory_turnover_ratio": 2.82,
            "account_receivable_turnover_ratio": null,
            "reinvestment_rate": null,
            "research_to_sale_ratio": null,
            "price_fair": 33.13,
            "eps_avg_yearly": 0.95,
            "eps_latest_yearly": 1.28,
            "eps_growth_yearly": 331.71
        },
        "20052": {
            "year_quarter": 20052,
            "year": 2005,
            "quarter": 2,
            "eps": 0.88,
            "eps_growth_year": null,
            "eps_4q": 0.97,
            "eps_4q_growth_year": 69.36,
            "roe": 8.52,
            "roe_4q": 9.759999999999998,
            "gross_profit": 1301101,
            "gross_margin": 16.86,
            "gross_margin_4q_avg": 13.31,
            "net_income": 1480394,
            "revenue": 7716295,
            "common_shares": 16899995,
            "book_valuer_per_share": 10.61,
            "book_valuer_per_share_4q_avg": 9.66,
            "equity": 17936440,
            "current_ratio": 172.42,
            "debt_ratio": 60.02,
            "inventory_turnover_ratio": 3.02,
            "account_receivable_turnover_ratio": null,
            "reinvestment_rate": null,
            "research_to_sale_ratio": null,
            "price_fair": 33.13,
            "eps_avg_yearly": 0.95,
            "eps_latest_yearly": 1.28,
            "eps_growth_yearly": 331.71
        },
        "20053": {
            "year_quarter": 20053,
            "year": 2005,
            "quarter": 3,
            "eps": 0.33,
            "eps_growth_year": 312.5,
            "eps_4q": 1.21,
            "eps_4q_growth_year": 195.6,
            "roe": 3.08,
            "roe_4q": 11.889999999999999,
            "gross_profit": 1281954,
            "gross_margin": 16.33,
            "gross_margin_4q_avg": 14.99,
            "net_income": 559817,
            "revenue": 7850264,
            "common_shares": 16899995,
            "book_valuer_per_share": 10.91,
            "book_valuer_per_share_4q_avg": 10.18,
            "equity": 18443258,
            "current_ratio": 170.54,
            "debt_ratio": 58.97,
            "inventory_turnover_ratio": 3.07,
            "account_receivable_turnover_ratio": null,
            "reinvestment_rate": null,
            "research_to_sale_ratio": null,
            "price_fair": 36.4,
            "eps_avg_yearly": 1.04,
            "eps_latest_yearly": 1.32,
            "eps_growth_yearly": 186.29
        },
        "20054": {
            "year_quarter": 20054,
            "year": 2005,
            "quarter": 4,
            "eps": -0.18,
            "eps_growth_year": -156.25,
            "eps_4q": 0.75,
            "eps_4q_growth_year": 83.29,
            "roe": -1.66,
            "roe_4q": 6.6499999999999995,
            "gross_profit": 620087,
            "gross_margin": 8.95,
            "gross_margin_4q_avg": 13.7,
            "net_income": -304560,
            "revenue": 6927371,
            "common_shares": 16899995,
            "book_valuer_per_share": 10.74,
            "book_valuer_per_share_4q_avg": 10.55,
            "equity": 18167667,
            "current_ratio": 146.43,
            "debt_ratio": 59.2,
            "inventory_turnover_ratio": 2.63,
            "account_receivable_turnover_ratio": null,
            "reinvestment_rate": -2718.58,
            "research_to_sale_ratio": null,
            "price_fair": 36.4,
            "eps_avg_yearly": 1.04,
            "eps_latest_yearly": 1.32,
            "eps_growth_yearly": 186.29
        },
        "20061": {
            "year_quarter": 20061,
            "year": 2006,
            "quarter": 1,
            "eps": 0.21,
            "eps_growth_year": null,
            "eps_4q": 1.22,
            "eps_4q_growth_year": 1209.18,
            "roe": 1.98,
            "roe_4q": 11.92,
            "gross_profit": 573732,
            "gross_margin": 8,
            "gross_margin_4q_avg": 12.54,
            "net_income": 360751,
            "revenue": 7174363,
            "common_shares": 16899995,
            "book_valuer_per_share": 10.83,
            "book_valuer_per_share_4q_avg": 10.77,
            "equity": 18298514,
            "current_ratio": 194.74,
            "debt_ratio": 57.13,
            "inventory_turnover_ratio": 2.71,
            "account_receivable_turnover_ratio": null,
            "reinvestment_rate": -648.74,
            "research_to_sale_ratio": null,
            "price_fair": 36.4,
            "eps_avg_yearly": 1.04,
            "eps_latest_yearly": 1.32,
            "eps_growth_yearly": 186.29
        },
        "20062": {
            "year_quarter": 20062,
            "year": 2006,
            "quarter": 2,
            "eps": 0.49,
            "eps_growth_year": -44.32,
            "eps_4q": 0.86,
            "eps_4q_growth_year": -12.04,
            "roe": 4.39,
            "roe_4q": 7.789999999999999,
            "gross_profit": 782752,
            "gross_margin": 9.57,
            "gross_margin_4q_avg": 10.71,
            "net_income": 825859,
            "revenue": 8180921,
            "common_shares": 16899995,
            "book_valuer_per_share": 11.43,
            "book_valuer_per_share_4q_avg": 10.98,
            "equity": 19314837,
            "current_ratio": 171.16,
            "debt_ratio": 55.87,
            "inventory_turnover_ratio": 3.49,
            "account_receivable_turnover_ratio": null,
            "reinvestment_rate": -403.53,
            "research_to_sale_ratio": null,
            "price_fair": 42.84,
            "eps_avg_yearly": 1.22,
            "eps_latest_yearly": 1.96,
            "eps_growth_yearly": 255.7
        },
        "20063": {
            "year_quarter": 20063,
            "year": 2006,
            "quarter": 3,
            "eps": 0.11,
            "eps_growth_year": -66.67,
            "eps_4q": 0.62,
            "eps_4q_growth_year": -48.83,
            "roe": 0.98,
            "roe_4q": 5.6899999999999995,
            "gross_profit": 692589,
            "gross_margin": 8.48,
            "gross_margin_4q_avg": 8.75,
            "net_income": 190418,
            "revenue": 8169362,
            "common_shares": 16899995,
            "book_valuer_per_share": 11.54,
            "book_valuer_per_share_4q_avg": 11.14,
            "equity": 19498295,
            "current_ratio": 175.32,
            "debt_ratio": 56.32,
            "inventory_turnover_ratio": 3.27,
            "account_receivable_turnover_ratio": null,
            "reinvestment_rate": -310.97,
            "research_to_sale_ratio": null,
            "price_fair": 38.27,
            "eps_avg_yearly": 1.09,
            "eps_latest_yearly": 0.44,
            "eps_growth_yearly": 161.38
        },
        "20064": {
            "year_quarter": 20064,
            "year": 2006,
            "quarter": 4,
            "eps": 0.24,
            "eps_growth_year": null,
            "eps_4q": 1.06,
            "eps_4q_growth_year": 41.63,
            "roe": 2.01,
            "roe_4q": 9.36,
            "gross_profit": 681370,
            "gross_margin": 7.7,
            "gross_margin_4q_avg": 8.44,
            "net_income": 401295,
            "revenue": 8847037,
            "common_shares": 16899995,
            "book_valuer_per_share": 12.08,
            "book_valuer_per_share_4q_avg": 11.47,
            "equity": 20409648,
            "current_ratio": 228.5,
            "debt_ratio": 55.74,
            "inventory_turnover_ratio": 3.29,
            "account_receivable_turnover_ratio": null,
            "reinvestment_rate": -299.41,
            "research_to_sale_ratio": null,
            "price_fair": 37.6,
            "eps_avg_yearly": 1.07,
            "eps_latest_yearly": 0.96,
            "eps_growth_yearly": 205.86
        },
        "20071": {
            "year_quarter": 20071,
            "year": 2007,
            "quarter": 1,
            "eps": 0.15,
            "eps_growth_year": -28.57,
            "eps_4q": 0.95,
            "eps_4q_growth_year": -22.18,
            "roe": 1.3,
            "roe_4q": 8.68,
            "gross_profit": 830464,
            "gross_margin": 10.02,
            "gross_margin_4q_avg": 8.94,
            "net_income": 265905,
            "revenue": 8291435,
            "common_shares": 16899995,
            "book_valuer_per_share": 12.2,
            "book_valuer_per_share_4q_avg": 11.81,
            "equity": 20611231,
            "current_ratio": 222.82,
            "debt_ratio": 54.65,
            "inventory_turnover_ratio": 3.06,
            "account_receivable_turnover_ratio": null,
            "reinvestment_rate": -256.72,
            "research_to_sale_ratio": null,
            "price_fair": 35.53,
            "eps_avg_yearly": 1.02,
            "eps_latest_yearly": 0.6,
            "eps_growth_yearly": 161.37
        },
        "20072": {
            "year_quarter": 20072,
            "year": 2007,
            "quarter": 2,
            "eps": 0.86,
            "eps_growth_year": 75.51,
            "eps_4q": 1.37,
            "eps_4q_growth_year": 59.56,
            "roe": 6.84,
            "roe_4q": 11.13,
            "gross_profit": 951010,
            "gross_margin": 10.68,
            "gross_margin_4q_avg": 9.22,
            "net_income": 1460386,
            "revenue": 8908407,
            "common_shares": 16899995,
            "book_valuer_per_share": 13.07,
            "book_valuer_per_share_4q_avg": 12.22,
            "equity": 22089110,
            "current_ratio": 261.58,
            "debt_ratio": 51.34,
            "inventory_turnover_ratio": 3.06,
            "account_receivable_turnover_ratio": null,
            "reinvestment_rate": -187.63,
            "research_to_sale_ratio": null,
            "price_fair": 44.96,
            "eps_avg_yearly": 1.28,
            "eps_latest_yearly": 3.44,
            "eps_growth_yearly": 353.81
        },
        "20073": {
            "year_quarter": 20073,
            "year": 2007,
            "quarter": 3,
            "eps": 0.39,
            "eps_growth_year": 254.55,
            "eps_4q": 1.65,
            "eps_4q_growth_year": 165.58,
            "roe": 2.94,
            "roe_4q": 13.09,
            "gross_profit": 893331,
            "gross_margin": 9.63,
            "gross_margin_4q_avg": 9.51,
            "net_income": 660959,
            "revenue": 9278330,
            "common_shares": 16899995,
            "book_valuer_per_share": 13.58,
            "book_valuer_per_share_4q_avg": 12.73,
            "equity": 22949993,
            "current_ratio": 211.91,
            "debt_ratio": 49.24,
            "inventory_turnover_ratio": 3.08,
            "account_receivable_turnover_ratio": null,
            "reinvestment_rate": -179.53,
            "research_to_sale_ratio": null,
            "price_fair": 45.92,
            "eps_avg_yearly": 1.31,
            "eps_latest_yearly": 1.56,
            "eps_growth_yearly": 296.57
        },
        "20074": {
            "year_quarter": 20074,
            "year": 2007,
            "quarter": 4,
            "eps": 0.28,
            "eps_growth_year": 16.67,
            "eps_4q": 1.67,
            "eps_4q_growth_year": 57.15,
            "roe": 2.07,
            "roe_4q": 13.15,
            "gross_profit": 1136626,
            "gross_margin": 11.88,
            "gross_margin_4q_avg": 10.55,
            "net_income": 480401,
            "revenue": 9571175,
            "common_shares": 16899995,
            "book_valuer_per_share": 13.94,
            "book_valuer_per_share_4q_avg": 13.2,
            "equity": 23554168,
            "current_ratio": 213.08,
            "debt_ratio": 50.12,
            "inventory_turnover_ratio": 2.78,
            "account_receivable_turnover_ratio": null,
            "reinvestment_rate": -149.9,
            "research_to_sale_ratio": null,
            "price_fair": 44.52,
            "eps_avg_yearly": 1.27,
            "eps_latest_yearly": 1.12,
            "eps_growth_yearly": 266.83
        },
        "20081": {
            "year_quarter": 20081,
            "year": 2008,
            "quarter": 1,
            "eps": 0.34,
            "eps_growth_year": 126.67,
            "eps_4q": 1.89,
            "eps_4q_growth_year": 99.53,
            "roe": 2.37,
            "roe_4q": 14.219999999999999,
            "gross_profit": 964820,
            "gross_margin": 8.84,
            "gross_margin_4q_avg": 10.26,
            "net_income": 569228,
            "revenue": 10917520,
            "common_shares": 16899995,
            "book_valuer_per_share": 14.47,
            "book_valuer_per_share_4q_avg": 13.77,
            "equity": 24452716,
            "current_ratio": 191.12,
            "debt_ratio": 49.05,
            "inventory_turnover_ratio": 2.97,
            "account_receivable_turnover_ratio": null,
            "reinvestment_rate": -74.38,
            "research_to_sale_ratio": null,
            "price_fair": 49.14,
            "eps_avg_yearly": 1.4,
            "eps_latest_yearly": 1.36,
            "eps_growth_yearly": 314.35
        },
        "20082": {
            "year_quarter": 20082,
            "year": 2008,
            "quarter": 2,
            "eps": -0.42,
            "eps_growth_year": -148.84,
            "eps_4q": 0.59,
            "eps_4q_growth_year": -56.88,
            "roe": -3.01,
            "roe_4q": 4.37,
            "gross_profit": 704818,
            "gross_margin": 7.03,
            "gross_margin_4q_avg": 9.35,
            "net_income": -716941,
            "revenue": 10022760,
            "common_shares": 16899995,
            "book_valuer_per_share": 13.75,
            "book_valuer_per_share_4q_avg": 13.94,
            "equity": 23233658,
            "current_ratio": 208.25,
            "debt_ratio": 52.43,
            "inventory_turnover_ratio": 2.54,
            "account_receivable_turnover_ratio": null,
            "reinvestment_rate": -80.74,
            "research_to_sale_ratio": null,
            "price_fair": 49.14,
            "eps_avg_yearly": 1.4,
            "eps_latest_yearly": 1.36,
            "eps_growth_yearly": 314.35
        },
        "20083": {
            "year_quarter": 20083,
            "year": 2008,
            "quarter": 3,
            "eps": -0.19,
            "eps_growth_year": -148.72,
            "eps_4q": 0.01,
            "eps_4q_growth_year": -99.37,
            "roe": -1.38,
            "roe_4q": 0.050000000000000266,
            "gross_profit": 97564,
            "gross_margin": 1.08,
            "gross_margin_4q_avg": 7.21,
            "net_income": -316466,
            "revenue": 9076114,
            "common_shares": 16899995,
            "book_valuer_per_share": 13.44,
            "book_valuer_per_share_4q_avg": 13.9,
            "equity": 22706031,
            "current_ratio": 213.42,
            "debt_ratio": 51.69,
            "inventory_turnover_ratio": 2.16,
            "account_receivable_turnover_ratio": null,
            "reinvestment_rate": -83.48,
            "research_to_sale_ratio": null,
            "price_fair": 49.14,
            "eps_avg_yearly": 1.4,
            "eps_latest_yearly": 1.36,
            "eps_growth_yearly": 314.35
        },
        "20084": {
            "year_quarter": 20084,
            "year": 2008,
            "quarter": 4,
            "eps": -1.53,
            "eps_growth_year": -646.43,
            "eps_4q": -1.78,
            "eps_4q_growth_year": -206.42,
            "roe": -12.9,
            "roe_4q": -14.919999999999998,
            "gross_profit": -2463699,
            "gross_margin": -82.48,
            "gross_margin_4q_avg": -16.38,
            "net_income": -2738642,
            "revenue": 2987011,
            "common_shares": 17949630,
            "book_valuer_per_share": 11.01,
            "book_valuer_per_share_4q_avg": 13.17,
            "equity": 19758213,
            "current_ratio": 280.87,
            "debt_ratio": 53.44,
            "inventory_turnover_ratio": 1.94,
            "account_receivable_turnover_ratio": 6.59,
            "reinvestment_rate": -200.79,
            "research_to_sale_ratio": null,
            "price_fair": 49.62,
            "eps_avg_yearly": 1.42,
            "eps_latest_yearly": 1.36,
            "eps_growth_yearly": 215.94
        },
        "20091": {
            "year_quarter": 20091,
            "year": 2009,
            "quarter": 1,
            "eps": -0.18,
            "eps_growth_year": -152.94,
            "eps_4q": -2.28,
            "eps_4q_growth_year": -220.12,
            "roe": -1.6,
            "roe_4q": -18.89,
            "gross_profit": -70521,
            "gross_margin": -1.71,
            "gross_margin_4q_avg": -19.02,
            "net_income": -314225,
            "revenue": 4122290,
            "common_shares": 17949630,
            "book_valuer_per_share": 10.84,
            "book_valuer_per_share_4q_avg": 12.26,
            "equity": 19465728,
            "current_ratio": 201.85,
            "debt_ratio": 54.84,
            "inventory_turnover_ratio": 3.18,
            "account_receivable_turnover_ratio": 3.3,
            "reinvestment_rate": -186.27,
            "research_to_sale_ratio": null,
            "price_fair": 49.62,
            "eps_avg_yearly": 1.42,
            "eps_latest_yearly": 1.36,
            "eps_growth_yearly": 215.94
        },
        "20092": {
            "year_quarter": 20092,
            "year": 2009,
            "quarter": 2,
            "eps": 0.58,
            "eps_growth_year": null,
            "eps_4q": -1.31,
            "eps_4q_growth_year": -321.75,
            "roe": 5.15,
            "roe_4q": -10.73,
            "gross_profit": 684942,
            "gross_margin": 10.55,
            "gross_margin_4q_avg": -18.14,
            "net_income": 1036246,
            "revenue": 6490425,
            "common_shares": 17949630,
            "book_valuer_per_share": 11.58,
            "book_valuer_per_share_4q_avg": 11.72,
            "equity": 20794111,
            "current_ratio": 220.12,
            "debt_ratio": 53.22,
            "inventory_turnover_ratio": 4.12,
            "account_receivable_turnover_ratio": 3.61,
            "reinvestment_rate": -221.21,
            "research_to_sale_ratio": null,
            "price_fair": 49.62,
            "eps_avg_yearly": 1.42,
            "eps_latest_yearly": 1.36,
            "eps_growth_yearly": 215.94
        },
        "20093": {
            "year_quarter": 20093,
            "year": 2009,
            "quarter": 3,
            "eps": 0.48,
            "eps_growth_year": null,
            "eps_4q": -0.64,
            "eps_4q_growth_year": -6320.38,
            "roe": 4.06,
            "roe_4q": -5.289999999999999,
            "gross_profit": 1130349,
            "gross_margin": 13.91,
            "gross_margin_4q_avg": -14.93,
            "net_income": 863915,
            "revenue": 8127112,
            "common_shares": 17949630,
            "book_valuer_per_share": 12.13,
            "book_valuer_per_share_4q_avg": 11.39,
            "equity": 21772446,
            "current_ratio": 236.98,
            "debt_ratio": 51.35,
            "inventory_turnover_ratio": 3.88,
            "account_receivable_turnover_ratio": 3.79,
            "reinvestment_rate": -200.32,
            "research_to_sale_ratio": null,
            "price_fair": 51.96,
            "eps_avg_yearly": 1.48,
            "eps_latest_yearly": 1.92,
            "eps_growth_yearly": 236.06
        },
        "20094": {
            "year_quarter": 20094,
            "year": 2009,
            "quarter": 4,
            "eps": 0.27,
            "eps_growth_year": null,
            "eps_4q": 1.15,
            "eps_4q_growth_year": null,
            "roe": 2.17,
            "roe_4q": 9.78,
            "gross_profit": 611940,
            "gross_margin": 7.45,
            "gross_margin_4q_avg": 7.55,
            "net_income": 478790,
            "revenue": 8217229,
            "common_shares": 17949630,
            "book_valuer_per_share": 12.44,
            "book_valuer_per_share_4q_avg": 11.75,
            "equity": 22327825,
            "current_ratio": 243.64,
            "debt_ratio": 48.13,
            "inventory_turnover_ratio": 3.75,
            "account_receivable_turnover_ratio": 6.9,
            "reinvestment_rate": 42.63,
            "research_to_sale_ratio": null,
            "price_fair": 50.54,
            "eps_avg_yearly": 1.44,
            "eps_latest_yearly": 1.08,
            "eps_growth_yearly": 194.95
        },
        "20101": {
            "year_quarter": 20101,
            "year": 2010,
            "quarter": 1,
            "eps": 0.41,
            "eps_growth_year": null,
            "eps_4q": 1.74,
            "eps_4q_growth_year": null,
            "roe": 3.26,
            "roe_4q": 14.639999999999999,
            "gross_profit": 1420326,
            "gross_margin": 14.79,
            "gross_margin_4q_avg": 11.68,
            "net_income": 738233,
            "revenue": 9602294,
            "common_shares": 17949630,
            "book_valuer_per_share": 12.77,
            "book_valuer_per_share_4q_avg": 12.23,
            "equity": 22915677,
            "current_ratio": 224.67,
            "debt_ratio": 47.94,
            "inventory_turnover_ratio": 3.75,
            "account_receivable_turnover_ratio": 3.6,
            "reinvestment_rate": 34.3,
            "research_to_sale_ratio": 0.38,
            "price_fair": 51.16,
            "eps_avg_yearly": 1.46,
            "eps_latest_yearly": 1.64,
            "eps_growth_yearly": 196.08
        },
        "20102": {
            "year_quarter": 20102,
            "year": 2010,
            "quarter": 2,
            "eps": 1.09,
            "eps_growth_year": 87.5,
            "eps_4q": 2.25,
            "eps_4q_growth_year": null,
            "roe": 8.17,
            "roe_4q": 17.66,
            "gross_profit": 1769272,
            "gross_margin": 17.26,
            "gross_margin_4q_avg": 13.35,
            "net_income": 1950919,
            "revenue": 10252262,
            "common_shares": 17949630,
            "book_valuer_per_share": 13.82,
            "book_valuer_per_share_4q_avg": 12.79,
            "equity": 24819715,
            "current_ratio": 242.62,
            "debt_ratio": 45.17,
            "inventory_turnover_ratio": 3.61,
            "account_receivable_turnover_ratio": 3.41,
            "reinvestment_rate": 33.9,
            "research_to_sale_ratio": 1.19,
            "price_fair": 58.8,
            "eps_avg_yearly": 1.68,
            "eps_latest_yearly": 4.36,
            "eps_growth_yearly": 207.91
        },
        "20103": {
            "year_quarter": 20103,
            "year": 2010,
            "quarter": 3,
            "eps": 0.66,
            "eps_growth_year": 38.22,
            "eps_4q": 2.43,
            "eps_4q_growth_year": null,
            "roe": 4.67,
            "roe_4q": 18.270000000000003,
            "gross_profit": 1642744,
            "gross_margin": 15.63,
            "gross_margin_4q_avg": 13.78,
            "net_income": 1183337,
            "revenue": 10511515,
            "common_shares": 17949630,
            "book_valuer_per_share": 14.37,
            "book_valuer_per_share_4q_avg": 13.35,
            "equity": 25868474,
            "current_ratio": 225.2,
            "debt_ratio": 44.75,
            "inventory_turnover_ratio": 3.84,
            "account_receivable_turnover_ratio": 3.48,
            "reinvestment_rate": 25.36,
            "research_to_sale_ratio": 0.45,
            "price_fair": 65.8,
            "eps_avg_yearly": 1.88,
            "eps_latest_yearly": 2.64,
            "eps_growth_yearly": 221.76
        },
        "20104": {
            "year_quarter": 20104,
            "year": 2010,
            "quarter": 4,
            "eps": 1.36,
            "eps_growth_year": 403.92,
            "eps_4q": 3.52,
            "eps_4q_growth_year": 206.25,
            "roe": 8.93,
            "roe_4q": 25.03,
            "gross_profit": 1565658,
            "gross_margin": 15.42,
            "gross_margin_4q_avg": 15.78,
            "net_income": 2446652,
            "revenue": 10154086,
            "common_shares": 17949630,
            "book_valuer_per_share": 16.07,
            "book_valuer_per_share_4q_avg": 14.26,
            "equity": 28919206,
            "current_ratio": 246.13,
            "debt_ratio": 36.32,
            "inventory_turnover_ratio": 3.79,
            "account_receivable_turnover_ratio": 3.52,
            "reinvestment_rate": 39.39,
            "research_to_sale_ratio": 0.7,
            "price_fair": 80.05,
            "eps_avg_yearly": 2.29,
            "eps_latest_yearly": 5.44,
            "eps_growth_yearly": 217.36
        },
        "20111": {
            "year_quarter": 20111,
            "year": 2011,
            "quarter": 1,
            "eps": 1.6,
            "eps_growth_year": 290.24,
            "eps_4q": 4.71,
            "eps_4q_growth_year": 171.47,
            "roe": 9.52,
            "roe_4q": 31.29,
            "gross_profit": 2067578,
            "gross_margin": 20,
            "gross_margin_4q_avg": 17.08,
            "net_income": 2873800,
            "revenue": 10339673,
            "common_shares": 17949630,
            "book_valuer_per_share": 17.5,
            "book_valuer_per_share_4q_avg": 15.44,
            "equity": 31482057,
            "current_ratio": 345.94,
            "debt_ratio": 33.26,
            "inventory_turnover_ratio": 3.06,
            "account_receivable_turnover_ratio": 3.52,
            "reinvestment_rate": 24.18,
            "research_to_sale_ratio": 0.45,
            "price_fair": 98.51,
            "eps_avg_yearly": 2.81,
            "eps_latest_yearly": 6.4,
            "eps_growth_yearly": 237.41
        },
        "20112": {
            "year_quarter": 20112,
            "year": 2011,
            "quarter": 2,
            "eps": 2.08,
            "eps_growth_year": 91.63,
            "eps_4q": 5.38,
            "eps_4q_growth_year": 139.5,
            "roe": 11.95,
            "roe_4q": 35.07,
            "gross_profit": 2279099,
            "gross_margin": 19.82,
            "gross_margin_4q_avg": 17.72,
            "net_income": 4111688,
            "revenue": 11496389,
            "common_shares": 17949630,
            "book_valuer_per_share": 20.76,
            "book_valuer_per_share_4q_avg": 17.18,
            "equity": 37334117,
            "current_ratio": 267.93,
            "debt_ratio": 32.04,
            "inventory_turnover_ratio": 2.77,
            "account_receivable_turnover_ratio": 3.59,
            "reinvestment_rate": 47.87,
            "research_to_sale_ratio": 0.6,
            "price_fair": 114.04,
            "eps_avg_yearly": 3.26,
            "eps_latest_yearly": 8.32,
            "eps_growth_yearly": 76.2
        },
        "20113": {
            "year_quarter": 20113,
            "year": 2011,
            "quarter": 3,
            "eps": 1.62,
            "eps_growth_year": 144.84,
            "eps_4q": 6.4,
            "eps_4q_growth_year": 163.59,
            "roe": 8.46,
            "roe_4q": 38.86,
            "gross_profit": 2505459,
            "gross_margin": 19.31,
            "gross_margin_4q_avg": 18.64,
            "net_income": 3203760,
            "revenue": 12971963,
            "common_shares": 19744593,
            "book_valuer_per_share": 19.41,
            "book_valuer_per_share_4q_avg": 18.44,
            "equity": 38384769,
            "current_ratio": 406.43,
            "debt_ratio": 29.04,
            "inventory_turnover_ratio": 3,
            "account_receivable_turnover_ratio": 3.61,
            "reinvestment_rate": 25.59,
            "research_to_sale_ratio": 0.49,
            "price_fair": 129.69,
            "eps_avg_yearly": 3.71,
            "eps_latest_yearly": 6.48,
            "eps_growth_yearly": 88.03
        },
        "20114": {
            "year_quarter": 20114,
            "year": 2011,
            "quarter": 4,
            "eps": 0.37,
            "eps_growth_year": -72.95,
            "eps_4q": 5.53,
            "eps_4q_growth_year": 57.08,
            "roe": 1.87,
            "roe_4q": 31.8,
            "gross_profit": 478720,
            "gross_margin": 5.29,
            "gross_margin_4q_avg": 16.11,
            "net_income": 718868,
            "revenue": 9056161,
            "common_shares": 19744593,
            "book_valuer_per_share": 19.47,
            "book_valuer_per_share_4q_avg": 19.29,
            "equity": 38494461,
            "current_ratio": 395.33,
            "debt_ratio": 29.21,
            "inventory_turnover_ratio": 2.78,
            "account_receivable_turnover_ratio": 2.53,
            "reinvestment_rate": 24.38,
            "research_to_sale_ratio": 3.75,
            "price_fair": 130.84,
            "eps_avg_yearly": 3.74,
            "eps_latest_yearly": 1.48,
            "eps_growth_yearly": 70.23
        },
        "20121": {
            "year_quarter": 20121,
            "year": 2012,
            "quarter": 1,
            "eps": 0.98,
            "eps_growth_year": -38.75,
            "eps_4q": 5.06,
            "eps_4q_growth_year": 7.23,
            "roe": 4.96,
            "roe_4q": 27.240000000000002,
            "gross_profit": 1172171,
            "gross_margin": 11.55,
            "gross_margin_4q_avg": 13.99,
            "net_income": 1931522,
            "revenue": 10152432,
            "common_shares": 19744593,
            "book_valuer_per_share": 19.92,
            "book_valuer_per_share_4q_avg": 19.89,
            "equity": 39383540,
            "current_ratio": 409.85,
            "debt_ratio": 29.3,
            "inventory_turnover_ratio": 2.97,
            "account_receivable_turnover_ratio": 2.97,
            "reinvestment_rate": 10.35,
            "research_to_sale_ratio": 0.45,
            "price_fair": 138.98,
            "eps_avg_yearly": 3.97,
            "eps_latest_yearly": 3.92,
            "eps_growth_yearly": 122.39
        },
        "20122": {
            "year_quarter": 20122,
            "year": 2012,
            "quarter": 2,
            "eps": 0.22,
            "eps_growth_year": -89.66,
            "eps_4q": 2.74,
            "eps_4q_growth_year": -49,
            "roe": 1.32,
            "roe_4q": 16.61,
            "gross_profit": 492593,
            "gross_margin": 5.59,
            "gross_margin_4q_avg": 10.44,
            "net_income": 498225,
            "revenue": 8818223,
            "common_shares": 19744593,
            "book_valuer_per_share": 18.31,
            "book_valuer_per_share_4q_avg": 19.28,
            "equity": 36209365,
            "current_ratio": 285.69,
            "debt_ratio": 32.65,
            "inventory_turnover_ratio": 2.27,
            "account_receivable_turnover_ratio": 3.17,
            "reinvestment_rate": 11.81,
            "research_to_sale_ratio": 0.55,
            "price_fair": 129.97,
            "eps_avg_yearly": 3.71,
            "eps_latest_yearly": 0.88,
            "eps_growth_yearly": 86.34
        },
        "20123": {
            "year_quarter": 20123,
            "year": 2012,
            "quarter": 3,
            "eps": -0.17,
            "eps_growth_year": -110.59,
            "eps_4q": 1.19,
            "eps_4q_growth_year": -81.41,
            "roe": -1.12,
            "roe_4q": 7.03,
            "gross_profit": -176006,
            "gross_margin": -1.72,
            "gross_margin_4q_avg": 5.18,
            "net_income": -402418,
            "revenue": 10242661,
            "common_shares": 19744593,
            "book_valuer_per_share": 18.14,
            "book_valuer_per_share_4q_avg": 18.96,
            "equity": 35859314,
            "current_ratio": 316.47,
            "debt_ratio": 22.83,
            "inventory_turnover_ratio": 2.9,
            "account_receivable_turnover_ratio": 3.93,
            "reinvestment_rate": 15.6,
            "research_to_sale_ratio": 0.44,
            "price_fair": 129.97,
            "eps_avg_yearly": 3.71,
            "eps_latest_yearly": 0.88,
            "eps_growth_yearly": 86.34
        },
        "20124": {
            "year_quarter": 20124,
            "year": 2012,
            "quarter": 4,
            "eps": -0.27,
            "eps_growth_year": -172.16,
            "eps_4q": 0.61,
            "eps_4q_growth_year": -88.95,
            "roe": -1.74,
            "roe_4q": 3.42,
            "gross_profit": -644416,
            "gross_margin": -7.05,
            "gross_margin_4q_avg": 2.09,
            "net_income": -622003,
            "revenue": 9139564,
            "common_shares": 23199897,
            "book_valuer_per_share": 15.27,
            "book_valuer_per_share_4q_avg": 17.91,
            "equity": 35459649,
            "current_ratio": 331.76,
            "debt_ratio": 21.92,
            "inventory_turnover_ratio": 3.25,
            "account_receivable_turnover_ratio": 3.02,
            "reinvestment_rate": 22.93,
            "research_to_sale_ratio": 0.66,
            "price_fair": 129.97,
            "eps_avg_yearly": 3.71,
            "eps_latest_yearly": 0.88,
            "eps_growth_yearly": 86.34
        },
        "20131": {
            "year_quarter": 20131,
            "year": 2013,
            "quarter": 1,
            "eps": -0.11,
            "eps_growth_year": -111.22,
            "eps_4q": -0.33,
            "eps_4q_growth_year": -106.49,
            "roe": -0.74,
            "roe_4q": -2.2800000000000002,
            "gross_profit": -129128,
            "gross_margin": -1.42,
            "gross_margin_4q_avg": -1.15,
            "net_income": -257670,
            "revenue": 9074551,
            "common_shares": 23199897,
            "book_valuer_per_share": 14.7,
            "book_valuer_per_share_4q_avg": 16.61,
            "equity": 34129505,
            "current_ratio": 286.03,
            "debt_ratio": 24.99,
            "inventory_turnover_ratio": 2.9,
            "account_receivable_turnover_ratio": 3.02,
            "reinvestment_rate": 29.67,
            "research_to_sale_ratio": 0.78,
            "price_fair": 129.97,
            "eps_avg_yearly": 3.71,
            "eps_latest_yearly": 0.88,
            "eps_growth_yearly": 86.34
        },
        "20132": {
            "year_quarter": 20132,
            "year": 2013,
            "quarter": 2,
            "eps": -0.26,
            "eps_growth_year": -220.67,
            "eps_4q": -0.81,
            "eps_4q_growth_year": -129.45,
            "roe": -1.85,
            "roe_4q": -5.45,
            "gross_profit": -271995,
            "gross_margin": -3.43,
            "gross_margin_4q_avg": -3.41,
            "net_income": -615515,
            "revenue": 7924316,
            "common_shares": 23199897,
            "book_valuer_per_share": 13.89,
            "book_valuer_per_share_4q_avg": 15.5,
            "equity": 32458817,
            "current_ratio": 262.28,
            "debt_ratio": 27.17,
            "inventory_turnover_ratio": 2.3,
            "account_receivable_turnover_ratio": 2.88,
            "reinvestment_rate": 31,
            "research_to_sale_ratio": 0.77,
            "price_fair": 129.97,
            "eps_avg_yearly": 3.71,
            "eps_latest_yearly": 0.88,
            "eps_growth_yearly": 86.34
        },
        "20133": {
            "year_quarter": 20133,
            "year": 2013,
            "quarter": 3,
            "eps": -0.13,
            "eps_growth_year": null,
            "eps_4q": -0.77,
            "eps_4q_growth_year": -164.61,
            "roe": -0.96,
            "roe_4q": -5.29,
            "gross_profit": -120816,
            "gross_margin": -1.29,
            "gross_margin_4q_avg": -3.3,
            "net_income": -311655,
            "revenue": 9385650,
            "common_shares": 23199897,
            "book_valuer_per_share": 13.78,
            "book_valuer_per_share_4q_avg": 14.41,
            "equity": 32199480,
            "current_ratio": 264,
            "debt_ratio": 25.77,
            "inventory_turnover_ratio": 3,
            "account_receivable_turnover_ratio": 3.74,
            "reinvestment_rate": 34.62,
            "research_to_sale_ratio": 0.49,
            "price_fair": 135.67,
            "eps_avg_yearly": 3.88,
            "eps_latest_yearly": 0.88,
            "eps_growth_yearly": 100.46
        },
        "20134": {
            "year_quarter": 20134,
            "year": 2013,
            "quarter": 4,
            "eps": -0.11,
            "eps_growth_year": null,
            "eps_4q": -0.62,
            "eps_4q_growth_year": -200.84,
            "roe": -0.86,
            "roe_4q": -4.41,
            "gross_profit": -9891,
            "gross_margin": -0.11,
            "gross_margin_4q_avg": -1.56,
            "net_income": -275734,
            "revenue": 8954024,
            "common_shares": 23199897,
            "book_valuer_per_share": 13.65,
            "book_valuer_per_share_4q_avg": 14.01,
            "equity": 31874885,
            "current_ratio": 219.79,
            "debt_ratio": 30.04,
            "inventory_turnover_ratio": 3.31,
            "account_receivable_turnover_ratio": 3.58,
            "reinvestment_rate": -7.72,
            "research_to_sale_ratio": 0.55,
            "price_fair": 145.46,
            "eps_avg_yearly": 4.16,
            "eps_latest_yearly": 0.88,
            "eps_growth_yearly": 128
        },
        "20141": {
            "year_quarter": 20141,
            "year": 2014,
            "quarter": 1,
            "eps": -0.09,
            "eps_growth_year": null,
            "eps_4q": -0.6,
            "eps_4q_growth_year": null,
            "roe": -0.66,
            "roe_4q": -4.33,
            "gross_profit": 118518,
            "gross_margin": 1.3,
            "gross_margin_4q_avg": -0.88,
            "net_income": -210898,
            "revenue": 9122934,
            "common_shares": 23199897,
            "book_valuer_per_share": 13.53,
            "book_valuer_per_share_4q_avg": 13.71,
            "equity": 31618345,
            "current_ratio": 252.52,
            "debt_ratio": 29.2,
            "inventory_turnover_ratio": 3.13,
            "account_receivable_turnover_ratio": 3.55,
            "reinvestment_rate": -3.93,
            "research_to_sale_ratio": 0.42,
            "price_fair": 155.24,
            "eps_avg_yearly": 4.44,
            "eps_latest_yearly": 0.88,
            "eps_growth_yearly": 119.18
        },
        "20142": {
            "year_quarter": 20142,
            "year": 2014,
            "quarter": 2,
            "eps": -0.22,
            "eps_growth_year": null,
            "eps_4q": -0.55,
            "eps_4q_growth_year": null,
            "roe": -1.6,
            "roe_4q": -4.08,
            "gross_profit": -303036,
            "gross_margin": -3.77,
            "gross_margin_4q_avg": -0.97,
            "net_income": -501824,
            "revenue": 8028084,
            "common_shares": 23199897,
            "book_valuer_per_share": 13.29,
            "book_valuer_per_share_4q_avg": 13.56,
            "equity": 31072327,
            "current_ratio": 289.75,
            "debt_ratio": 29.44,
            "inventory_turnover_ratio": 2.74,
            "account_receivable_turnover_ratio": 2.76,
            "reinvestment_rate": -8.84,
            "research_to_sale_ratio": 0.59,
            "price_fair": 155.58,
            "eps_avg_yearly": 4.45,
            "eps_latest_yearly": 0.88,
            "eps_growth_yearly": 51.15
        },
        "20143": {
            "year_quarter": 20143,
            "year": 2014,
            "quarter": 3,
            "eps": -0.11,
            "eps_growth_year": null,
            "eps_4q": -0.54,
            "eps_4q_growth_year": null,
            "roe": -0.87,
            "roe_4q": -3.99,
            "gross_profit": -187181,
            "gross_margin": -2.14,
            "gross_margin_4q_avg": -1.18,
            "net_income": -268971,
            "revenue": 8732452,
            "common_shares": 23199897,
            "book_valuer_per_share": 13.17,
            "book_valuer_per_share_4q_avg": 13.41,
            "equity": 30792295,
            "current_ratio": 265.66,
            "debt_ratio": 32.54,
            "inventory_turnover_ratio": 3.16,
            "account_receivable_turnover_ratio": 2.9,
            "reinvestment_rate": -6.2,
            "research_to_sale_ratio": 0.48,
            "price_fair": 164.6,
            "eps_avg_yearly": 4.7,
            "eps_latest_yearly": 0.88,
            "eps_growth_yearly": 81
        },
        "20144": {
            "year_quarter": 20144,
            "year": 2014,
            "quarter": 4,
            "eps": 0.55,
            "eps_growth_year": null,
            "eps_4q": 0.13,
            "eps_4q_growth_year": null,
            "roe": 3.03,
            "roe_4q": -0.10000000000000042,
            "gross_profit": -391464,
            "gross_margin": -5.31,
            "gross_margin_4q_avg": -2.48,
            "net_income": 1276225,
            "revenue": 7366012,
            "common_shares": 23199897,
            "book_valuer_per_share": 22.93,
            "book_valuer_per_share_4q_avg": 15.73,
            "equity": 53419291,
            "current_ratio": 320.51,
            "debt_ratio": 31.01,
            "inventory_turnover_ratio": 3.23,
            "account_receivable_turnover_ratio": 2.74,
            "reinvestment_rate": -13.56,
            "research_to_sale_ratio": 0.93,
            "price_fair": 154.76,
            "eps_avg_yearly": 4.58,
            "eps_latest_yearly": 0.88,
            "eps_growth_yearly": 23.79
        },
        "20151": {
            "year_quarter": 20151,
            "year": 2015,
            "quarter": 1,
            "eps": 0.08,
            "eps_growth_year": null,
            "eps_4q": 0.3,
            "eps_4q_growth_year": null,
            "roe": 0.34,
            "roe_4q": 0.8999999999999995,
            "gross_profit": 170152,
            "gross_margin": 2.3,
            "gross_margin_4q_avg": -2.23,
            "net_income": 182950,
            "revenue": 7398603,
            "common_shares": 23199897,
            "book_valuer_per_share": 22.99,
            "book_valuer_per_share_4q_avg": 18.1,
            "equity": 53566459,
            "current_ratio": 377.73,
            "debt_ratio": 29.67,
            "inventory_turnover_ratio": 3.41,
            "account_receivable_turnover_ratio": 2.87,
            "reinvestment_rate": -6.48,
            "research_to_sale_ratio": 0.52,
            "price_fair": 10.7,
            "eps_avg_yearly": 3.57,
            "eps_latest_yearly": 0.32,
            "eps_growth_yearly": -44.94
        },
        "20152": {
            "year_quarter": 20152,
            "year": 2015,
            "quarter": 2,
            "eps": 0.15,
            "eps_growth_year": null,
            "eps_4q": 0.67,
            "eps_4q_growth_year": null,
            "roe": 0.65,
            "roe_4q": 3.1499999999999995,
            "gross_profit": 248931,
            "gross_margin": 3.25,
            "gross_margin_4q_avg": -0.48,
            "net_income": 348107,
            "revenue": 7652831,
            "common_shares": 23199897,
            "book_valuer_per_share": 23.17,
            "book_valuer_per_share_4q_avg": 20.57,
            "equity": 53981814,
            "current_ratio": 359.86,
            "debt_ratio": 28.46,
            "inventory_turnover_ratio": 3.66,
            "account_receivable_turnover_ratio": 3.1,
            "reinvestment_rate": -91.09,
            "research_to_sale_ratio": 0.62,
            "price_fair": 6.84,
            "eps_avg_yearly": 2.28,
            "eps_latest_yearly": 0.6,
            "eps_growth_yearly": -6.61
        },
        "20153": {
            "year_quarter": 20153,
            "year": 2015,
            "quarter": 3,
            "eps": -0.17,
            "eps_growth_year": null,
            "eps_4q": 0.62,
            "eps_4q_growth_year": null,
            "roe": -0.72,
            "roe_4q": 3.3,
            "gross_profit": -274800,
            "gross_margin": -4.27,
            "gross_margin_4q_avg": -1.01,
            "net_income": -388971,
            "revenue": 6428940,
            "common_shares": 23199897,
            "book_valuer_per_share": 23.01,
            "book_valuer_per_share_4q_avg": 23.03,
            "equity": 53608546,
            "current_ratio": 348.92,
            "debt_ratio": 28.71,
            "inventory_turnover_ratio": 3.41,
            "account_receivable_turnover_ratio": 3.24,
            "reinvestment_rate": -148.57,
            "research_to_sale_ratio": 0.81,
            "price_fair": 28.45,
            "eps_avg_yearly": 1.44,
            "eps_latest_yearly": 0.6,
            "eps_growth_yearly": 9.76
        },
        "20154": {
            "year_quarter": 20154,
            "year": 2015,
            "quarter": 4,
            "eps": -0.02,
            "eps_growth_year": -104.31,
            "eps_4q": 0.04,
            "eps_4q_growth_year": -68.62,
            "roe": -0.11,
            "roe_4q": 0.1600000000000001,
            "gross_profit": -587031,
            "gross_margin": -12.56,
            "gross_margin_4q_avg": -2.82,
            "net_income": -59316,
            "revenue": 4675621,
            "common_shares": 23199897,
            "book_valuer_per_share": 22.86,
            "book_valuer_per_share_4q_avg": 23.01,
            "equity": 53258018,
            "current_ratio": 286.4,
            "debt_ratio": 29.7,
            "inventory_turnover_ratio": 2.72,
            "account_receivable_turnover_ratio": 2.74,
            "reinvestment_rate": -535.77,
            "research_to_sale_ratio": 1.68,
            "price_fair": 50.05,
            "eps_avg_yearly": 1.43,
            "eps_latest_yearly": 0.6,
            "eps_growth_yearly": 89.36
        },
        "20161": {
            "year_quarter": 20161,
            "year": 2016,
            "quarter": 1,
            "eps": -0.31,
            "eps_growth_year": -487.5,
            "eps_4q": -0.35,
            "eps_4q_growth_year": -215.71,
            "roe": -1.37,
            "roe_4q": -1.5500000000000003,
            "gross_profit": -455621,
            "gross_margin": -8.58,
            "gross_margin_4q_avg": -5.54,
            "net_income": -721949,
            "revenue": 5310386,
            "common_shares": 23199897,
            "book_valuer_per_share": 22.51,
            "book_valuer_per_share_4q_avg": 22.89,
            "equity": 52447575,
            "current_ratio": 286.31,
            "debt_ratio": 30.62,
            "inventory_turnover_ratio": 3.03,
            "account_receivable_turnover_ratio": 3.15,
            "reinvestment_rate": null,
            "research_to_sale_ratio": 0.87,
            "price_fair": 1.8,
            "eps_avg_yearly": 0.6,
            "eps_latest_yearly": 0.6,
            "eps_growth_yearly": -100.67
        },
        "20162": {
            "year_quarter": 20162,
            "year": 2016,
            "quarter": 2,
            "eps": -0.3,
            "eps_growth_year": -300,
            "eps_4q": -0.8,
            "eps_4q_growth_year": -219.75,
            "roe": -1.35,
            "roe_4q": -3.55,
            "gross_profit": -297411,
            "gross_margin": -4.82,
            "gross_margin_4q_avg": -7.56,
            "net_income": -699393,
            "revenue": 6171458,
            "common_shares": 23199897,
            "book_valuer_per_share": 22.11,
            "book_valuer_per_share_4q_avg": 22.62,
            "equity": 51505026,
            "current_ratio": 255.83,
            "debt_ratio": 31.3,
            "inventory_turnover_ratio": 3.77,
            "account_receivable_turnover_ratio": 3.28,
            "reinvestment_rate": null,
            "research_to_sale_ratio": 0.81,
            "price_fair": 6.48,
            "eps_avg_yearly": 0.46,
            "eps_latest_yearly": 0.6,
            "eps_growth_yearly": 4.09
        },
        "20163": {
            "year_quarter": 20163,
            "year": 2016,
            "quarter": 3,
            "eps": -0.01,
            "eps_growth_year": null,
            "eps_4q": -0.64,
            "eps_4q_growth_year": -203.35,
            "roe": -0.02,
            "roe_4q": -2.85,
            "gross_profit": 247356,
            "gross_margin": 3.25,
            "gross_margin_4q_avg": -5.68,
            "net_income": -11978,
            "revenue": 7603194,
            "common_shares": 23199897,
            "book_valuer_per_share": 22.08,
            "book_valuer_per_share_4q_avg": 22.39,
            "equity": 51423766,
            "current_ratio": 263.2,
            "debt_ratio": 32.8,
            "inventory_turnover_ratio": 4.51,
            "account_receivable_turnover_ratio": 3.34,
            "reinvestment_rate": null,
            "research_to_sale_ratio": 0.63,
            "price_fair": 6.48,
            "eps_avg_yearly": 0.46,
            "eps_latest_yearly": 0.6,
            "eps_growth_yearly": 4.09
        },
        "20164": {
            "year_quarter": 20164,
            "year": 2016,
            "quarter": 4,
            "eps": -0.19,
            "eps_growth_year": null,
            "eps_4q": -0.81,
            "eps_4q_growth_year": -2057.2,
            "roe": -0.87,
            "roe_4q": -3.6100000000000003,
            "gross_profit": 415815,
            "gross_margin": 6.61,
            "gross_margin_4q_avg": -0.89,
            "net_income": -444825,
            "revenue": 6291645,
            "common_shares": 23199897,
            "book_valuer_per_share": 21.9,
            "book_valuer_per_share_4q_avg": 22.15,
            "equity": 51062666,
            "current_ratio": 153.71,
            "debt_ratio": 33.21,
            "inventory_turnover_ratio": 3.56,
            "account_receivable_turnover_ratio": 2.8,
            "reinvestment_rate": null,
            "research_to_sale_ratio": 0.86,
            "price_fair": 6.48,
            "eps_avg_yearly": 0.46,
            "eps_latest_yearly": 0.6,
            "eps_growth_yearly": 4.09
        },
        "20171": {
            "year_quarter": 20171,
            "year": 2017,
            "quarter": 1,
            "eps": 0.57,
            "eps_growth_year": null,
            "eps_4q": 0.07,
            "eps_4q_growth_year": null,
            "roe": 2.55,
            "roe_4q": 0.3099999999999996,
            "gross_profit": 1985879,
            "gross_margin": 22.02,
            "gross_margin_4q_avg": 6.77,
            "net_income": 1323885,
            "revenue": 9016749,
            "common_shares": 23552590,
            "book_valuer_per_share": 22.27,
            "book_valuer_per_share_4q_avg": 22.09,
            "equity": 52696259,
            "current_ratio": 184.85,
            "debt_ratio": 31.77,
            "inventory_turnover_ratio": 4.04,
            "account_receivable_turnover_ratio": 3.5,
            "reinvestment_rate": null,
            "research_to_sale_ratio": 0.55,
            "price_fair": 6.48,
            "eps_avg_yearly": 0.46,
            "eps_latest_yearly": 0.6,
            "eps_growth_yearly": 4.09
        },
        "20172": {
            "year_quarter": 20172,
            "year": 2017,
            "quarter": 2,
            "eps": 1.28,
            "eps_growth_year": null,
            "eps_4q": 1.63,
            "eps_4q_growth_year": null,
            "roe": 5.51,
            "roe_4q": 7.169999999999999,
            "gross_profit": 653102,
            "gross_margin": 8.73,
            "gross_margin_4q_avg": 10.15,
            "net_income": 2990426,
            "revenue": 7483752,
            "common_shares": 23633536,
            "book_valuer_per_share": 23.52,
            "book_valuer_per_share_4q_avg": 22.44,
            "equity": 55824194,
            "current_ratio": 206.56,
            "debt_ratio": 30.25,
            "inventory_turnover_ratio": 3.58,
            "account_receivable_turnover_ratio": 2.61,
            "reinvestment_rate": -122.57,
            "research_to_sale_ratio": 0.69,
            "price_fair": 70.47,
            "eps_avg_yearly": 2.01,
            "eps_latest_yearly": 5.12,
            "eps_growth_yearly": 168.81
        },
        "20173": {
            "year_quarter": 20173,
            "year": 2017,
            "quarter": 3,
            "eps": 0.27,
            "eps_growth_year": null,
            "eps_4q": 1.78,
            "eps_4q_growth_year": null,
            "roe": 1.09,
            "roe_4q": 8.28,
            "gross_profit": 1106990,
            "gross_margin": 14.03,
            "gross_margin_4q_avg": 12.85,
            "net_income": 622469,
            "revenue": 7888444,
            "common_shares": 25246672,
            "book_valuer_per_share": 23.1,
            "book_valuer_per_share_4q_avg": 22.7,
            "equity": 58568029,
            "current_ratio": 287.52,
            "debt_ratio": 27.06,
            "inventory_turnover_ratio": 3.33,
            "account_receivable_turnover_ratio": 3.17,
            "reinvestment_rate": -50.36,
            "research_to_sale_ratio": 0.68,
            "price_fair": 62.3,
            "eps_avg_yearly": 1.78,
            "eps_latest_yearly": 1.08,
            "eps_growth_yearly": 47.7
        },
        "20174": {
            "year_quarter": 20174,
            "year": 2017,
            "quarter": 4,
            "eps": 0.43,
            "eps_growth_year": null,
            "eps_4q": 2.26,
            "eps_4q_growth_year": null,
            "roe": 1.9,
            "roe_4q": 11.05,
            "gross_profit": 1625610,
            "gross_margin": 18.17,
            "gross_margin_4q_avg": 15.74,
            "net_income": 1150543,
            "revenue": 8947025,
            "common_shares": 26998573,
            "book_valuer_per_share": 23.08,
            "book_valuer_per_share_4q_avg": 22.99,
            "equity": 62548459,
            "current_ratio": 444.14,
            "debt_ratio": 23.37,
            "inventory_turnover_ratio": 3.3,
            "account_receivable_turnover_ratio": 3,
            "reinvestment_rate": -7.2,
            "research_to_sale_ratio": 0.91,
            "price_fair": 61.88,
            "eps_avg_yearly": 1.77,
            "eps_latest_yearly": 1.72,
            "eps_growth_yearly": 85.57
        },
        "20181": {
            "year_quarter": 20181,
            "year": 2018,
            "quarter": 1,
            "eps": 0.41,
            "eps_growth_year": -28.07,
            "eps_4q": 2.17,
            "eps_4q_growth_year": 2831.13,
            "roe": 1.74,
            "roe_4q": 10.239999999999998,
            "gross_profit": 1257893,
            "gross_margin": 13.25,
            "gross_margin_4q_avg": 13.55,
            "net_income": 1103499,
            "revenue": 9494452,
            "common_shares": 26998573,
            "book_valuer_per_share": 23.8,
            "book_valuer_per_share_4q_avg": 23.38,
            "equity": 64547267,
            "current_ratio": 465.88,
            "debt_ratio": 23.14,
            "inventory_turnover_ratio": 3.43,
            "account_receivable_turnover_ratio": 2.78,
            "reinvestment_rate": -2.77,
            "research_to_sale_ratio": 0.57,
            "price_fair": 61.13,
            "eps_avg_yearly": 1.75,
            "eps_latest_yearly": 1.64,
            "eps_growth_yearly": 68.21
        },
        "20182": {
            "year_quarter": 20182,
            "year": 2018,
            "quarter": 2,
            "eps": 0.45,
            "eps_growth_year": -64.84,
            "eps_4q": 1.52,
            "eps_4q_growth_year": -7.16,
            "roe": 1.87,
            "roe_4q": 6.6,
            "gross_profit": 1386915,
            "gross_margin": 14.68,
            "gross_margin_4q_avg": 15.03,
            "net_income": 1217024,
            "revenue": 9447981,
            "common_shares": 26998573,
            "book_valuer_per_share": 24.3,
            "book_valuer_per_share_4q_avg": 23.57,
            "equity": 65888805,
            "current_ratio": 442.29,
            "debt_ratio": 22.95,
            "inventory_turnover_ratio": 3.43,
            "account_receivable_turnover_ratio": 2.82,
            "reinvestment_rate": 5,
            "research_to_sale_ratio": 0.89,
            "price_fair": 61.4,
            "eps_avg_yearly": 1.75,
            "eps_latest_yearly": 1.8,
            "eps_growth_yearly": 64.04
        },
        "20183": {
            "year_quarter": 20183,
            "year": 2018,
            "quarter": 3,
            "eps": 0.61,
            "eps_growth_year": 125.93,
            "eps_4q": 1.9,
            "eps_4q_growth_year": 6.58,
            "roe": 2.47,
            "roe_4q": 7.98,
            "gross_profit": 1797268,
            "gross_margin": 16.39,
            "gross_margin_4q_avg": 15.62,
            "net_income": 1649583,
            "revenue": 10968322,
            "common_shares": 26998573,
            "book_valuer_per_share": 24.87,
            "book_valuer_per_share_4q_avg": 24.01,
            "equity": 67436325,
            "current_ratio": 409.86,
            "debt_ratio": 23.32,
            "inventory_turnover_ratio": 3.88,
            "account_receivable_turnover_ratio": 3.02,
            "reinvestment_rate": 13.62,
            "research_to_sale_ratio": 0.69,
            "price_fair": 64.4,
            "eps_avg_yearly": 1.84,
            "eps_latest_yearly": 2.44,
            "eps_growth_yearly": 73.81
        },
        "20184": {
            "year_quarter": 20184,
            "year": 2018,
            "quarter": 4,
            "eps": 0.12,
            "eps_growth_year": -72.48,
            "eps_4q": 1.59,
            "eps_4q_growth_year": -29.57,
            "roe": 0.46,
            "roe_4q": 6.540000000000001,
            "gross_profit": 734086,
            "gross_margin": 8.54,
            "gross_margin_4q_avg": 13.22,
            "net_income": 310889,
            "revenue": 8592366,
            "common_shares": 26998573,
            "book_valuer_per_share": 24.78,
            "book_valuer_per_share_4q_avg": 24.44,
            "equity": 67190754,
            "current_ratio": 288.76,
            "debt_ratio": 25.1,
            "inventory_turnover_ratio": 3.29,
            "account_receivable_turnover_ratio": 2.65,
            "reinvestment_rate": 53.22,
            "research_to_sale_ratio": 1.42,
            "price_fair": 59.11,
            "eps_avg_yearly": 1.69,
            "eps_latest_yearly": 0.48,
            "eps_growth_yearly": 29.91
        },
        "20191": {
            "year_quarter": 20191,
            "year": 2019,
            "quarter": 1,
            "eps": 0.11,
            "eps_growth_year": -73.17,
            "eps_4q": 1.29,
            "eps_4q_growth_year": -40.46,
            "roe": 0.46,
            "roe_4q": 5.26,
            "gross_profit": 307990,
            "gross_margin": 3.78,
            "gross_margin_4q_avg": 10.85,
            "net_income": 308893,
            "revenue": 8138030,
            "common_shares": 26998573,
            "book_valuer_per_share": 25.03,
            "book_valuer_per_share_4q_avg": 24.75,
            "equity": 67647038,
            "current_ratio": 314.51,
            "debt_ratio": 26.06,
            "inventory_turnover_ratio": 3.55,
            "account_receivable_turnover_ratio": 2.91,
            "reinvestment_rate": 76.53,
            "research_to_sale_ratio": 0.79,
            "price_fair": 59.58,
            "eps_avg_yearly": 1.7,
            "eps_latest_yearly": 0.44,
            "eps_growth_yearly": 64.18
        },
        "20192": {
            "year_quarter": 20192,
            "year": 2019,
            "quarter": 2,
            "eps": 0.23,
            "eps_growth_year": -48.89,
            "eps_4q": 1.03,
            "eps_4q_growth_year": -32.11,
            "roe": 0.95,
            "roe_4q": 4.34,
            "gross_profit": 917208,
            "gross_margin": 11.05,
            "gross_margin_4q_avg": 9.94,
            "net_income": 642328,
            "revenue": 8297226,
            "common_shares": 26998573,
            "book_valuer_per_share": 24.75,
            "book_valuer_per_share_4q_avg": 24.86,
            "equity": 66897374,
            "current_ratio": 277.21,
            "debt_ratio": 27.31,
            "inventory_turnover_ratio": 3.5,
            "account_receivable_turnover_ratio": 2.79,
            "reinvestment_rate": 80.03,
            "research_to_sale_ratio": 1.17,
            "price_fair": 60.82,
            "eps_avg_yearly": 1.74,
            "eps_latest_yearly": 0.92,
            "eps_growth_yearly": 73.78
        },
        "20193": {
            "year_quarter": 20193,
            "year": 2019,
            "quarter": 3,
            "eps": 0.06,
            "eps_growth_year": -90.16,
            "eps_4q": 0.51,
            "eps_4q_growth_year": -73.07,
            "roe": 0.27,
            "roe_4q": 2.14,
            "gross_profit": 510684,
            "gross_margin": 6.35,
            "gross_margin_4q_avg": 7.43,
            "net_income": 177712,
            "revenue": 8048509,
            "common_shares": 28348502,
            "book_valuer_per_share": 23.54,
            "book_valuer_per_share_4q_avg": 24.53,
            "equity": 66826036,
            "current_ratio": 239.55,
            "debt_ratio": 27.08,
            "inventory_turnover_ratio": 3.45,
            "account_receivable_turnover_ratio": 2.71,
            "reinvestment_rate": 87.21,
            "research_to_sale_ratio": 1.27,
            "price_fair": 55.58,
            "eps_avg_yearly": 1.59,
            "eps_latest_yearly": 0.24,
            "eps_growth_yearly": 36.84
        },
        "20194": {
            "year_quarter": 20194,
            "year": 2019,
            "quarter": 4,
            "eps": 0.21,
            "eps_growth_year": 82.06,
            "eps_4q": 0.61,
            "eps_4q_growth_year": -61.41,
            "roe": 0.9,
            "roe_4q": 2.58,
            "gross_profit": -108302,
            "gross_margin": -2.11,
            "gross_margin_4q_avg": 4.77,
            "net_income": 604702,
            "revenue": 5140329,
            "common_shares": 28348502,
            "book_valuer_per_share": 23.68,
            "book_valuer_per_share_4q_avg": 24.25,
            "equity": 67193864,
            "current_ratio": 274.4,
            "debt_ratio": 30.35,
            "inventory_turnover_ratio": 0.87,
            "account_receivable_turnover_ratio": 2.21,
            "reinvestment_rate": 104.49,
            "research_to_sale_ratio": 2.69,
            "price_fair": 53.2,
            "eps_avg_yearly": 1.52,
            "eps_latest_yearly": 0.84,
            "eps_growth_yearly": 124.4
        },
        "20201": {
            "year_quarter": 20201,
            "year": 2020,
            "quarter": 1,
            "eps": 0,
            "eps_growth_year": -100,
            "eps_4q": 0.44,
            "eps_4q_growth_year": -66.34,
            "roe": 0,
            "roe_4q": 2.12,
            "gross_profit": 246456,
            "gross_margin": 4.65,
            "gross_margin_4q_avg": 4.99,
            "net_income": 1756,
            "revenue": 5301075,
            "common_shares": 32848502,
            "book_valuer_per_share": 21.44,
            "book_valuer_per_share_4q_avg": 23.35,
            "equity": 70497920,
            "current_ratio": 262.92,
            "debt_ratio": 29.61,
            "inventory_turnover_ratio": 0.48,
            "account_receivable_turnover_ratio": 2.91,
            "reinvestment_rate": 105.62,
            "research_to_sale_ratio": 1.68,
            "price_fair": 53.2,
            "eps_avg_yearly": 1.52,
            "eps_latest_yearly": 0.84,
            "eps_growth_yearly": 124.4
        },
        "20202": {
            "year_quarter": 20202,
            "year": 2020,
            "quarter": 2,
            "eps": 0.14,
            "eps_growth_year": -39.13,
            "eps_4q": 0.38,
            "eps_4q_growth_year": -63.03,
            "roe": 0.66,
            "roe_4q": 1.83,
            "gross_profit": -287344,
            "gross_margin": -7.04,
            "gross_margin_4q_avg": 0.46,
            "net_income": 462189,
            "revenue": 4084071,
            "common_shares": 32848502,
            "book_valuer_per_share": 21.32,
            "book_valuer_per_share_4q_avg": 22.5,
            "equity": 70113042,
            "current_ratio": 250.9,
            "debt_ratio": 29.46,
            "inventory_turnover_ratio": 0.38,
            "account_receivable_turnover_ratio": 2.57,
            "reinvestment_rate": 104.19,
            "research_to_sale_ratio": 2.22,
            "price_fair": 53.2,
            "eps_avg_yearly": 1.52,
            "eps_latest_yearly": 0.84,
            "eps_growth_yearly": 124.4
        },
        "20203": {
            "year_quarter": 20203,
            "year": 2020,
            "quarter": 3,
            "eps": -0.13,
            "eps_growth_year": -316.67,
            "eps_4q": 0.2,
            "eps_4q_growth_year": -60.93,
            "roe": -0.6,
            "roe_4q": 0.9600000000000001,
            "gross_profit": -254431,
            "gross_margin": -7,
            "gross_margin_4q_avg": -2.88,
            "net_income": -417797,
            "revenue": 3633189,
            "common_shares": 32848502,
            "book_valuer_per_share": 21.22,
            "book_valuer_per_share_4q_avg": 21.92,
            "equity": 69773404,
            "current_ratio": 296.58,
            "debt_ratio": 32.48,
            "inventory_turnover_ratio": 0.32,
            "account_receivable_turnover_ratio": 2.68,
            "reinvestment_rate": 112.81,
            "research_to_sale_ratio": 3.3,
            "price_fair": 53.2,
            "eps_avg_yearly": 1.52,
            "eps_latest_yearly": 0.84,
            "eps_growth_yearly": 124.4
        },
        "20204": {
            "year_quarter": 20204,
            "year": 2020,
            "quarter": 4,
            "eps": 0.19,
            "eps_growth_year": -10.16,
            "eps_4q": 0.21,
            "eps_4q_growth_year": -66.19,
            "roe": 0.89,
            "roe_4q": 0.9500000000000001,
            "gross_profit": 333547,
            "gross_margin": 7.31,
            "gross_margin_4q_avg": -0.52,
            "net_income": 628512,
            "revenue": 4564757,
            "common_shares": 32848502,
            "book_valuer_per_share": 21.56,
            "book_valuer_per_share_4q_avg": 21.39,
            "equity": 70868031,
            "current_ratio": 309.65,
            "debt_ratio": 32.45,
            "inventory_turnover_ratio": 0.34,
            "account_receivable_turnover_ratio": 2.76,
            "reinvestment_rate": 112.76,
            "research_to_sale_ratio": 3.13,
            "price_fair": 53.2,
            "eps_avg_yearly": 1.52,
            "eps_latest_yearly": 0.84,
            "eps_growth_yearly": 124.4
        },
        "20211": {
            "year_quarter": 20211,
            "year": 2021,
            "quarter": 1,
            "eps": 0.2,
            "eps_growth_year": null,
            "eps_4q": 0.41,
            "eps_4q_growth_year": -6.69,
            "roe": 0.92,
            "roe_4q": 1.87,
            "gross_profit": 1111768,
            "gross_margin": 14.95,
            "gross_margin_4q_avg": 2.06,
            "net_income": 656185,
            "revenue": 7436525,
            "common_shares": 32848502,
            "book_valuer_per_share": 21.76,
            "book_valuer_per_share_4q_avg": 21.47,
            "equity": 71525508,
            "current_ratio": 339.34,
            "debt_ratio": 33.59,
            "inventory_turnover_ratio": 0.49,
            "account_receivable_turnover_ratio": 2.77,
            "reinvestment_rate": 127.68,
            "research_to_sale_ratio": 1.35,
            "price_fair": 51.1,
            "eps_avg_yearly": 1.46,
            "eps_latest_yearly": 0.8,
            "eps_growth_yearly": 115.78
        },
        "20212": {
            "year_quarter": 20212,
            "year": 2021,
            "quarter": 2,
            "eps": 0.47,
            "eps_growth_year": 235.71,
            "eps_4q": 0.73,
            "eps_4q_growth_year": 92.79,
            "roe": 2.13,
            "roe_4q": 3.34,
            "gross_profit": 1879918,
            "gross_margin": 20.34,
            "gross_margin_4q_avg": 8.9,
            "net_income": 1538462,
            "revenue": 9241857,
            "common_shares": 32848502,
            "book_valuer_per_share": 22.21,
            "book_valuer_per_share_4q_avg": 21.69,
            "equity": 73020838,
            "current_ratio": 353.34,
            "debt_ratio": 36.22,
            "inventory_turnover_ratio": 0.5,
            "account_receivable_turnover_ratio": 2.45,
            "reinvestment_rate": 147.18,
            "research_to_sale_ratio": 1.25,
            "price_fair": 41.65,
            "eps_avg_yearly": 1.19,
            "eps_latest_yearly": 1.88,
            "eps_growth_yearly": 119.26
        },
        "20213": {
            "year_quarter": 20213,
            "year": 2021,
            "quarter": 3,
            "eps": 0.36,
            "eps_growth_year": null,
            "eps_4q": 1.22,
            "eps_4q_growth_year": 511.6,
            "roe": 1.61,
            "roe_4q": 5.55,
            "gross_profit": 1112143,
            "gross_margin": 11.84,
            "gross_margin_4q_avg": 13.61,
            "net_income": 1183347,
            "revenue": 9393260,
            "common_shares": 32848502,
            "book_valuer_per_share": 22.59,
            "book_valuer_per_share_4q_avg": 22.03,
            "equity": 74222320,
            "current_ratio": 387.36,
            "debt_ratio": 38.55,
            "inventory_turnover_ratio": 0.44,
            "account_receivable_turnover_ratio": 2.27,
            "reinvestment_rate": 139.62,
            "research_to_sale_ratio": 1.21,
            "price_fair": 42.7,
            "eps_avg_yearly": 1.22,
            "eps_latest_yearly": 1.44,
            "eps_growth_yearly": 137.77
        },
        "20214": {
            "year_quarter": 20214,
            "year": 2021,
            "quarter": 4,
            "eps": 0.06,
            "eps_growth_year": -69.58,
            "eps_4q": 0.95,
            "eps_4q_growth_year": 359.22,
            "roe": 0.28,
            "roe_4q": 4.9399999999999995,
            "gross_profit": 992614,
            "gross_margin": 10.92,
            "gross_margin_4q_avg": 14.51,
            "net_income": 218233,
            "revenue": 9091738,
            "common_shares": 37848502,
            "book_valuer_per_share": 21.27,
            "book_valuer_per_share_4q_avg": 21.96,
            "equity": 80528419,
            "current_ratio": 276.58,
            "debt_ratio": 40.55,
            "inventory_turnover_ratio": 0.26,
            "account_receivable_turnover_ratio": 2.23,
            "reinvestment_rate": 104.64,
            "research_to_sale_ratio": 1.46,
            "price_fair": 38.38,
            "eps_avg_yearly": 1.1,
            "eps_latest_yearly": 0.24,
            "eps_growth_yearly": 90.23
        },
        "20221": {
            "year_quarter": 20221,
            "year": 2022,
            "quarter": 1,
            "eps": -0.09,
            "eps_growth_year": -145,
            "eps_4q": 0.69,
            "eps_4q_growth_year": 69.86,
            "roe": -0.41,
            "roe_4q": 3.6100000000000003,
            "gross_profit": 38744,
            "gross_margin": 0.52,
            "gross_margin_4q_avg": 10.91,
            "net_income": -332588,
            "revenue": 7382270,
            "common_shares": 37848502,
            "book_valuer_per_share": 21.34,
            "book_valuer_per_share_4q_avg": 21.85,
            "equity": 80940494,
            "current_ratio": 292.38,
            "debt_ratio": 40.63,
            "inventory_turnover_ratio": 0.17,
            "account_receivable_turnover_ratio": 1.97,
            "reinvestment_rate": 49.92,
            "research_to_sale_ratio": 1.04,
            "price_fair": 36.65,
            "eps_avg_yearly": 1.05,
            "eps_latest_yearly": 0.24,
            "eps_growth_yearly": 100.13
        },
        "20222": {
            "year_quarter": 20222,
            "year": 2022,
            "quarter": 2,
            "eps": -0.12,
            "eps_growth_year": -125.53,
            "eps_4q": 0.16,
            "eps_4q_growth_year": -77.72,
            "roe": -0.58,
            "roe_4q": 0.9000000000000001,
            "gross_profit": 237526,
            "gross_margin": 2.92,
            "gross_margin_4q_avg": 6.55,
            "net_income": -462655,
            "revenue": 8139102,
            "common_shares": 37848502,
            "book_valuer_per_share": 20.71,
            "book_valuer_per_share_4q_avg": 21.48,
            "equity": 78542945,
            "current_ratio": 284.59,
            "debt_ratio": 42.68,
            "inventory_turnover_ratio": 0.18,
            "account_receivable_turnover_ratio": 2.27,
            "reinvestment_rate": 78.76,
            "research_to_sale_ratio": 1.23,
            "price_fair": 34.02,
            "eps_avg_yearly": 0.97,
            "eps_latest_yearly": 0.24,
            "eps_growth_yearly": 106.24
        },
        "20223": {
            "year_quarter": 20223,
            "year": 2022,
            "quarter": 3,
            "eps": 0.43,
            "eps_growth_year": 19.44,
            "eps_4q": 0.28,
            "eps_4q_growth_year": -76.98,
            "roe": 2.04,
            "roe_4q": 1.33,
            "gross_profit": -705912,
            "gross_margin": -12.56,
            "gross_margin_4q_avg": 0.45,
            "net_income": 1618717,
            "revenue": 5622465,
            "common_shares": 37848502,
            "book_valuer_per_share": 21.2,
            "book_valuer_per_share_4q_avg": 21.13,
            "equity": 80375279,
            "current_ratio": 275.91,
            "debt_ratio": 42.46,
            "inventory_turnover_ratio": 0.14,
            "account_receivable_turnover_ratio": 1.89,
            "reinvestment_rate": 123.38,
            "research_to_sale_ratio": 1.98,
            "price_fair": 28.31,
            "eps_avg_yearly": 0.81,
            "eps_latest_yearly": 0.24,
            "eps_growth_yearly": 102.24
        },
        "20224": {
            "year_quarter": 20224,
            "year": 2022,
            "quarter": 4,
            "eps": -0.16,
            "eps_growth_year": -375.87,
            "eps_4q": 0.06,
            "eps_4q_growth_year": -93.53,
            "roe": -0.77,
            "roe_4q": 0.2800000000000001,
            "gross_profit": -803806,
            "gross_margin": -20.7,
            "gross_margin_4q_avg": -7.46,
            "net_income": -618077,
            "revenue": 3883958,
            "common_shares": 37848502,
            "book_valuer_per_share": 20.98,
            "book_valuer_per_share_4q_avg": 21.06,
            "equity": 79518249,
            "current_ratio": 254.66,
            "debt_ratio": 43.65,
            "inventory_turnover_ratio": 0.1,
            "account_receivable_turnover_ratio": 1.85,
            "reinvestment_rate": 108.53,
            "research_to_sale_ratio": 3.19,
            "price_fair": 29.75,
            "eps_avg_yearly": 0.85,
            "eps_latest_yearly": 0.24,
            "eps_growth_yearly": 155.19
        },
        "20231": {
            "year_quarter": 20231,
            "year": 2023,
            "quarter": 1,
            "eps": -0.27,
            "eps_growth_year": null,
            "eps_4q": -0.12,
            "eps_4q_growth_year": -116.84,
            "roe": -1.28,
            "roe_4q": -0.5899999999999997,
            "gross_profit": -576015,
            "gross_margin": -11.19,
            "gross_margin_4q_avg": -10.38,
            "net_income": -1009290,
            "revenue": 5145424,
            "common_shares": 37848502,
            "book_valuer_per_share": 20.72,
            "book_valuer_per_share_4q_avg": 20.9,
            "equity": 78529049,
            "current_ratio": 258.8,
            "debt_ratio": 44.29,
            "inventory_turnover_ratio": 0.12,
            "account_receivable_turnover_ratio": 2.16,
            "reinvestment_rate": 103.92,
            "research_to_sale_ratio": 1.23,
            "price_fair": 31.8,
            "eps_avg_yearly": 0.91,
            "eps_latest_yearly": 0.24,
            "eps_growth_yearly": 182.12
        }
    },
    "months": {
        "2001-06": {
            "month": "2001-06",
            "price": "2.95",
            "revenue": 1142590
        },
        "2001-07": {
            "month": "2001-07",
            "price": "2.33",
            "revenue": 1290199
        },
        "2001-08": {
            "month": "2001-08",
            "price": "2.57",
            "revenue": 1231608
        },
        "2001-09": {
            "month": "2001-09",
            "price": "2.64",
            "revenue": 1107042
        },
        "2001-10": {
            "month": "2001-10",
            "price": "2.26",
            "revenue": 1102165
        },
        "2001-11": {
            "month": "2001-11",
            "price": "2.19",
            "revenue": 897058
        },
        "2001-12": {
            "month": "2001-12",
            "price": "2.81",
            "revenue": 905629
        },
        "2002-01": {
            "month": "2002-01",
            "price": "3.26",
            "revenue": 794119
        },
        "2002-02": {
            "month": "2002-02",
            "price": "3.14",
            "revenue": 898891
        },
        "2002-03": {
            "month": "2002-03",
            "price": "5.18",
            "revenue": 1158891
        },
        "2002-04": {
            "month": "2002-04",
            "price": "6.59",
            "revenue": 1169427
        },
        "2002-05": {
            "month": "2002-05",
            "price": "5.21",
            "revenue": 1261000
        },
        "2002-06": {
            "month": "2002-06",
            "price": "5.27",
            "revenue": 1041678
        },
        "2002-07": {
            "month": "2002-07",
            "price": "4.90",
            "revenue": 1368041
        },
        "2002-08": {
            "month": "2002-08",
            "price": "4.41",
            "revenue": 1419059
        },
        "2002-09": {
            "month": "2002-09",
            "price": "3.17",
            "revenue": 1395807
        },
        "2002-10": {
            "month": "2002-10",
            "price": "2.63",
            "revenue": 1490112
        },
        "2002-11": {
            "month": "2002-11",
            "price": "3.95",
            "revenue": 1550083
        },
        "2002-12": {
            "month": "2002-12",
            "price": "4.79",
            "revenue": 1329063
        },
        "2003-01": {
            "month": "2003-01",
            "price": "5.85",
            "revenue": 1598762
        },
        "2003-02": {
            "month": "2003-02",
            "price": "4.87",
            "revenue": 1356435
        },
        "2003-03": {
            "month": "2003-03",
            "price": "4.19",
            "revenue": 1520873
        },
        "2003-04": {
            "month": "2003-04",
            "price": "4.12",
            "revenue": 1434383
        },
        "2003-05": {
            "month": "2003-05",
            "price": "3.63",
            "revenue": 1433080
        },
        "2003-06": {
            "month": "2003-06",
            "price": "4.13",
            "revenue": 1401321
        },
        "2003-07": {
            "month": "2003-07",
            "price": "4.64",
            "revenue": 1682799
        },
        "2003-08": {
            "month": "2003-08",
            "price": "4.40",
            "revenue": 1651395
        },
        "2003-09": {
            "month": "2003-09",
            "price": "4.27",
            "revenue": 1346063
        },
        "2003-10": {
            "month": "2003-10",
            "price": "4.72",
            "revenue": 1298754
        },
        "2003-11": {
            "month": "2003-11",
            "price": "5.33",
            "revenue": 1495816
        },
        "2003-12": {
            "month": "2003-12",
            "price": "5.13",
            "revenue": 1895035
        },
        "2004-01": {
            "month": "2004-01",
            "price": "5.89",
            "revenue": 1448784
        },
        "2004-02": {
            "month": "2004-02",
            "price": "7.54",
            "revenue": 1599255
        },
        "2004-03": {
            "month": "2004-03",
            "price": "7.83",
            "revenue": 1676895
        },
        "2004-04": {
            "month": "2004-04",
            "price": "7.54",
            "revenue": 1391287
        },
        "2004-05": {
            "month": "2004-05",
            "price": "5.68",
            "revenue": 1859803
        },
        "2004-06": {
            "month": "2004-06",
            "price": "5.49",
            "revenue": 1967844
        },
        "2004-07": {
            "month": "2004-07",
            "price": "5.12",
            "revenue": 1937151
        },
        "2004-08": {
            "month": "2004-08",
            "price": "4.71",
            "revenue": 2271798
        },
        "2004-09": {
            "month": "2004-09",
            "price": "6.19",
            "revenue": 2440985
        },
        "2004-10": {
            "month": "2004-10",
            "price": "6.94",
            "revenue": 2342293
        },
        "2004-11": {
            "month": "2004-11",
            "price": "6.71",
            "revenue": 2460132
        },
        "2004-12": {
            "month": "2004-12",
            "price": "6.88",
            "revenue": 2246812
        },
        "2005-01": {
            "month": "2005-01",
            "price": "7.25",
            "revenue": 2372058
        },
        "2005-02": {
            "month": "2005-02",
            "price": "7.42",
            "revenue": 2175971
        },
        "2005-03": {
            "month": "2005-03",
            "price": "8.80",
            "revenue": 2960911
        },
        "2005-04": {
            "month": "2005-04",
            "price": "8.35",
            "revenue": 2994717
        },
        "2005-05": {
            "month": "2005-05",
            "price": "8.04",
            "revenue": 2407876
        },
        "2005-06": {
            "month": "2005-06",
            "price": "8.26",
            "revenue": 2313703
        },
        "2005-07": {
            "month": "2005-07",
            "price": "8.79",
            "revenue": 2773197
        },
        "2005-08": {
            "month": "2005-08",
            "price": "9.65",
            "revenue": 2412430
        },
        "2005-09": {
            "month": "2005-09",
            "price": "8.93",
            "revenue": 2664637
        },
        "2005-10": {
            "month": "2005-10",
            "price": "8.29",
            "revenue": 2345148
        },
        "2005-11": {
            "month": "2005-11",
            "price": "7.71",
            "revenue": 2274976
        },
        "2005-12": {
            "month": "2005-12",
            "price": "7.20",
            "revenue": 2307246
        },
        "2006-01": {
            "month": "2006-01",
            "price": "8.13",
            "revenue": 2227610
        },
        "2006-02": {
            "month": "2006-02",
            "price": "7.93",
            "revenue": 2306192
        },
        "2006-03": {
            "month": "2006-03",
            "price": "7.57",
            "revenue": 2640561
        },
        "2006-04": {
            "month": "2006-04",
            "price": "8.12",
            "revenue": 2524255
        },
        "2006-05": {
            "month": "2006-05",
            "price": "8.69",
            "revenue": 2736138
        },
        "2006-06": {
            "month": "2006-06",
            "price": "7.54",
            "revenue": 2920527
        },
        "2006-07": {
            "month": "2006-07",
            "price": "7.39",
            "revenue": 2651052
        },
        "2006-08": {
            "month": "2006-08",
            "price": "7.10",
            "revenue": 2984753
        },
        "2006-09": {
            "month": "2006-09",
            "price": "7.20",
            "revenue": 2533557
        },
        "2006-10": {
            "month": "2006-10",
            "price": "8.15",
            "revenue": 2886333
        },
        "2006-11": {
            "month": "2006-11",
            "price": "8.68",
            "revenue": 2898411
        },
        "2006-12": {
            "month": "2006-12",
            "price": "9.72",
            "revenue": 3137324
        },
        "2007-01": {
            "month": "2007-01",
            "price": "9.52",
            "revenue": 2511778
        },
        "2007-02": {
            "month": "2007-02",
            "price": "9.35",
            "revenue": 2648336
        },
        "2007-03": {
            "month": "2007-03",
            "price": "9.51",
            "revenue": 3056283
        },
        "2007-04": {
            "month": "2007-04",
            "price": "10.69",
            "revenue": 2931240
        },
        "2007-05": {
            "month": "2007-05",
            "price": "10.02",
            "revenue": 3049067
        },
        "2007-06": {
            "month": "2007-06",
            "price": "10.63",
            "revenue": 3003137
        },
        "2007-07": {
            "month": "2007-07",
            "price": "13.53",
            "revenue": 3222425
        },
        "2007-08": {
            "month": "2007-08",
            "price": "14.39",
            "revenue": 3018816
        },
        "2007-09": {
            "month": "2007-09",
            "price": "15.51",
            "revenue": 3037089
        },
        "2007-10": {
            "month": "2007-10",
            "price": "16.60",
            "revenue": 3394800
        },
        "2007-11": {
            "month": "2007-11",
            "price": "14.62",
            "revenue": 2966032
        },
        "2007-12": {
            "month": "2007-12",
            "price": "12.54",
            "revenue": 3211112
        },
        "2008-01": {
            "month": "2008-01",
            "price": "12.92",
            "revenue": 3172240
        },
        "2008-02": {
            "month": "2008-02",
            "price": "13.63",
            "revenue": 2976677
        },
        "2008-03": {
            "month": "2008-03",
            "price": "15.34",
            "revenue": 3513713
        },
        "2008-04": {
            "month": "2008-04",
            "price": "18.20",
            "revenue": 2855944
        },
        "2008-05": {
            "month": "2008-05",
            "price": "19.66",
            "revenue": 3224341
        },
        "2008-06": {
            "month": "2008-06",
            "price": "16.52",
            "revenue": 3403079
        },
        "2008-07": {
            "month": "2008-07",
            "price": "13.37",
            "revenue": 3361309
        },
        "2008-08": {
            "month": "2008-08",
            "price": "11.93",
            "revenue": 2767372
        },
        "2008-09": {
            "month": "2008-09",
            "price": "8.39",
            "revenue": 2539655
        },
        "2008-10": {
            "month": "2008-10",
            "price": "6.52",
            "revenue": 1300935
        },
        "2008-11": {
            "month": "2008-11",
            "price": "6.06",
            "revenue": 670690
        },
        "2008-12": {
            "month": "2008-12",
            "price": "6.14",
            "revenue": 749022
        },
        "2009-01": {
            "month": "2009-01",
            "price": "6.31",
            "revenue": 873702
        },
        "2009-02": {
            "month": "2009-02",
            "price": "6.07",
            "revenue": 1233857
        },
        "2009-03": {
            "month": "2009-03",
            "price": "6.53",
            "revenue": 1690393
        },
        "2009-04": {
            "month": "2009-04",
            "price": "7.92",
            "revenue": 1830198
        },
        "2009-05": {
            "month": "2009-05",
            "price": "9.05",
            "revenue": 2154005
        },
        "2009-06": {
            "month": "2009-06",
            "price": "9.90",
            "revenue": 2252226
        },
        "2009-07": {
            "month": "2009-07",
            "price": "10.34",
            "revenue": 2543371
        },
        "2009-08": {
            "month": "2009-08",
            "price": "10.16",
            "revenue": 2715713
        },
        "2009-09": {
            "month": "2009-09",
            "price": "10.30",
            "revenue": 2533581
        },
        "2009-10": {
            "month": "2009-10",
            "price": "11.15",
            "revenue": 2616967
        },
        "2009-11": {
            "month": "2009-11",
            "price": "12.46",
            "revenue": 2832862
        },
        "2009-12": {
            "month": "2009-12",
            "price": "12.13",
            "revenue": 2424895
        },
        "2010-01": {
            "month": "2010-01",
            "price": "13.00",
            "revenue": 2958846
        },
        "2010-02": {
            "month": "2010-02",
            "price": "11.48",
            "revenue": 2833957
        },
        "2010-03": {
            "month": "2010-03",
            "price": "13.21",
            "revenue": 3461781
        },
        "2010-04": {
            "month": "2010-04",
            "price": "14.66",
            "revenue": 2798737
        },
        "2010-05": {
            "month": "2010-05",
            "price": "15.35",
            "revenue": 3584938
        },
        "2010-06": {
            "month": "2010-06",
            "price": "15.87",
            "revenue": 3382169
        },
        "2010-07": {
            "month": "2010-07",
            "price": "16.59",
            "revenue": 3148659
        },
        "2010-08": {
            "month": "2010-08",
            "price": "19.17",
            "revenue": 3627550
        },
        "2010-09": {
            "month": "2010-09",
            "price": "20.96",
            "revenue": 3498883
        },
        "2010-10": {
            "month": "2010-10",
            "price": "24.15",
            "revenue": 3376405
        },
        "2010-11": {
            "month": "2010-11",
            "price": "28.45",
            "revenue": 3227102
        },
        "2010-12": {
            "month": "2010-12",
            "price": "29.49",
            "revenue": 3249691
        },
        "2011-01": {
            "month": "2011-01",
            "price": "30.32",
            "revenue": 3309424
        },
        "2011-02": {
            "month": "2011-02",
            "price": "35.63",
            "revenue": 3028445
        },
        "2011-03": {
            "month": "2011-03",
            "price": "34.68",
            "revenue": 3610128
        },
        "2011-04": {
            "month": "2011-04",
            "price": "37.49",
            "revenue": 3664091
        },
        "2011-05": {
            "month": "2011-05",
            "price": "34.68",
            "revenue": 3527291
        },
        "2011-06": {
            "month": "2011-06",
            "price": "33.54",
            "revenue": 3992505
        },
        "2011-07": {
            "month": "2011-07",
            "price": "38.75",
            "revenue": 4209010
        },
        "2011-08": {
            "month": "2011-08",
            "price": "43.12",
            "revenue": 4151953
        },
        "2011-09": {
            "month": "2011-09",
            "price": "39.48",
            "revenue": 4260319
        },
        "2011-10": {
            "month": "2011-10",
            "price": "32.24",
            "revenue": 3174941
        },
        "2011-11": {
            "month": "2011-11",
            "price": "31.06",
            "revenue": 2381393
        },
        "2011-12": {
            "month": "2011-12",
            "price": "26.71",
            "revenue": 3287396
        },
        "2012-01": {
            "month": "2012-01",
            "price": "29.92",
            "revenue": 3161444
        },
        "2012-02": {
            "month": "2012-02",
            "price": "35.85",
            "revenue": 2823548
        },
        "2012-03": {
            "month": "2012-03",
            "price": "35.14",
            "revenue": 3795384
        },
        "2012-04": {
            "month": "2012-04",
            "price": "31.28",
            "revenue": 3490717
        },
        "2012-05": {
            "month": "2012-05",
            "price": "27.31",
            "revenue": 2759065
        },
        "2012-06": {
            "month": "2012-06",
            "price": "24.60",
            "revenue": 2299255
        },
        "2012-07": {
            "month": "2012-07",
            "price": "24.72",
            "revenue": 3260415
        },
        "2012-08": {
            "month": "2012-08",
            "price": "23.06",
            "revenue": 3255187
        },
        "2012-09": {
            "month": "2012-09",
            "price": "25.08",
            "revenue": 3273514
        },
        "2012-10": {
            "month": "2012-10",
            "price": "22.97",
            "revenue": 3309868
        },
        "2012-11": {
            "month": "2012-11",
            "price": "17.62",
            "revenue": 2569111
        },
        "2012-12": {
            "month": "2012-12",
            "price": "18.07",
            "revenue": 2896457
        },
        "2013-01": {
            "month": "2013-01",
            "price": "18.68",
            "revenue": 2578609
        },
        "2013-02": {
            "month": "2013-02",
            "price": "18.48",
            "revenue": 3047369
        },
        "2013-03": {
            "month": "2013-03",
            "price": "17.40",
            "revenue": 3448573
        },
        "2013-04": {
            "month": "2013-04",
            "price": "15.82",
            "revenue": 2612162
        },
        "2013-05": {
            "month": "2013-05",
            "price": "15.82",
            "revenue": 2706417
        },
        "2013-06": {
            "month": "2013-06",
            "price": "15.25",
            "revenue": 2605737
        },
        "2013-07": {
            "month": "2013-07",
            "price": "15.50",
            "revenue": 3023583
        },
        "2013-08": {
            "month": "2013-08",
            "price": "14.32",
            "revenue": 3313253
        },
        "2013-09": {
            "month": "2013-09",
            "price": "14.30",
            "revenue": 3048807
        },
        "2013-10": {
            "month": "2013-10",
            "price": "14.78",
            "revenue": 2964454
        },
        "2013-11": {
            "month": "2013-11",
            "price": "13.61",
            "revenue": 2840644
        },
        "2013-12": {
            "month": "2013-12",
            "price": "13.60",
            "revenue": 3119529
        },
        "2014-01": {
            "month": "2014-01",
            "price": "13.64",
            "revenue": 3004454
        },
        "2014-02": {
            "month": "2014-02",
            "price": "13.16",
            "revenue": 3170571
        },
        "2014-03": {
            "month": "2014-03",
            "price": "12.67",
            "revenue": 2768467
        },
        "2014-04": {
            "month": "2014-04",
            "price": "12.69",
            "revenue": 2665503
        },
        "2014-05": {
            "month": "2014-05",
            "price": "11.29",
            "revenue": 2705059
        },
        "2014-06": {
            "month": "2014-06",
            "price": "12.03",
            "revenue": 2836511
        },
        "2014-07": {
            "month": "2014-07",
            "price": "11.98",
            "revenue": 2909904
        },
        "2014-08": {
            "month": "2014-08",
            "price": "10.64",
            "revenue": 3041546
        },
        "2014-09": {
            "month": "2014-09",
            "price": "10.40",
            "revenue": 2782922
        },
        "2014-10": {
            "month": "2014-10",
            "price": "9.26",
            "revenue": 2675687
        },
        "2014-11": {
            "month": "2014-11",
            "price": "9.17",
            "revenue": 2177239
        },
        "2014-12": {
            "month": "2014-12",
            "price": "9.79",
            "revenue": 2518631
        },
        "2015-01": {
            "month": "2015-01",
            "price": "12.13",
            "revenue": 2515912
        },
        "2015-02": {
            "month": "2015-02",
            "price": "11.79",
            "revenue": 2311638
        },
        "2015-03": {
            "month": "2015-03",
            "price": "11.41",
            "revenue": 2571022
        },
        "2015-04": {
            "month": "2015-04",
            "price": "11.68",
            "revenue": 2463561
        },
        "2015-05": {
            "month": "2015-05",
            "price": "10.92",
            "revenue": 2485420
        },
        "2015-06": {
            "month": "2015-06",
            "price": "9.89",
            "revenue": 2703880
        },
        "2015-07": {
            "month": "2015-07",
            "price": "9.04",
            "revenue": 2524528
        },
        "2015-08": {
            "month": "2015-08",
            "price": "8.02",
            "revenue": 2172456
        },
        "2015-09": {
            "month": "2015-09",
            "price": "8.57",
            "revenue": 1731956
        },
        "2015-10": {
            "month": "2015-10",
            "price": "8.88",
            "revenue": 1368586
        },
        "2015-11": {
            "month": "2015-11",
            "price": "8.16",
            "revenue": 1483775
        },
        "2015-12": {
            "month": "2015-12",
            "price": "7.73",
            "revenue": 1823479
        },
        "2016-01": {
            "month": "2016-01",
            "price": "7.65",
            "revenue": 1860232
        },
        "2016-02": {
            "month": "2016-02",
            "price": "7.95",
            "revenue": 1510970
        },
        "2016-03": {
            "month": "2016-03",
            "price": "8.35",
            "revenue": 1939183
        },
        "2016-04": {
            "month": "2016-04",
            "price": "8.15",
            "revenue": 2066599
        },
        "2016-05": {
            "month": "2016-05",
            "price": "7.73",
            "revenue": 2024654
        },
        "2016-06": {
            "month": "2016-06",
            "price": "7.40",
            "revenue": 2080205
        },
        "2016-07": {
            "month": "2016-07",
            "price": "7.58",
            "revenue": 2462288
        },
        "2016-08": {
            "month": "2016-08",
            "price": "7.65",
            "revenue": 2726599
        },
        "2016-09": {
            "month": "2016-09",
            "price": "7.53",
            "revenue": 2414307
        },
        "2016-10": {
            "month": "2016-10",
            "price": "8.60",
            "revenue": 2295220
        },
        "2016-11": {
            "month": "2016-11",
            "price": "9.05",
            "revenue": 1842149
        },
        "2016-12": {
            "month": "2016-12",
            "price": "10.06",
            "revenue": 2154365
        },
        "2017-01": {
            "month": "2017-01",
            "price": "10.19",
            "revenue": 3039280
        },
        "2017-02": {
            "month": "2017-02",
            "price": "12.34",
            "revenue": 2820972
        },
        "2017-03": {
            "month": "2017-03",
            "price": "11.95",
            "revenue": 3156497
        },
        "2017-04": {
            "month": "2017-04",
            "price": "11.64",
            "revenue": 2549563
        },
        "2017-05": {
            "month": "2017-05",
            "price": "11.08",
            "revenue": 2162240
        },
        "2017-06": {
            "month": "2017-06",
            "price": "11.36",
            "revenue": 2771949
        },
        "2017-07": {
            "month": "2017-07",
            "price": "12.27",
            "revenue": 2667041
        },
        "2017-08": {
            "month": "2017-08",
            "price": "12.63",
            "revenue": 2852638
        },
        "2017-09": {
            "month": "2017-09",
            "price": "14.10",
            "revenue": 2368886
        },
        "2017-10": {
            "month": "2017-10",
            "price": "13.80",
            "revenue": 2542398
        },
        "2017-11": {
            "month": "2017-11",
            "price": "13.99",
            "revenue": 3017720
        },
        "2017-12": {
            "month": "2017-12",
            "price": "15.38",
            "revenue": 3386948
        },
        "2018-01": {
            "month": "2018-01",
            "price": "15.65",
            "revenue": 3291109
        },
        "2018-02": {
            "month": "2018-02",
            "price": "14.41",
            "revenue": 2923021
        },
        "2018-03": {
            "month": "2018-03",
            "price": "12.80",
            "revenue": 3286055
        },
        "2018-04": {
            "month": "2018-04",
            "price": "12.88",
            "revenue": 3058618
        },
        "2018-05": {
            "month": "2018-05",
            "price": "13.37",
            "revenue": 3043541
        },
        "2018-06": {
            "month": "2018-06",
            "price": "13.20",
            "revenue": 3340088
        },
        "2018-07": {
            "month": "2018-07",
            "price": "13.05",
            "revenue": 3686060
        },
        "2018-08": {
            "month": "2018-08",
            "price": "14.05",
            "revenue": 3622886
        },
        "2018-09": {
            "month": "2018-09",
            "price": "13.55",
            "revenue": 3659375
        },
        "2018-10": {
            "month": "2018-10",
            "price": "12.53",
            "revenue": 3303111
        },
        "2018-11": {
            "month": "2018-11",
            "price": "11.42",
            "revenue": 2938635
        },
        "2018-12": {
            "month": "2018-12",
            "price": "11.56",
            "revenue": 2350954
        },
        "2019-01": {
            "month": "2019-01",
            "price": "10.71",
            "revenue": 2567786
        },
        "2019-02": {
            "month": "2019-02",
            "price": "10.94",
            "revenue": 2702854
        },
        "2019-03": {
            "month": "2019-03",
            "price": "11.35",
            "revenue": 2867391
        },
        "2019-04": {
            "month": "2019-04",
            "price": "11.76",
            "revenue": 2737182
        },
        "2019-05": {
            "month": "2019-05",
            "price": "11.43",
            "revenue": 2592197
        },
        "2019-06": {
            "month": "2019-06",
            "price": "11.32",
            "revenue": 2967847
        },
        "2019-07": {
            "month": "2019-07",
            "price": "10.45",
            "revenue": 2522461
        },
        "2019-08": {
            "month": "2019-08",
            "price": "9.77",
            "revenue": 2850755
        },
        "2019-09": {
            "month": "2019-09",
            "price": "10.36",
            "revenue": 2675293
        },
        "2019-10": {
            "month": "2019-10",
            "price": "10.21",
            "revenue": 1931548
        },
        "2019-11": {
            "month": "2019-11",
            "price": "9.87",
            "revenue": 1447104
        },
        "2019-12": {
            "month": "2019-12",
            "price": "9.76",
            "revenue": 1760840
        },
        "2020-01": {
            "month": "2020-01",
            "price": "9.06",
            "revenue": 2063432
        },
        "2020-02": {
            "month": "2020-02",
            "price": "8.19",
            "revenue": 1668882
        },
        "2020-03": {
            "month": "2020-03",
            "price": "7.37",
            "revenue": 1568761
        },
        "2020-04": {
            "month": "2020-04",
            "price": "7.62",
            "revenue": 1366840
        },
        "2020-05": {
            "month": "2020-05",
            "price": "8.25",
            "revenue": 1499660
        },
        "2020-06": {
            "month": "2020-06",
            "price": "8.39",
            "revenue": 1217571
        },
        "2020-07": {
            "month": "2020-07",
            "price": "8.21",
            "revenue": 1166126
        },
        "2020-08": {
            "month": "2020-08",
            "price": "8.48",
            "revenue": 1242352
        },
        "2020-09": {
            "month": "2020-09",
            "price": "8.69",
            "revenue": 1224711
        },
        "2020-10": {
            "month": "2020-10",
            "price": "8.45",
            "revenue": 1294775
        },
        "2020-11": {
            "month": "2020-11",
            "price": "8.84",
            "revenue": 1390823
        },
        "2020-12": {
            "month": "2020-12",
            "price": "9.99",
            "revenue": 1880643
        },
        "2021-01": {
            "month": "2021-01",
            "price": "10.28",
            "revenue": 2541752
        },
        "2021-02": {
            "month": "2021-02",
            "price": "10.17",
            "revenue": 1979742
        },
        "2021-03": {
            "month": "2021-03",
            "price": "10.92",
            "revenue": 2915031
        },
        "2021-04": {
            "month": "2021-04",
            "price": "13.44",
            "revenue": 2814860
        },
        "2021-05": {
            "month": "2021-05",
            "price": "13.33",
            "revenue": 3063236
        },
        "2021-06": {
            "month": "2021-06",
            "price": "13.60",
            "revenue": 3363761
        },
        "2021-07": {
            "month": "2021-07",
            "price": "13.59",
            "revenue": 3161214
        },
        "2021-08": {
            "month": "2021-08",
            "price": "13.02",
            "revenue": 3348017
        },
        "2021-09": {
            "month": "2021-09",
            "price": "12.62",
            "revenue": 2884029
        },
        "2021-10": {
            "month": "2021-10",
            "price": "12.24",
            "revenue": 3189912
        },
        "2021-11": {
            "month": "2021-11",
            "price": "12.93",
            "revenue": 2985458
        },
        "2021-12": {
            "month": "2021-12",
            "price": "12.58",
            "revenue": 2916368
        },
        "2022-01": {
            "month": "2022-01",
            "price": "12.70",
            "revenue": 2541068
        },
        "2022-02": {
            "month": "2022-02",
            "price": "12.34",
            "revenue": 2232821
        },
        "2022-03": {
            "month": "2022-03",
            "price": "12.09",
            "revenue": 2608381
        },
        "2022-04": {
            "month": "2022-04",
            "price": "12.39",
            "revenue": 2781957
        },
        "2022-05": {
            "month": "2022-05",
            "price": "11.10",
            "revenue": 2898219
        },
        "2022-06": {
            "month": "2022-06",
            "price": "10.68",
            "revenue": 2458926
        },
        "2022-07": {
            "month": "2022-07",
            "price": "9.67",
            "revenue": 2318156
        },
        "2022-08": {
            "month": "2022-08",
            "price": "10.28",
            "revenue": 1941044
        },
        "2022-09": {
            "month": "2022-09",
            "price": "9.89",
            "revenue": 1363265
        },
        "2022-10": {
            "month": "2022-10",
            "price": "9.34",
            "revenue": 1455340
        },
        "2022-11": {
            "month": "2022-11",
            "price": "9.80",
            "revenue": 1179469
        },
        "2022-12": {
            "month": "2022-12",
            "price": "10.00",
            "revenue": 1249149
        },
        "2023-01": {
            "month": "2023-01",
            "price": "9.97",
            "revenue": 1141581
        },
        "2023-02": {
            "month": "2023-02",
            "price": "10.26",
            "revenue": 1671640
        },
        "2023-03": {
            "month": "2023-03",
            "price": "10.04",
            "revenue": 2332203
        },
        "2023-04": {
            "month": "2023-04",
            "price": "10.08",
            "revenue": 2465204
        }
    }
}
