{
    "summary": {
        "stock_name": "達新",
        "stock_id": "1315",
        "category": "塑膠",
        "main_business": "塑膠雨衣、什加工、PP瓦楞板、成衣等製品<br>傢俱、文具、護貝、皮件等製品<br>醫療器材製造、批發、零售",
        "website_url": "http://www.tahhsin.com.tw",
        "ceo": "陳以千",
        "pe_ratio": 17,
        "report_year_from": 2001,
        "report_year_to": 2023,
        "age": 23,
        "eps_negative_percentage": 0,
        "eps_growth_avg": {
            "last_all": 16.36,
            "last_2y": -14.54,
            "last_4y": 31.28,
            "last_8y": 19.73,
            "last_12y": 19.72,
            "last_16y": 17.72,
            "last_20y": 18.39,
            "at_2006_last_3y": 21.25,
            "at_2007_last_3y": 25.08,
            "at_2008_last_3y": 15.8,
            "at_2009_last_3y": -8.77,
            "at_2010_last_3y": 11.21,
            "at_2011_last_3y": 29.41,
            "at_2012_last_3y": 11.8,
            "at_2013_last_3y": 30.11,
            "at_2014_last_3y": 19.69,
            "at_2015_last_3y": -2.15,
            "at_2016_last_3y": 21.07,
            "at_2017_last_3y": 8.25,
            "at_2018_last_3y": 5.3,
            "at_2019_last_3y": 27.15,
            "at_2020_last_3y": 47.48,
            "at_2021_last_3y": 33.39,
            "at_2022_last_3y": 50.06,
            "at_2023_last_3y": 14.1,
            "at_2024_last_3y": 14.1,
            "at_2006_last_all": 11.75,
            "at_2007_last_all": 14.32,
            "at_2008_last_all": 11.74,
            "at_2009_last_all": 2.1,
            "at_2010_last_all": 11.51,
            "at_2011_last_all": 20.36,
            "at_2012_last_all": 11.76,
            "at_2013_last_all": 11.44,
            "at_2014_last_all": 14.03,
            "at_2015_last_all": 13.93,
            "at_2016_last_all": 14.24,
            "at_2017_last_all": 10.64,
            "at_2018_last_all": 11.98,
            "at_2019_last_all": 16.87,
            "at_2020_last_all": 21.24,
            "at_2021_last_all": 15.19,
            "at_2022_last_all": 19.23,
            "at_2023_last_all": 16.36,
            "at_2024_last_all": 16.36
        },
        "latest_eps": 4.28,
        "latest_price": 71.8,
        "latest_roe": 3.92,
        "latest_gross_margin": 15.71,
        "latest_equity": 10543491,
        "latest_revenue": 525000,
        "latest_gross_profit": 82462,
        "latest_net_income": 131118,
        "latest_debt_ratio": 6.53,
        "latest_current_ratio": 1468.64,
        "latest_account_receivable_turnover_ratio": 1.45,
        "latest_inventory_turnover_ratio": 0.67,
        "latest_reinvestment_rate": 7.14,
        "latest_research_to_sale_ratio": null
    },
    "eps_dividends": {
        "1991": {
            "cash": 0,
            "stock": 4.17,
            "eps": 0
        },
        "1992": {
            "cash": 0,
            "stock": 2,
            "eps": 0
        },
        "1993": {
            "cash": 0,
            "stock": 2,
            "eps": 0
        },
        "1997": {
            "cash": 1,
            "stock": 1,
            "eps": 0
        },
        "2000": {
            "cash": 1,
            "stock": 0,
            "eps": 0
        },
        "2001": {
            "cash": 0.5,
            "stock": 0,
            "eps": 0.8
        },
        "2002": {
            "cash": 1,
            "stock": 0,
            "eps": 0.59
        },
        "2003": {
            "cash": 0.5,
            "stock": 0,
            "eps": 0.66
        },
        "2004": {
            "cash": 0.5,
            "stock": 0,
            "eps": 0.88
        },
        "2005": {
            "cash": 0.8,
            "stock": 0,
            "eps": 1.17
        },
        "2006": {
            "cash": 1,
            "stock": 0,
            "eps": 1.25
        },
        "2007": {
            "cash": 1,
            "stock": 0,
            "eps": 1.59
        },
        "2008": {
            "cash": 1.2,
            "stock": 0,
            "eps": 1.53
        },
        "2009": {
            "cash": 1,
            "stock": 0,
            "eps": 0.53
        },
        "2010": {
            "cash": 1,
            "stock": 0,
            "eps": 0.99
        },
        "2011": {
            "cash": 2.7,
            "stock": 0,
            "eps": 2.95
        },
        "2012": {
            "cash": 0,
            "stock": 0,
            "eps": 0.76
        },
        "2013": {
            "cash": 1,
            "stock": 0,
            "eps": 0.82
        },
        "2014": {
            "cash": 1,
            "stock": 0,
            "eps": 1.19
        },
        "2015": {
            "cash": 1.1,
            "stock": 0,
            "eps": 1.34
        },
        "2016": {
            "cash": 1.1,
            "stock": 0,
            "eps": 1.59
        },
        "2017": {
            "cash": 1.1,
            "stock": 0,
            "eps": 0.9
        },
        "2018": {
            "cash": 1.1,
            "stock": 0,
            "eps": 1.2
        },
        "2019": {
            "cash": 1.2,
            "stock": 0,
            "eps": 3.64
        },
        "2020": {
            "cash": 7.65,
            "stock": 0,
            "eps": 28.67
        },
        "2021": {
            "cash": 6,
            "stock": 0,
            "eps": 0.07
        },
        "2022": {
            "cash": 5,
            "stock": 0,
            "eps": 7.41
        },
        "2023": {
            "cash": 6,
            "stock": 0,
            "eps": 4.16
        }
    },
    "dividends": {
        "1991-06-01": {
            "cash": 0,
            "stock": 4.17
        },
        "1992-06-23": {
            "cash": 0,
            "stock": 2
        },
        "1993-06-15": {
            "cash": 0,
            "stock": 2
        },
        "1997-06-24": {
            "cash": 1,
            "stock": 1
        },
        "2000-06-29": {
            "cash": 1,
            "stock": 0
        },
        "2001-06-29": {
            "cash": 0.5,
            "stock": 0
        },
        "2002-06-28": {
            "cash": 1,
            "stock": 0
        },
        "2003-06-25": {
            "cash": 0.5,
            "stock": 0
        },
        "2004-03-15": {
            "cash": 0.5,
            "stock": 0
        },
        "2005-03-31": {
            "cash": 0.8,
            "stock": 0
        },
        "2006-04-17": {
            "cash": 1,
            "stock": 0
        },
        "2007-04-23": {
            "cash": 1,
            "stock": 0
        },
        "2008-04-22": {
            "cash": 1.2,
            "stock": 0
        },
        "2009-04-23": {
            "cash": 1,
            "stock": 0
        },
        "2010-04-28": {
            "cash": 1,
            "stock": 0
        },
        "2011-01-01": {
            "cash": 1.7,
            "stock": 0
        },
        "2011-04-27": {
            "cash": 1,
            "stock": 0
        },
        "2013-03-27": {
            "cash": 1,
            "stock": 0
        },
        "2014-08-13": {
            "cash": 1,
            "stock": 0
        },
        "2015-08-07": {
            "cash": 1.1,
            "stock": 0
        },
        "2016-08-10": {
            "cash": 1.1,
            "stock": 0
        },
        "2017-08-23": {
            "cash": 1.1,
            "stock": 0
        },
        "2018-08-15": {
            "cash": 1.1,
            "stock": 0
        },
        "2019-07-26": {
            "cash": 1.2,
            "stock": 0
        },
        "2020-07-17": {
            "cash": 3.65,
            "stock": 0
        },
        "2020-12-25": {
            "cash": 4,
            "stock": 0
        },
        "2021-07-28": {
            "cash": 4,
            "stock": 0
        },
        "2021-09-30": {
            "cash": 2,
            "stock": 0
        },
        "2022-05-18": {
            "cash": 2.5,
            "stock": 0
        },
        "2022-09-30": {
            "cash": 2.5,
            "stock": 0
        },
        "2023-04-14": {
            "cash": 3.5,
            "stock": 0
        },
        "2023-09-27": {
            "cash": 2.5,
            "stock": 0
        }
    },
    "prices": {
        "200101": "6.52",
        "200102": "7.32",
        "200103": "7.30",
        "200104": "6.92",
        "200105": "6.49",
        "200106": "6.34",
        "200107": "5.97",
        "200108": "6.10",
        "200109": "5.85",
        "200110": "5.55",
        "200111": "6.19",
        "200112": "7.05",
        "200201": "7.39",
        "200202": "7.70",
        "200203": "8.38",
        "200204": "11.17",
        "200205": "10.03",
        "200206": "10.06",
        "200207": "9.70",
        "200208": "8.22",
        "200209": "7.06",
        "200210": "7.00",
        "200211": "8.95",
        "200212": "9.12",
        "200301": "9.76",
        "200302": "9.22",
        "200303": "8.95",
        "200304": "9.08",
        "200305": "8.31",
        "200306": "9.10",
        "200307": "9.73",
        "200308": "9.65",
        "200309": "9.10",
        "200310": "9.36",
        "200311": "9.63",
        "200312": "9.43",
        "200401": "10.04",
        "200402": "11.78",
        "200403": "11.36",
        "200404": "10.88",
        "200405": "9.80",
        "200406": "9.63",
        "200407": "8.86",
        "200408": "8.38",
        "200409": "9.19",
        "200410": "9.34",
        "200411": "9.17",
        "200412": "9.27",
        "200501": "9.92",
        "200502": "9.78",
        "200503": "10.07",
        "200504": "10.43",
        "200505": "10.68",
        "200506": "10.65",
        "200507": "10.26",
        "200508": "9.95",
        "200509": "9.62",
        "200510": "9.39",
        "200511": "10.08",
        "200512": "10.50",
        "200601": "11.42",
        "200602": "11.50",
        "200603": "11.23",
        "200604": "11.78",
        "200605": "18.57",
        "200606": "17.42",
        "200607": "17.43",
        "200608": "15.48",
        "200609": "15.76",
        "200610": "17.51",
        "200611": "18.64",
        "200612": "24.13",
        "200701": "21.90",
        "200702": "21.49",
        "200703": "21.09",
        "200704": "23.74",
        "200705": "23.46",
        "200706": "24.68",
        "200707": "25.86",
        "200708": "22.58",
        "200709": "22.89",
        "200710": "24.50",
        "200711": "22.18",
        "200712": "21.39",
        "200801": "23.69",
        "200802": "24.58",
        "200803": "27.35",
        "200804": "29.63",
        "200805": "27.62",
        "200806": "23.80",
        "200807": "19.04",
        "200808": "18.65",
        "200809": "14.80",
        "200810": "13.07",
        "200811": "13.49",
        "200812": "15.02",
        "200901": "14.96",
        "200902": "13.93",
        "200903": "14.72",
        "200904": "18.12",
        "200905": "19.98",
        "200906": "20.26",
        "200907": "21.60",
        "200908": "21.06",
        "200909": "21.62",
        "200910": "23.53",
        "200911": "22.90",
        "200912": "22.90",
        "201001": "23.40",
        "201002": "21.96",
        "201003": "22.97",
        "201004": "23.32",
        "201005": "22.53",
        "201006": "22.28",
        "201007": "21.74",
        "201008": "22.87",
        "201009": "22.79",
        "201010": "24.08",
        "201011": "24.60",
        "201012": "26.26",
        "201101": "28.78",
        "201102": "27.85",
        "201103": "26.28",
        "201104": "27.46",
        "201105": "26.88",
        "201106": "26.29",
        "201107": "26.93",
        "201108": "32.77",
        "201109": "30.39",
        "201110": "29.66",
        "201111": "28.15",
        "201112": "26.75",
        "201201": "27.24",
        "201202": "28.74",
        "201203": "31.85",
        "201204": "31.20",
        "201205": "30.12",
        "201206": "29.16",
        "201207": "27.47",
        "201208": "26.41",
        "201209": "30.36",
        "201210": "28.84",
        "201211": "28.14",
        "201212": "29.01",
        "201301": "30.29",
        "201302": "30.32",
        "201303": "29.21",
        "201304": "28.96",
        "201305": "30.92",
        "201306": "29.81",
        "201307": "28.85",
        "201308": "28.42",
        "201309": "28.27",
        "201310": "28.88",
        "201311": "28.95",
        "201312": "29.63",
        "201401": "29.76",
        "201402": "28.88",
        "201403": "28.94",
        "201404": "29.01",
        "201405": "28.63",
        "201406": "28.78",
        "201407": "28.74",
        "201408": "28.46",
        "201409": "28.14",
        "201410": "28.50",
        "201411": "28.61",
        "201412": "28.49",
        "201501": "28.59",
        "201502": "28.35",
        "201503": "27.86",
        "201504": "27.72",
        "201505": "27.82",
        "201506": "25.67",
        "201507": "23.70",
        "201508": "22.89",
        "201509": "22.64",
        "201510": "23.21",
        "201511": "23.70",
        "201512": "23.25",
        "201601": "22.66",
        "201602": "23.09",
        "201603": "24.33",
        "201604": "24.12",
        "201605": "23.49",
        "201606": "24.40",
        "201607": "24.74",
        "201608": "24.40",
        "201609": "24.46",
        "201610": "24.86",
        "201611": "25.02",
        "201612": "25.20",
        "201701": "25.23",
        "201702": "26.27",
        "201703": "26.14",
        "201704": "25.89",
        "201705": "25.47",
        "201706": "25.54",
        "201707": "26.27",
        "201708": "25.32",
        "201709": "25.44",
        "201710": "25.43",
        "201711": "25.53",
        "201712": "25.41",
        "201801": "26.11",
        "201802": "26.20",
        "201803": "26.46",
        "201804": "26.79",
        "201805": "26.47",
        "201806": "26.71",
        "201807": "26.67",
        "201808": "26.38",
        "201809": "26.46",
        "201810": "25.92",
        "201811": "25.92",
        "201812": "26.49",
        "201901": "26.49",
        "201902": "27.58",
        "201903": "29.91",
        "201904": "30.53",
        "201905": "31.29",
        "201906": "31.44",
        "201907": "31.06",
        "201908": "30.92",
        "201909": "31.68",
        "201910": "35.09",
        "201911": "41.60",
        "201912": "46.74",
        "202001": "48.24",
        "202002": "50.24",
        "202003": "46.15",
        "202004": "47.22",
        "202005": "52.05",
        "202006": "56.70",
        "202007": "51.30",
        "202008": "54.42",
        "202009": "52.69",
        "202010": "59.52",
        "202011": "71.71",
        "202012": "71.05",
        "202101": "71.02",
        "202102": "71.65",
        "202103": "76.15",
        "202104": "75.43",
        "202105": "71.68",
        "202106": "75.14",
        "202107": "69.70",
        "202108": "67.56",
        "202109": "64.60",
        "202110": "61.16",
        "202111": "64.22",
        "202112": "78.45",
        "202201": "85.69",
        "202202": "84.46",
        "202203": "83.65",
        "202204": "79.85",
        "202205": "78.77",
        "202206": "76.95",
        "202207": "70.66",
        "202208": "69.47",
        "202209": "68.07",
        "202210": "66.19",
        "202211": "67.48",
        "202212": "70.85",
        "202301": "71.22",
        "202302": "71.72",
        "202303": "71.54",
        "202304": "71.12",
        "202305": "70.19",
        "202306": "70.72",
        "202307": "70.85",
        "202308": "71.76",
        "202309": "71.28",
        "202310": "71.20",
        "202311": "71.33",
        "202312": "71.87"
    },
    "quarters": {
        "20011": {
            "year_quarter": 20011,
            "year": 2001,
            "quarter": 1,
            "eps": 0.14,
            "eps_growth_year": 1300,
            "eps_4q": 0.59,
            "eps_4q_growth_year": -45.26,
            "roe": 1.01,
            "roe_4q": 1.01,
            "gross_profit": 135287,
            "gross_margin": 19.55,
            "gross_margin_4q_avg": 19.55,
            "net_income": 32620,
            "net_income_4q": null,
            "revenue": 692075,
            "revenue_4q": null,
            "common_shares": 2415227,
            "book_valuer_per_share": 13.42,
            "book_valuer_per_share_4q_avg": 13.42,
            "equity": 3240087,
            "current_ratio": 175.64,
            "debt_ratio": 33.21,
            "inventory_turnover_ratio": 0.85,
            "account_receivable_turnover_ratio": null,
            "reinvestment_rate": null,
            "research_to_sale_ratio": null,
            "price_fair": 0,
            "eps_avg_yearly": 0,
            "eps_latest_yearly": 0,
            "eps_growth_yearly": 0
        },
        "20012": {
            "year_quarter": 20012,
            "year": 2001,
            "quarter": 2,
            "eps": 0.27,
            "eps_growth_year": null,
            "eps_4q": 0.86,
            "eps_4q_growth_year": 55.5,
            "roe": 1.99,
            "roe_4q": 3,
            "gross_profit": 164026,
            "gross_margin": 19.09,
            "gross_margin_4q_avg": 19.32,
            "net_income": 64132,
            "net_income_4q": null,
            "revenue": 859395,
            "revenue_4q": null,
            "common_shares": 2415227,
            "book_valuer_per_share": 13.26,
            "book_valuer_per_share_4q_avg": 13.34,
            "equity": 3201857,
            "current_ratio": 156.77,
            "debt_ratio": 37.77,
            "inventory_turnover_ratio": 1.23,
            "account_receivable_turnover_ratio": null,
            "reinvestment_rate": null,
            "research_to_sale_ratio": null,
            "price_fair": 0,
            "eps_avg_yearly": 0,
            "eps_latest_yearly": 0,
            "eps_growth_yearly": 0
        },
        "20013": {
            "year_quarter": 20013,
            "year": 2001,
            "quarter": 3,
            "eps": 0.34,
            "eps_growth_year": -10.53,
            "eps_4q": 0.81,
            "eps_4q_growth_year": 190.64,
            "roe": 2.51,
            "roe_4q": 5.51,
            "gross_profit": 152229,
            "gross_margin": 18.62,
            "gross_margin_4q_avg": 19.09,
            "net_income": 81519,
            "net_income_4q": null,
            "revenue": 817639,
            "revenue_4q": null,
            "common_shares": 2415227,
            "book_valuer_per_share": 13.61,
            "book_valuer_per_share_4q_avg": 13.43,
            "equity": 3286205,
            "current_ratio": 221.91,
            "debt_ratio": 35.58,
            "inventory_turnover_ratio": 1.32,
            "account_receivable_turnover_ratio": null,
            "reinvestment_rate": null,
            "research_to_sale_ratio": null,
            "price_fair": 0,
            "eps_avg_yearly": 0,
            "eps_latest_yearly": 0,
            "eps_growth_yearly": 0
        },
        "20014": {
            "year_quarter": 20014,
            "year": 2001,
            "quarter": 4,
            "eps": 0.05,
            "eps_growth_year": -16.67,
            "eps_4q": 0.84,
            "eps_4q_growth_year": 103.33,
            "roe": 0.34,
            "roe_4q": 5.85,
            "gross_profit": 128812,
            "gross_margin": 18.4,
            "gross_margin_4q_avg": 18.92,
            "net_income": 11260,
            "net_income_4q": null,
            "revenue": 700255,
            "revenue_4q": null,
            "common_shares": 2415227,
            "book_valuer_per_share": 13.7,
            "book_valuer_per_share_4q_avg": 13.5,
            "equity": 3351431,
            "current_ratio": 200.78,
            "debt_ratio": 39.21,
            "inventory_turnover_ratio": 1,
            "account_receivable_turnover_ratio": null,
            "reinvestment_rate": null,
            "research_to_sale_ratio": null,
            "price_fair": 0,
            "eps_avg_yearly": 0,
            "eps_latest_yearly": 0,
            "eps_growth_yearly": 0
        },
        "20021": {
            "year_quarter": 20021,
            "year": 2002,
            "quarter": 1,
            "eps": 0.11,
            "eps_growth_year": -21.43,
            "eps_4q": 0.81,
            "eps_4q_growth_year": 38.5,
            "roe": 0.74,
            "roe_4q": 5.58,
            "gross_profit": 105654,
            "gross_margin": 17.54,
            "gross_margin_4q_avg": 18.41,
            "net_income": 24599,
            "net_income_4q": null,
            "revenue": 602435,
            "revenue_4q": null,
            "common_shares": 2415227,
            "book_valuer_per_share": 13.58,
            "book_valuer_per_share_4q_avg": 13.54,
            "equity": 3279420,
            "current_ratio": 235.65,
            "debt_ratio": 32.68,
            "inventory_turnover_ratio": 0.82,
            "account_receivable_turnover_ratio": null,
            "reinvestment_rate": null,
            "research_to_sale_ratio": null,
            "price_fair": 15.4,
            "eps_avg_yearly": 0.44,
            "eps_latest_yearly": 0.44,
            "eps_growth_yearly": 480
        },
        "20022": {
            "year_quarter": 20022,
            "year": 2002,
            "quarter": 2,
            "eps": 0.1,
            "eps_growth_year": -62.96,
            "eps_4q": 0.59,
            "eps_4q_growth_year": -31.39,
            "roe": 0.76,
            "roe_4q": 4.35,
            "gross_profit": 135999,
            "gross_margin": 17.37,
            "gross_margin_4q_avg": 17.98,
            "net_income": 23967,
            "net_income_4q": null,
            "revenue": 783047,
            "revenue_4q": null,
            "common_shares": 2415227,
            "book_valuer_per_share": 12.62,
            "book_valuer_per_share_4q_avg": 13.38,
            "equity": 3047374,
            "current_ratio": 198.86,
            "debt_ratio": 36.65,
            "inventory_turnover_ratio": 1.19,
            "account_receivable_turnover_ratio": null,
            "reinvestment_rate": null,
            "research_to_sale_ratio": null,
            "price_fair": 14.7,
            "eps_avg_yearly": 0.42,
            "eps_latest_yearly": 0.4,
            "eps_growth_yearly": 221.82
        },
        "20023": {
            "year_quarter": 20023,
            "year": 2002,
            "quarter": 3,
            "eps": 0.44,
            "eps_growth_year": 29.41,
            "eps_4q": 0.7,
            "eps_4q_growth_year": -13.9,
            "roe": 3.31,
            "roe_4q": 5.15,
            "gross_profit": 144058,
            "gross_margin": 17.07,
            "gross_margin_4q_avg": 17.6,
            "net_income": 103065,
            "net_income_4q": null,
            "revenue": 844128,
            "revenue_4q": null,
            "common_shares": 2415227,
            "book_valuer_per_share": 13.14,
            "book_valuer_per_share_4q_avg": 13.26,
            "equity": 3174428,
            "current_ratio": 207.14,
            "debt_ratio": 34.82,
            "inventory_turnover_ratio": 1.35,
            "account_receivable_turnover_ratio": null,
            "reinvestment_rate": null,
            "research_to_sale_ratio": null,
            "price_fair": 30.33,
            "eps_avg_yearly": 0.87,
            "eps_latest_yearly": 1.76,
            "eps_growth_yearly": 601.21
        },
        "20024": {
            "year_quarter": 20024,
            "year": 2002,
            "quarter": 4,
            "eps": -0.06,
            "eps_growth_year": -220,
            "eps_4q": 0.58,
            "eps_4q_growth_year": -30.66,
            "roe": -0.41,
            "roe_4q": 4.4,
            "gross_profit": 111793,
            "gross_margin": 18.47,
            "gross_margin_4q_avg": 17.61,
            "net_income": -12961,
            "net_income_4q": null,
            "revenue": 605338,
            "revenue_4q": null,
            "common_shares": 2415227,
            "book_valuer_per_share": 13.07,
            "book_valuer_per_share_4q_avg": 13.1,
            "equity": 3197713,
            "current_ratio": 177.94,
            "debt_ratio": 41.56,
            "inventory_turnover_ratio": 0.85,
            "account_receivable_turnover_ratio": null,
            "reinvestment_rate": -12.59,
            "research_to_sale_ratio": null,
            "price_fair": 30.33,
            "eps_avg_yearly": 0.87,
            "eps_latest_yearly": 1.76,
            "eps_growth_yearly": 601.21
        },
        "20031": {
            "year_quarter": 20031,
            "year": 2003,
            "quarter": 1,
            "eps": -0.11,
            "eps_growth_year": -200,
            "eps_4q": 0.37,
            "eps_4q_growth_year": -54.26,
            "roe": -0.82,
            "roe_4q": 2.84,
            "gross_profit": 115932,
            "gross_margin": 16.7,
            "gross_margin_4q_avg": 17.4,
            "net_income": -26071,
            "net_income_4q": null,
            "revenue": 694079,
            "revenue_4q": null,
            "common_shares": 2415227,
            "book_valuer_per_share": 12.96,
            "book_valuer_per_share_4q_avg": 12.95,
            "equity": 3129780,
            "current_ratio": 210.43,
            "debt_ratio": 34.63,
            "inventory_turnover_ratio": 0.88,
            "account_receivable_turnover_ratio": null,
            "reinvestment_rate": -34.12,
            "research_to_sale_ratio": null,
            "price_fair": 30.33,
            "eps_avg_yearly": 0.87,
            "eps_latest_yearly": 1.76,
            "eps_growth_yearly": 601.21
        },
        "20032": {
            "year_quarter": 20032,
            "year": 2003,
            "quarter": 2,
            "eps": 0.21,
            "eps_growth_year": 110,
            "eps_4q": 0.48,
            "eps_4q_growth_year": -17.8,
            "roe": 1.58,
            "roe_4q": 3.66,
            "gross_profit": 165259,
            "gross_margin": 16.93,
            "gross_margin_4q_avg": 17.29,
            "net_income": 48934,
            "net_income_4q": null,
            "revenue": 976303,
            "revenue_4q": null,
            "common_shares": 2415227,
            "book_valuer_per_share": 12.64,
            "book_valuer_per_share_4q_avg": 12.95,
            "equity": 3053569,
            "current_ratio": 196.34,
            "debt_ratio": 37,
            "inventory_turnover_ratio": 1.37,
            "account_receivable_turnover_ratio": null,
            "reinvestment_rate": -37.77,
            "research_to_sale_ratio": null,
            "price_fair": 30.33,
            "eps_avg_yearly": 0.87,
            "eps_latest_yearly": 1.76,
            "eps_growth_yearly": 601.21
        },
        "20033": {
            "year_quarter": 20033,
            "year": 2003,
            "quarter": 3,
            "eps": 0.24,
            "eps_growth_year": -45.45,
            "eps_4q": 0.28,
            "eps_4q_growth_year": -59.29,
            "roe": 1.79,
            "roe_4q": 2.14,
            "gross_profit": 166042,
            "gross_margin": 17.64,
            "gross_margin_4q_avg": 17.44,
            "net_income": 55123,
            "net_income_4q": null,
            "revenue": 941517,
            "revenue_4q": null,
            "common_shares": 2415227,
            "book_valuer_per_share": 12.88,
            "book_valuer_per_share_4q_avg": 12.89,
            "equity": 3110159,
            "current_ratio": 240.3,
            "debt_ratio": 34.02,
            "inventory_turnover_ratio": 1.43,
            "account_receivable_turnover_ratio": null,
            "reinvestment_rate": -54.32,
            "research_to_sale_ratio": null,
            "price_fair": 31.15,
            "eps_avg_yearly": 0.89,
            "eps_latest_yearly": 0.96,
            "eps_growth_yearly": 465.19
        },
        "20034": {
            "year_quarter": 20034,
            "year": 2003,
            "quarter": 4,
            "eps": 0.32,
            "eps_growth_year": null,
            "eps_4q": 0.65,
            "eps_4q_growth_year": 12.01,
            "roe": 2.36,
            "roe_4q": 4.91,
            "gross_profit": 156595,
            "gross_margin": 17.95,
            "gross_margin_4q_avg": 17.31,
            "net_income": 74804,
            "net_income_4q": null,
            "revenue": 872507,
            "revenue_4q": null,
            "common_shares": 2415227,
            "book_valuer_per_share": 13.22,
            "book_valuer_per_share_4q_avg": 12.93,
            "equity": 3234779,
            "current_ratio": 232.25,
            "debt_ratio": 36.71,
            "inventory_turnover_ratio": 1.18,
            "account_receivable_turnover_ratio": null,
            "reinvestment_rate": -49.71,
            "research_to_sale_ratio": null,
            "price_fair": 33.88,
            "eps_avg_yearly": 0.97,
            "eps_latest_yearly": 1.28,
            "eps_growth_yearly": 398.82
        },
        "20041": {
            "year_quarter": 20041,
            "year": 2004,
            "quarter": 1,
            "eps": -0.01,
            "eps_growth_year": null,
            "eps_4q": 0.75,
            "eps_4q_growth_year": 103.17,
            "roe": -0.07,
            "roe_4q": 5.66,
            "gross_profit": 124079,
            "gross_margin": 14.76,
            "gross_margin_4q_avg": 16.82,
            "net_income": -2340,
            "net_income_4q": null,
            "revenue": 840374,
            "revenue_4q": null,
            "common_shares": 2415227,
            "book_valuer_per_share": 13.14,
            "book_valuer_per_share_4q_avg": 12.97,
            "equity": 3173610,
            "current_ratio": 392.03,
            "debt_ratio": 27.91,
            "inventory_turnover_ratio": 1.15,
            "account_receivable_turnover_ratio": null,
            "reinvestment_rate": -59.47,
            "research_to_sale_ratio": null,
            "price_fair": 33.88,
            "eps_avg_yearly": 0.97,
            "eps_latest_yearly": 1.28,
            "eps_growth_yearly": 398.82
        },
        "20042": {
            "year_quarter": 20042,
            "year": 2004,
            "quarter": 2,
            "eps": 0.2,
            "eps_growth_year": -4.76,
            "eps_4q": 0.74,
            "eps_4q_growth_year": 52.14,
            "roe": 1.51,
            "roe_4q": 5.59,
            "gross_profit": 145594,
            "gross_margin": 15.26,
            "gross_margin_4q_avg": 16.4,
            "net_income": 47470,
            "net_income_4q": null,
            "revenue": 954349,
            "revenue_4q": null,
            "common_shares": 2415227,
            "book_valuer_per_share": 12.88,
            "book_valuer_per_share_4q_avg": 13.03,
            "equity": 3109660,
            "current_ratio": 296.16,
            "debt_ratio": 31.24,
            "inventory_turnover_ratio": 1.49,
            "account_receivable_turnover_ratio": null,
            "reinvestment_rate": -53.87,
            "research_to_sale_ratio": null,
            "price_fair": 33.88,
            "eps_avg_yearly": 0.97,
            "eps_latest_yearly": 1.28,
            "eps_growth_yearly": 398.82
        },
        "20043": {
            "year_quarter": 20043,
            "year": 2004,
            "quarter": 3,
            "eps": 0.48,
            "eps_growth_year": 100,
            "eps_4q": 1,
            "eps_4q_growth_year": 251.69,
            "roe": 3.52,
            "roe_4q": 7.32,
            "gross_profit": 162700,
            "gross_margin": 17.53,
            "gross_margin_4q_avg": 16.38,
            "net_income": 111637,
            "net_income_4q": null,
            "revenue": 928254,
            "revenue_4q": null,
            "common_shares": 2415227,
            "book_valuer_per_share": 13.36,
            "book_valuer_per_share_4q_avg": 13.15,
            "equity": 3227553,
            "current_ratio": 277.59,
            "debt_ratio": 28.74,
            "inventory_turnover_ratio": 1.49,
            "account_receivable_turnover_ratio": null,
            "reinvestment_rate": -51.19,
            "research_to_sale_ratio": null,
            "price_fair": 39.43,
            "eps_avg_yearly": 1.13,
            "eps_latest_yearly": 1.92,
            "eps_growth_yearly": 425.69
        },
        "20044": {
            "year_quarter": 20044,
            "year": 2004,
            "quarter": 4,
            "eps": 0.21,
            "eps_growth_year": -34.38,
            "eps_4q": 0.9,
            "eps_4q_growth_year": 37.3,
            "roe": 1.47,
            "roe_4q": 6.43,
            "gross_profit": 113156,
            "gross_margin": 14.05,
            "gross_margin_4q_avg": 15.4,
            "net_income": 47891,
            "net_income_4q": null,
            "revenue": 805383,
            "revenue_4q": null,
            "common_shares": 2415227,
            "book_valuer_per_share": 13.39,
            "book_valuer_per_share_4q_avg": 13.19,
            "equity": 3273757,
            "current_ratio": 227.34,
            "debt_ratio": 34.54,
            "inventory_turnover_ratio": 1.07,
            "account_receivable_turnover_ratio": null,
            "reinvestment_rate": -50.65,
            "research_to_sale_ratio": null,
            "price_fair": 38,
            "eps_avg_yearly": 1.09,
            "eps_latest_yearly": 0.84,
            "eps_growth_yearly": 332.73
        },
        "20051": {
            "year_quarter": 20051,
            "year": 2005,
            "quarter": 1,
            "eps": -0.01,
            "eps_growth_year": null,
            "eps_4q": 5.01,
            "eps_4q_growth_year": 564.7,
            "roe": -0.01,
            "roe_4q": 6.49,
            "gross_profit": 87976,
            "gross_margin": 13.28,
            "gross_margin_4q_avg": 15.03,
            "net_income": -412,
            "net_income_4q": null,
            "revenue": 662708,
            "revenue_4q": null,
            "common_shares": 2415227,
            "book_valuer_per_share": 13.36,
            "book_valuer_per_share_4q_avg": 13.25,
            "equity": 3226112,
            "current_ratio": 349.95,
            "debt_ratio": 24.26,
            "inventory_turnover_ratio": 0.83,
            "account_receivable_turnover_ratio": null,
            "reinvestment_rate": -40.68,
            "research_to_sale_ratio": null,
            "price_fair": 38,
            "eps_avg_yearly": 1.09,
            "eps_latest_yearly": 0.84,
            "eps_growth_yearly": 332.73
        },
        "20052": {
            "year_quarter": 20052,
            "year": 2005,
            "quarter": 2,
            "eps": 0.15,
            "eps_growth_year": -25,
            "eps_4q": 0.83,
            "eps_4q_growth_year": 12.25,
            "roe": 1.14,
            "roe_4q": 6.119999999999999,
            "gross_profit": 158883,
            "gross_margin": 16.84,
            "gross_margin_4q_avg": 15.43,
            "net_income": 35207,
            "net_income_4q": null,
            "revenue": 943427,
            "revenue_4q": null,
            "common_shares": 2415227,
            "book_valuer_per_share": 12.25,
            "book_valuer_per_share_4q_avg": 13.09,
            "equity": 2959598,
            "current_ratio": 237.45,
            "debt_ratio": 35.84,
            "inventory_turnover_ratio": 1.34,
            "account_receivable_turnover_ratio": null,
            "reinvestment_rate": -45.43,
            "research_to_sale_ratio": null,
            "price_fair": 38,
            "eps_avg_yearly": 1.09,
            "eps_latest_yearly": 0.84,
            "eps_growth_yearly": 332.73
        },
        "20053": {
            "year_quarter": 20053,
            "year": 2005,
            "quarter": 3,
            "eps": 1.01,
            "eps_growth_year": 110.42,
            "eps_4q": 1.37,
            "eps_4q_growth_year": 38.09,
            "roe": 7.42,
            "roe_4q": 10.020000000000001,
            "gross_profit": 183370,
            "gross_margin": 18.26,
            "gross_margin_4q_avg": 15.61,
            "net_income": 228843,
            "net_income_4q": null,
            "revenue": 1004104,
            "revenue_4q": null,
            "common_shares": 2295000,
            "book_valuer_per_share": 14,
            "book_valuer_per_share_4q_avg": 13.25,
            "equity": 3212431,
            "current_ratio": 339.98,
            "debt_ratio": 28.4,
            "inventory_turnover_ratio": 1.48,
            "account_receivable_turnover_ratio": null,
            "reinvestment_rate": -46.27,
            "research_to_sale_ratio": null,
            "price_fair": 50.93,
            "eps_avg_yearly": 1.46,
            "eps_latest_yearly": 4.04,
            "eps_growth_yearly": 577.81
        },
        "20054": {
            "year_quarter": 20054,
            "year": 2005,
            "quarter": 4,
            "eps": 0.02,
            "eps_growth_year": -90.48,
            "eps_4q": 1.22,
            "eps_4q_growth_year": 35.76,
            "roe": 0.12,
            "roe_4q": 8.67,
            "gross_profit": 128246,
            "gross_margin": 16.99,
            "gross_margin_4q_avg": 16.34,
            "net_income": 4400,
            "net_income_4q": null,
            "revenue": 754928,
            "revenue_4q": null,
            "common_shares": 2295000,
            "book_valuer_per_share": 16.5,
            "book_valuer_per_share_4q_avg": 14.03,
            "equity": 3836032,
            "current_ratio": 245.16,
            "debt_ratio": 35.22,
            "inventory_turnover_ratio": 0.91,
            "account_receivable_turnover_ratio": null,
            "reinvestment_rate": 15.06,
            "research_to_sale_ratio": null,
            "price_fair": 45.58,
            "eps_avg_yearly": 1.3,
            "eps_latest_yearly": 0.08,
            "eps_growth_yearly": 470.04
        },
        "20061": {
            "year_quarter": 20061,
            "year": 2006,
            "quarter": 1,
            "eps": 0.14,
            "eps_growth_year": null,
            "eps_4q": 1.37,
            "eps_4q_growth_year": -72.75,
            "roe": 0.7,
            "roe_4q": 9.38,
            "gross_profit": 122427,
            "gross_margin": 16.64,
            "gross_margin_4q_avg": 17.18,
            "net_income": 30646,
            "net_income_4q": null,
            "revenue": 735565,
            "revenue_4q": null,
            "common_shares": 2295000,
            "book_valuer_per_share": 21.34,
            "book_valuer_per_share_4q_avg": 16.02,
            "equity": 4896662,
            "current_ratio": 640.91,
            "debt_ratio": 21.86,
            "inventory_turnover_ratio": 0.87,
            "account_receivable_turnover_ratio": null,
            "reinvestment_rate": -15.71,
            "research_to_sale_ratio": null,
            "price_fair": 46.04,
            "eps_avg_yearly": 1.32,
            "eps_latest_yearly": 0.56,
            "eps_growth_yearly": 683.37
        },
        "20062": {
            "year_quarter": 20062,
            "year": 2006,
            "quarter": 2,
            "eps": 0.1,
            "eps_growth_year": -33.33,
            "eps_4q": 1.34,
            "eps_4q_growth_year": 61.48,
            "roe": 0.44,
            "roe_4q": 8.68,
            "gross_profit": 125693,
            "gross_margin": 14.01,
            "gross_margin_4q_avg": 16.48,
            "net_income": 21334,
            "net_income_4q": null,
            "revenue": 897398,
            "revenue_4q": null,
            "common_shares": 2295000,
            "book_valuer_per_share": 21.12,
            "book_valuer_per_share_4q_avg": 18.24,
            "equity": 4846789,
            "current_ratio": 332.7,
            "debt_ratio": 25.55,
            "inventory_turnover_ratio": 1.3,
            "account_receivable_turnover_ratio": null,
            "reinvestment_rate": -17.69,
            "research_to_sale_ratio": null,
            "price_fair": 46.04,
            "eps_avg_yearly": 1.32,
            "eps_latest_yearly": 0.4,
            "eps_growth_yearly": 674.72
        },
        "20063": {
            "year_quarter": 20063,
            "year": 2006,
            "quarter": 3,
            "eps": 0.98,
            "eps_growth_year": -2.97,
            "eps_4q": 1.23,
            "eps_4q_growth_year": -10.28,
            "roe": 4.4,
            "roe_4q": 5.660000000000001,
            "gross_profit": 153513,
            "gross_margin": 16.35,
            "gross_margin_4q_avg": 16,
            "net_income": 217871,
            "net_income_4q": null,
            "revenue": 939111,
            "revenue_4q": null,
            "common_shares": 2295000,
            "book_valuer_per_share": 22.04,
            "book_valuer_per_share_4q_avg": 20.25,
            "equity": 5058652,
            "current_ratio": 430.15,
            "debt_ratio": 21.48,
            "inventory_turnover_ratio": 1.3,
            "account_receivable_turnover_ratio": null,
            "reinvestment_rate": -13.92,
            "research_to_sale_ratio": null,
            "price_fair": 54.44,
            "eps_avg_yearly": 1.56,
            "eps_latest_yearly": 3.92,
            "eps_growth_yearly": 914.72
        },
        "20064": {
            "year_quarter": 20064,
            "year": 2006,
            "quarter": 4,
            "eps": 0.03,
            "eps_growth_year": 50,
            "eps_4q": 1.26,
            "eps_4q_growth_year": 3.37,
            "roe": 0.13,
            "roe_4q": 5.670000000000001,
            "gross_profit": 97838,
            "gross_margin": 12.97,
            "gross_margin_4q_avg": 14.99,
            "net_income": 6585,
            "net_income_4q": null,
            "revenue": 754239,
            "revenue_4q": null,
            "common_shares": 2295000,
            "book_valuer_per_share": 22.83,
            "book_valuer_per_share_4q_avg": 21.83,
            "equity": 5288079,
            "current_ratio": 337.07,
            "debt_ratio": 25.98,
            "inventory_turnover_ratio": 0.89,
            "account_receivable_turnover_ratio": null,
            "reinvestment_rate": 23.74,
            "research_to_sale_ratio": null,
            "price_fair": 49.42,
            "eps_avg_yearly": 1.41,
            "eps_latest_yearly": 0.12,
            "eps_growth_yearly": 784.47
        },
        "20071": {
            "year_quarter": 20071,
            "year": 2007,
            "quarter": 1,
            "eps": 0.23,
            "eps_growth_year": 64.29,
            "eps_4q": 1.36,
            "eps_4q_growth_year": -0.5,
            "roe": 0.92,
            "roe_4q": 5.890000000000001,
            "gross_profit": 131309,
            "gross_margin": 15.93,
            "gross_margin_4q_avg": 14.82,
            "net_income": 50051,
            "net_income_4q": null,
            "revenue": 824486,
            "revenue_4q": null,
            "common_shares": 2295000,
            "book_valuer_per_share": 24.16,
            "book_valuer_per_share_4q_avg": 22.54,
            "equity": 5543916,
            "current_ratio": 470.11,
            "debt_ratio": 19.55,
            "inventory_turnover_ratio": 0.89,
            "account_receivable_turnover_ratio": null,
            "reinvestment_rate": 5.03,
            "research_to_sale_ratio": null,
            "price_fair": 47.85,
            "eps_avg_yearly": 1.37,
            "eps_latest_yearly": 0.92,
            "eps_growth_yearly": 955.58
        },
        "20072": {
            "year_quarter": 20072,
            "year": 2007,
            "quarter": 2,
            "eps": 0.19,
            "eps_growth_year": 90,
            "eps_4q": 1.4,
            "eps_4q_growth_year": 5.01,
            "roe": 0.76,
            "roe_4q": 6.210000000000001,
            "gross_profit": 150080,
            "gross_margin": 15.68,
            "gross_margin_4q_avg": 15.23,
            "net_income": 42964,
            "net_income_4q": null,
            "revenue": 956934,
            "revenue_4q": null,
            "common_shares": 2295000,
            "book_valuer_per_share": 24.96,
            "book_valuer_per_share_4q_avg": 23.5,
            "equity": 5728616,
            "current_ratio": 411.86,
            "debt_ratio": 21.38,
            "inventory_turnover_ratio": 1.24,
            "account_receivable_turnover_ratio": null,
            "reinvestment_rate": 10.63,
            "research_to_sale_ratio": null,
            "price_fair": 46.08,
            "eps_avg_yearly": 1.32,
            "eps_latest_yearly": 0.76,
            "eps_growth_yearly": 870.15
        },
        "20073": {
            "year_quarter": 20073,
            "year": 2007,
            "quarter": 3,
            "eps": 1.23,
            "eps_growth_year": 25.51,
            "eps_4q": 1.68,
            "eps_4q_growth_year": 36.05,
            "roe": 4.5,
            "roe_4q": 6.31,
            "gross_profit": 147359,
            "gross_margin": 14.33,
            "gross_margin_4q_avg": 14.73,
            "net_income": 273286,
            "net_income_4q": null,
            "revenue": 1028360,
            "revenue_4q": null,
            "common_shares": 2295000,
            "book_valuer_per_share": 27.94,
            "book_valuer_per_share_4q_avg": 24.97,
            "equity": 6411267,
            "current_ratio": 633.32,
            "debt_ratio": 15.91,
            "inventory_turnover_ratio": 1.39,
            "account_receivable_turnover_ratio": null,
            "reinvestment_rate": 10.13,
            "research_to_sale_ratio": null,
            "price_fair": 57.63,
            "eps_avg_yearly": 1.65,
            "eps_latest_yearly": 4.92,
            "eps_growth_yearly": 1047.84
        },
        "20074": {
            "year_quarter": 20074,
            "year": 2007,
            "quarter": 4,
            "eps": -0.06,
            "eps_growth_year": -300,
            "eps_4q": 1.59,
            "eps_4q_growth_year": 26.19,
            "roe": -0.21,
            "roe_4q": 5.97,
            "gross_profit": 108432,
            "gross_margin": 13.53,
            "gross_margin_4q_avg": 14.87,
            "net_income": -13499,
            "net_income_4q": null,
            "revenue": 801189,
            "revenue_4q": null,
            "common_shares": 2295000,
            "book_valuer_per_share": 27.99,
            "book_valuer_per_share_4q_avg": 26.26,
            "equity": 6473480,
            "current_ratio": 441.36,
            "debt_ratio": 21.36,
            "inventory_turnover_ratio": 0.82,
            "account_receivable_turnover_ratio": null,
            "reinvestment_rate": 32.29,
            "research_to_sale_ratio": null,
            "price_fair": 58.8,
            "eps_avg_yearly": 1.68,
            "eps_latest_yearly": 4.92,
            "eps_growth_yearly": 1130.98
        },
        "20081": {
            "year_quarter": 20081,
            "year": 2008,
            "quarter": 1,
            "eps": -0.05,
            "eps_growth_year": -121.74,
            "eps_4q": 1.16,
            "eps_4q_growth_year": -14.38,
            "roe": -0.2,
            "roe_4q": 4.85,
            "gross_profit": 164073,
            "gross_margin": 17.44,
            "gross_margin_4q_avg": 15.25,
            "net_income": -12518,
            "net_income_4q": null,
            "revenue": 940711,
            "revenue_4q": null,
            "common_shares": 2200000,
            "book_valuer_per_share": 26.74,
            "book_valuer_per_share_4q_avg": 26.91,
            "equity": 5919334,
            "current_ratio": 342.53,
            "debt_ratio": 25.21,
            "inventory_turnover_ratio": 0.7,
            "account_receivable_turnover_ratio": null,
            "reinvestment_rate": 62.31,
            "research_to_sale_ratio": null,
            "price_fair": 58.8,
            "eps_avg_yearly": 1.68,
            "eps_latest_yearly": 4.92,
            "eps_growth_yearly": 1130.98
        },
        "20082": {
            "year_quarter": 20082,
            "year": 2008,
            "quarter": 2,
            "eps": 0.11,
            "eps_growth_year": -42.11,
            "eps_4q": 1.35,
            "eps_4q_growth_year": -3.51,
            "roe": 0.4,
            "roe_4q": 4.49,
            "gross_profit": 195937,
            "gross_margin": 17.67,
            "gross_margin_4q_avg": 15.74,
            "net_income": 22017,
            "net_income_4q": null,
            "revenue": 1108617,
            "revenue_4q": null,
            "common_shares": 2200000,
            "book_valuer_per_share": 23.55,
            "book_valuer_per_share_4q_avg": 26.56,
            "equity": 5217952,
            "current_ratio": 251.84,
            "debt_ratio": 31.66,
            "inventory_turnover_ratio": 0.81,
            "account_receivable_turnover_ratio": null,
            "reinvestment_rate": 62.8,
            "research_to_sale_ratio": null,
            "price_fair": 58.8,
            "eps_avg_yearly": 1.68,
            "eps_latest_yearly": 4.92,
            "eps_growth_yearly": 1130.98
        },
        "20083": {
            "year_quarter": 20083,
            "year": 2008,
            "quarter": 3,
            "eps": 1.48,
            "eps_growth_year": 20.33,
            "eps_4q": 1.47,
            "eps_4q_growth_year": -12.63,
            "roe": 6.24,
            "roe_4q": 6.23,
            "gross_profit": 210571,
            "gross_margin": 17.39,
            "gross_margin_4q_avg": 16.51,
            "net_income": 316102,
            "net_income_4q": null,
            "revenue": 1210980,
            "revenue_4q": null,
            "common_shares": 2200000,
            "book_valuer_per_share": 22.16,
            "book_valuer_per_share_4q_avg": 25.11,
            "equity": 4913830,
            "current_ratio": 261.81,
            "debt_ratio": 29.88,
            "inventory_turnover_ratio": 0.9,
            "account_receivable_turnover_ratio": null,
            "reinvestment_rate": 54.47,
            "research_to_sale_ratio": null,
            "price_fair": 71.53,
            "eps_avg_yearly": 2.04,
            "eps_latest_yearly": 5.92,
            "eps_growth_yearly": 1532.96
        },
        "20084": {
            "year_quarter": 20084,
            "year": 2008,
            "quarter": 4,
            "eps": -0.01,
            "eps_growth_year": null,
            "eps_4q": 1.56,
            "eps_4q_growth_year": -1.59,
            "roe": -0.15,
            "roe_4q": 6.29,
            "gross_profit": 197351,
            "gross_margin": 19.01,
            "gross_margin_4q_avg": 17.88,
            "net_income": -7496,
            "net_income_4q": null,
            "revenue": 1038137,
            "revenue_4q": null,
            "common_shares": 2200000,
            "book_valuer_per_share": 22.87,
            "book_valuer_per_share_4q_avg": 23.83,
            "equity": 5066372,
            "current_ratio": 249.05,
            "debt_ratio": 32.64,
            "inventory_turnover_ratio": 0.83,
            "account_receivable_turnover_ratio": 2.99,
            "reinvestment_rate": 34.44,
            "research_to_sale_ratio": null,
            "price_fair": 75.74,
            "eps_avg_yearly": 2.16,
            "eps_latest_yearly": 5.92,
            "eps_growth_yearly": 1708.76
        },
        "20091": {
            "year_quarter": 20091,
            "year": 2009,
            "quarter": 1,
            "eps": 0.15,
            "eps_growth_year": null,
            "eps_4q": 1.86,
            "eps_4q_growth_year": 59.97,
            "roe": 0.58,
            "roe_4q": 7.07,
            "gross_profit": 154635,
            "gross_margin": 21.24,
            "gross_margin_4q_avg": 18.83,
            "net_income": 29669,
            "net_income_4q": null,
            "revenue": 728175,
            "revenue_4q": null,
            "common_shares": 2200000,
            "book_valuer_per_share": 23.59,
            "book_valuer_per_share_4q_avg": 23.04,
            "equity": 5223396,
            "current_ratio": 285.65,
            "debt_ratio": 30.14,
            "inventory_turnover_ratio": 0.61,
            "account_receivable_turnover_ratio": 1.21,
            "reinvestment_rate": 56.34,
            "research_to_sale_ratio": null,
            "price_fair": 75.74,
            "eps_avg_yearly": 2.16,
            "eps_latest_yearly": 5.92,
            "eps_growth_yearly": 1708.76
        },
        "20092": {
            "year_quarter": 20092,
            "year": 2009,
            "quarter": 2,
            "eps": 0.02,
            "eps_growth_year": -81.82,
            "eps_4q": 1.19,
            "eps_4q_growth_year": -12.34,
            "roe": 0.11,
            "roe_4q": 6.78,
            "gross_profit": 169787,
            "gross_margin": 20.48,
            "gross_margin_4q_avg": 19.53,
            "net_income": 5886,
            "net_income_4q": null,
            "revenue": 829108,
            "revenue_4q": null,
            "common_shares": 2200000,
            "book_valuer_per_share": 23.47,
            "book_valuer_per_share_4q_avg": 23.02,
            "equity": 5196970,
            "current_ratio": 224.6,
            "debt_ratio": 33.93,
            "inventory_turnover_ratio": 0.68,
            "account_receivable_turnover_ratio": 1.46,
            "reinvestment_rate": 56.66,
            "research_to_sale_ratio": null,
            "price_fair": 69.11,
            "eps_avg_yearly": 1.97,
            "eps_latest_yearly": 0.08,
            "eps_growth_yearly": 1521.9
        },
        "20093": {
            "year_quarter": 20093,
            "year": 2009,
            "quarter": 3,
            "eps": 0.42,
            "eps_growth_year": -71.62,
            "eps_4q": 0.56,
            "eps_4q_growth_year": -61.61,
            "roe": 1.7,
            "roe_4q": 2.24,
            "gross_profit": 210825,
            "gross_margin": 20.85,
            "gross_margin_4q_avg": 20.4,
            "net_income": 92349,
            "net_income_4q": null,
            "revenue": 1011261,
            "revenue_4q": null,
            "common_shares": 2200000,
            "book_valuer_per_share": 25.71,
            "book_valuer_per_share_4q_avg": 23.91,
            "equity": 5691649,
            "current_ratio": 285.79,
            "debt_ratio": 29.77,
            "inventory_turnover_ratio": 0.89,
            "account_receivable_turnover_ratio": 1.75,
            "reinvestment_rate": 66.9,
            "research_to_sale_ratio": null,
            "price_fair": 61.6,
            "eps_avg_yearly": 1.76,
            "eps_latest_yearly": 1.68,
            "eps_growth_yearly": 2040.69
        },
        "20094": {
            "year_quarter": 20094,
            "year": 2009,
            "quarter": 4,
            "eps": -0.06,
            "eps_growth_year": null,
            "eps_4q": 0.53,
            "eps_4q_growth_year": -66.12,
            "roe": -0.27,
            "roe_4q": 2.12,
            "gross_profit": 138509,
            "gross_margin": 18.82,
            "gross_margin_4q_avg": 20.35,
            "net_income": -15314,
            "net_income_4q": null,
            "revenue": 735824,
            "revenue_4q": null,
            "common_shares": 2200000,
            "book_valuer_per_share": 27.41,
            "book_valuer_per_share_4q_avg": 25.05,
            "equity": 5846609,
            "current_ratio": 373.77,
            "debt_ratio": 25.97,
            "inventory_turnover_ratio": 0.77,
            "account_receivable_turnover_ratio": 3.78,
            "reinvestment_rate": 27.73,
            "research_to_sale_ratio": null,
            "price_fair": 67.48,
            "eps_avg_yearly": 1.93,
            "eps_latest_yearly": 1.68,
            "eps_growth_yearly": 2283.97
        },
        "20101": {
            "year_quarter": 20101,
            "year": 2010,
            "quarter": 1,
            "eps": 0.06,
            "eps_growth_year": -60,
            "eps_4q": 0.44,
            "eps_4q_growth_year": -76.5,
            "roe": 0.18,
            "roe_4q": 1.72,
            "gross_profit": 118285,
            "gross_margin": 18.69,
            "gross_margin_4q_avg": 19.71,
            "net_income": 10407,
            "net_income_4q": null,
            "revenue": 632817,
            "revenue_4q": null,
            "common_shares": 2200000,
            "book_valuer_per_share": 28.38,
            "book_valuer_per_share_4q_avg": 26.24,
            "equity": 6050452,
            "current_ratio": 407.68,
            "debt_ratio": 25,
            "inventory_turnover_ratio": 0.65,
            "account_receivable_turnover_ratio": 1.79,
            "reinvestment_rate": 85.16,
            "research_to_sale_ratio": null,
            "price_fair": 72.8,
            "eps_avg_yearly": 2.08,
            "eps_latest_yearly": 1.68,
            "eps_growth_yearly": 2271.08
        },
        "20102": {
            "year_quarter": 20102,
            "year": 2010,
            "quarter": 2,
            "eps": 0.06,
            "eps_growth_year": 221.12,
            "eps_4q": 0.48,
            "eps_4q_growth_year": -59.3,
            "roe": 0.27,
            "roe_4q": 1.88,
            "gross_profit": 173661,
            "gross_margin": 19.69,
            "gross_margin_4q_avg": 19.51,
            "net_income": 15423,
            "net_income_4q": null,
            "revenue": 881913,
            "revenue_4q": null,
            "common_shares": 2200000,
            "book_valuer_per_share": 25.29,
            "book_valuer_per_share_4q_avg": 26.7,
            "equity": 5397220,
            "current_ratio": 253.61,
            "debt_ratio": 32.18,
            "inventory_turnover_ratio": 0.79,
            "account_receivable_turnover_ratio": 1.88,
            "reinvestment_rate": 78.35,
            "research_to_sale_ratio": null,
            "price_fair": 72.18,
            "eps_avg_yearly": 2.06,
            "eps_latest_yearly": 0.24,
            "eps_growth_yearly": 2283.77
        },
        "20103": {
            "year_quarter": 20103,
            "year": 2010,
            "quarter": 3,
            "eps": 0.66,
            "eps_growth_year": 58.22,
            "eps_4q": 0.73,
            "eps_4q_growth_year": 28.86,
            "roe": 2.43,
            "roe_4q": 2.6100000000000003,
            "gross_profit": 191522,
            "gross_margin": 19.17,
            "gross_margin_4q_avg": 19.09,
            "net_income": 139765,
            "net_income_4q": null,
            "revenue": 998826,
            "revenue_4q": null,
            "common_shares": 2200000,
            "book_valuer_per_share": 28.59,
            "book_valuer_per_share_4q_avg": 27.42,
            "equity": 6095349,
            "current_ratio": 343.02,
            "debt_ratio": 27.37,
            "inventory_turnover_ratio": 0.88,
            "account_receivable_turnover_ratio": 1.84,
            "reinvestment_rate": 90.3,
            "research_to_sale_ratio": null,
            "price_fair": 67.2,
            "eps_avg_yearly": 1.92,
            "eps_latest_yearly": 2.64,
            "eps_growth_yearly": 2337.11
        },
        "20104": {
            "year_quarter": 20104,
            "year": 2010,
            "quarter": 4,
            "eps": 0.21,
            "eps_growth_year": null,
            "eps_4q": 0.99,
            "eps_4q_growth_year": 87.19,
            "roe": 0.61,
            "roe_4q": 3.49,
            "gross_profit": 114464,
            "gross_margin": 13.57,
            "gross_margin_4q_avg": 17.78,
            "net_income": 37651,
            "net_income_4q": null,
            "revenue": 843769,
            "revenue_4q": null,
            "common_shares": 2200000,
            "book_valuer_per_share": 29.01,
            "book_valuer_per_share_4q_avg": 27.82,
            "equity": 6176932,
            "current_ratio": 345.34,
            "debt_ratio": 26.94,
            "inventory_turnover_ratio": 0.81,
            "account_receivable_turnover_ratio": 1.71,
            "reinvestment_rate": 31.2,
            "research_to_sale_ratio": null,
            "price_fair": 70,
            "eps_avg_yearly": 2,
            "eps_latest_yearly": 0.84,
            "eps_growth_yearly": 2349.89
        },
        "20111": {
            "year_quarter": 20111,
            "year": 2011,
            "quarter": 1,
            "eps": 0.02,
            "eps_growth_year": -66.67,
            "eps_4q": 0.95,
            "eps_4q_growth_year": 117.32,
            "roe": 0.01,
            "roe_4q": 3.3200000000000003,
            "gross_profit": 111375,
            "gross_margin": 14.95,
            "gross_margin_4q_avg": 16.85,
            "net_income": 782,
            "net_income_4q": null,
            "revenue": 744907,
            "revenue_4q": null,
            "common_shares": 2200000,
            "book_valuer_per_share": 31.13,
            "book_valuer_per_share_4q_avg": 28.51,
            "equity": 6623751,
            "current_ratio": 414.64,
            "debt_ratio": 24.48,
            "inventory_turnover_ratio": 0.68,
            "account_receivable_turnover_ratio": 1.69,
            "reinvestment_rate": 90.36,
            "research_to_sale_ratio": null,
            "price_fair": 66.73,
            "eps_avg_yearly": 1.91,
            "eps_latest_yearly": 0.08,
            "eps_growth_yearly": 2013.38
        },
        "20112": {
            "year_quarter": 20112,
            "year": 2011,
            "quarter": 2,
            "eps": 0.09,
            "eps_growth_year": 47.17,
            "eps_4q": 0.98,
            "eps_4q_growth_year": 102.98,
            "roe": 0.33,
            "roe_4q": 3.38,
            "gross_profit": 165120,
            "gross_margin": 17.42,
            "gross_margin_4q_avg": 16.28,
            "net_income": 20795,
            "net_income_4q": null,
            "revenue": 947714,
            "revenue_4q": null,
            "common_shares": 2200000,
            "book_valuer_per_share": 28.55,
            "book_valuer_per_share_4q_avg": 29.32,
            "equity": 6075995,
            "current_ratio": 300.46,
            "debt_ratio": 29.57,
            "inventory_turnover_ratio": 0.79,
            "account_receivable_turnover_ratio": 2,
            "reinvestment_rate": 86.23,
            "research_to_sale_ratio": null,
            "price_fair": 65.18,
            "eps_avg_yearly": 1.86,
            "eps_latest_yearly": 0.36,
            "eps_growth_yearly": 2176.67
        },
        "20113": {
            "year_quarter": 20113,
            "year": 2011,
            "quarter": 3,
            "eps": 1.13,
            "eps_growth_year": 70.17,
            "eps_4q": 1.45,
            "eps_4q_growth_year": 99.54,
            "roe": 3.94,
            "roe_4q": 4.89,
            "gross_profit": 191157,
            "gross_margin": 17.98,
            "gross_margin_4q_avg": 15.98,
            "net_income": 239068,
            "net_income_4q": null,
            "revenue": 1062976,
            "revenue_4q": null,
            "common_shares": 2200000,
            "book_valuer_per_share": 28.47,
            "book_valuer_per_share_4q_avg": 29.29,
            "equity": 6060587,
            "current_ratio": 353.06,
            "debt_ratio": 27.11,
            "inventory_turnover_ratio": 0.85,
            "account_receivable_turnover_ratio": 1.94,
            "reinvestment_rate": 96.03,
            "research_to_sale_ratio": null,
            "price_fair": 63.62,
            "eps_avg_yearly": 1.82,
            "eps_latest_yearly": 4.52,
            "eps_growth_yearly": 2446.97
        },
        "20114": {
            "year_quarter": 20114,
            "year": 2011,
            "quarter": 4,
            "eps": 1.71,
            "eps_growth_year": 730.39,
            "eps_4q": 2.95,
            "eps_4q_growth_year": 197.46,
            "roe": 5.91,
            "roe_4q": 10.19,
            "gross_profit": 192576,
            "gross_margin": 22.49,
            "gross_margin_4q_avg": 18.21,
            "net_income": 361454,
            "net_income_4q": null,
            "revenue": 856149,
            "revenue_4q": null,
            "common_shares": 2200000,
            "book_valuer_per_share": 29,
            "book_valuer_per_share_4q_avg": 29.29,
            "equity": 6174465,
            "current_ratio": 400.38,
            "debt_ratio": 25.48,
            "inventory_turnover_ratio": 0.67,
            "account_receivable_turnover_ratio": 1.6,
            "reinvestment_rate": 22.07,
            "research_to_sale_ratio": null,
            "price_fair": 81.2,
            "eps_avg_yearly": 2.32,
            "eps_latest_yearly": 6.84,
            "eps_growth_yearly": 2222.81
        },
        "20121": {
            "year_quarter": 20121,
            "year": 2012,
            "quarter": 1,
            "eps": 0.06,
            "eps_growth_year": 200,
            "eps_4q": 3,
            "eps_4q_growth_year": 215.39,
            "roe": 0.17,
            "roe_4q": 10.35,
            "gross_profit": 157546,
            "gross_margin": 19.9,
            "gross_margin_4q_avg": 19.45,
            "net_income": 10723,
            "net_income_4q": null,
            "revenue": 791748,
            "revenue_4q": null,
            "common_shares": 2200000,
            "book_valuer_per_share": 30.19,
            "book_valuer_per_share_4q_avg": 29.05,
            "equity": 6422611,
            "current_ratio": 517.37,
            "debt_ratio": 22.45,
            "inventory_turnover_ratio": 0.69,
            "account_receivable_turnover_ratio": 1.64,
            "reinvestment_rate": 24.67,
            "research_to_sale_ratio": null,
            "price_fair": 74.58,
            "eps_avg_yearly": 2.13,
            "eps_latest_yearly": 0.24,
            "eps_growth_yearly": 1985.64
        },
        "20122": {
            "year_quarter": 20122,
            "year": 2012,
            "quarter": 2,
            "eps": 0.02,
            "eps_growth_year": -77.93,
            "eps_4q": 2.92,
            "eps_4q_growth_year": 198.15,
            "roe": 0.06,
            "roe_4q": 10.08,
            "gross_profit": 191923,
            "gross_margin": 20.87,
            "gross_margin_4q_avg": 20.31,
            "net_income": 3606,
            "net_income_4q": null,
            "revenue": 919748,
            "revenue_4q": null,
            "common_shares": 2200000,
            "book_valuer_per_share": 26.35,
            "book_valuer_per_share_4q_avg": 28.5,
            "equity": 5607659,
            "current_ratio": 297.81,
            "debt_ratio": 29.63,
            "inventory_turnover_ratio": 0.8,
            "account_receivable_turnover_ratio": 1.87,
            "reinvestment_rate": 32.17,
            "research_to_sale_ratio": null,
            "price_fair": 68.6,
            "eps_avg_yearly": 1.96,
            "eps_latest_yearly": 0.08,
            "eps_growth_yearly": 1797.95
        },
        "20123": {
            "year_quarter": 20123,
            "year": 2012,
            "quarter": 3,
            "eps": 0.79,
            "eps_growth_year": -30.29,
            "eps_4q": 2.58,
            "eps_4q_growth_year": 78.42,
            "roe": 2.91,
            "roe_4q": 9.05,
            "gross_profit": 230037,
            "gross_margin": 21.1,
            "gross_margin_4q_avg": 21.09,
            "net_income": 168385,
            "net_income_4q": null,
            "revenue": 1090012,
            "revenue_4q": null,
            "common_shares": 2200000,
            "book_valuer_per_share": 28.09,
            "book_valuer_per_share_4q_avg": 28.41,
            "equity": 5976918,
            "current_ratio": 389.44,
            "debt_ratio": 25.83,
            "inventory_turnover_ratio": 0.92,
            "account_receivable_turnover_ratio": 2.09,
            "reinvestment_rate": 37.95,
            "research_to_sale_ratio": null,
            "price_fair": 60.55,
            "eps_avg_yearly": 1.73,
            "eps_latest_yearly": 3.16,
            "eps_growth_yearly": 2666.13
        },
        "20124": {
            "year_quarter": 20124,
            "year": 2012,
            "quarter": 4,
            "eps": -0.11,
            "eps_growth_year": -106.48,
            "eps_4q": 0.76,
            "eps_4q_growth_year": -74.16,
            "roe": -0.44,
            "roe_4q": 2.7,
            "gross_profit": 71256,
            "gross_margin": 10.11,
            "gross_margin_4q_avg": 18,
            "net_income": -28915,
            "net_income_4q": null,
            "revenue": 704885,
            "revenue_4q": null,
            "common_shares": 2200000,
            "book_valuer_per_share": 33.94,
            "book_valuer_per_share_4q_avg": 29.64,
            "equity": 7213337,
            "current_ratio": 401.41,
            "debt_ratio": 22.21,
            "inventory_turnover_ratio": 0.71,
            "account_receivable_turnover_ratio": 1.42,
            "reinvestment_rate": 284.77,
            "research_to_sale_ratio": null,
            "price_fair": 60.55,
            "eps_avg_yearly": 1.73,
            "eps_latest_yearly": 3.16,
            "eps_growth_yearly": 2666.13
        },
        "20131": {
            "year_quarter": 20131,
            "year": 2013,
            "quarter": 1,
            "eps": 0.04,
            "eps_growth_year": -33.33,
            "eps_4q": 0.74,
            "eps_4q_growth_year": -75.38,
            "roe": 0.07,
            "roe_4q": 2.6,
            "gross_profit": 120072,
            "gross_margin": 17.15,
            "gross_margin_4q_avg": 17.31,
            "net_income": 4765,
            "net_income_4q": null,
            "revenue": 700168,
            "revenue_4q": null,
            "common_shares": 2200000,
            "book_valuer_per_share": 33.48,
            "book_valuer_per_share_4q_avg": 30.47,
            "equity": 7111888,
            "current_ratio": 409.06,
            "debt_ratio": 22.17,
            "inventory_turnover_ratio": 0.71,
            "account_receivable_turnover_ratio": 1.47,
            "reinvestment_rate": 67.94,
            "research_to_sale_ratio": null,
            "price_fair": 60.55,
            "eps_avg_yearly": 1.73,
            "eps_latest_yearly": 3.16,
            "eps_growth_yearly": 2666.13
        },
        "20132": {
            "year_quarter": 20132,
            "year": 2013,
            "quarter": 2,
            "eps": 0.24,
            "eps_growth_year": 1050.75,
            "eps_4q": 0.95,
            "eps_4q_growth_year": -67.36,
            "roe": 0.7,
            "roe_4q": 3.24,
            "gross_profit": 123432,
            "gross_margin": 17.16,
            "gross_margin_4q_avg": 16.38,
            "net_income": 50485,
            "net_income_4q": null,
            "revenue": 719295,
            "revenue_4q": null,
            "common_shares": 2200000,
            "book_valuer_per_share": 34.09,
            "book_valuer_per_share_4q_avg": 32.4,
            "equity": 7240785,
            "current_ratio": 338.13,
            "debt_ratio": 24.57,
            "inventory_turnover_ratio": 0.76,
            "account_receivable_turnover_ratio": 1.43,
            "reinvestment_rate": 66.51,
            "research_to_sale_ratio": null,
            "price_fair": 63.12,
            "eps_avg_yearly": 1.8,
            "eps_latest_yearly": 0.96,
            "eps_growth_yearly": 2861.69
        },
        "20133": {
            "year_quarter": 20133,
            "year": 2013,
            "quarter": 3,
            "eps": 0.46,
            "eps_growth_year": -41.64,
            "eps_4q": 0.63,
            "eps_4q_growth_year": -75.77,
            "roe": 1.41,
            "roe_4q": 1.7399999999999998,
            "gross_profit": 235060,
            "gross_margin": 17.88,
            "gross_margin_4q_avg": 15.58,
            "net_income": 102750,
            "net_income_4q": null,
            "revenue": 1314676,
            "revenue_4q": null,
            "common_shares": 2200000,
            "book_valuer_per_share": 34.46,
            "book_valuer_per_share_4q_avg": 33.99,
            "equity": 7325307,
            "current_ratio": 408.68,
            "debt_ratio": 22.56,
            "inventory_turnover_ratio": 1.43,
            "account_receivable_turnover_ratio": 2.46,
            "reinvestment_rate": 66.14,
            "research_to_sale_ratio": null,
            "price_fair": 63.58,
            "eps_avg_yearly": 1.82,
            "eps_latest_yearly": 1.84,
            "eps_growth_yearly": 2225.58
        },
        "20134": {
            "year_quarter": 20134,
            "year": 2013,
            "quarter": 4,
            "eps": 0.08,
            "eps_growth_year": null,
            "eps_4q": 0.82,
            "eps_4q_growth_year": 7.47,
            "roe": 0.17,
            "roe_4q": 2.3499999999999996,
            "gross_profit": 99380,
            "gross_margin": 15.18,
            "gross_margin_4q_avg": 16.84,
            "net_income": 12605,
            "net_income_4q": null,
            "revenue": 654657,
            "revenue_4q": null,
            "common_shares": 2200000,
            "book_valuer_per_share": 35.53,
            "book_valuer_per_share_4q_avg": 34.39,
            "equity": 7547020,
            "current_ratio": 487.82,
            "debt_ratio": 20.74,
            "inventory_turnover_ratio": 0.77,
            "account_receivable_turnover_ratio": 1.32,
            "reinvestment_rate": 31.86,
            "research_to_sale_ratio": null,
            "price_fair": 59.55,
            "eps_avg_yearly": 1.7,
            "eps_latest_yearly": 0.32,
            "eps_growth_yearly": 2028.96
        },
        "20141": {
            "year_quarter": 20141,
            "year": 2014,
            "quarter": 1,
            "eps": 0,
            "eps_growth_year": -100,
            "eps_4q": 0.78,
            "eps_4q_growth_year": 5.68,
            "roe": -0.04,
            "roe_4q": 2.24,
            "gross_profit": 104828,
            "gross_margin": 16.59,
            "gross_margin_4q_avg": 16.7,
            "net_income": -3091,
            "net_income_4q": null,
            "revenue": 631838,
            "revenue_4q": null,
            "common_shares": 2200000,
            "book_valuer_per_share": 34.87,
            "book_valuer_per_share_4q_avg": 34.74,
            "equity": 7403245,
            "current_ratio": 470.44,
            "debt_ratio": 21.07,
            "inventory_turnover_ratio": 0.73,
            "account_receivable_turnover_ratio": 1.38,
            "reinvestment_rate": 33.28,
            "research_to_sale_ratio": null,
            "price_fair": 59.55,
            "eps_avg_yearly": 1.7,
            "eps_latest_yearly": 0.32,
            "eps_growth_yearly": 2028.96
        },
        "20142": {
            "year_quarter": 20142,
            "year": 2014,
            "quarter": 2,
            "eps": 0.09,
            "eps_growth_year": -62.5,
            "eps_4q": 0.63,
            "eps_4q_growth_year": -33.58,
            "roe": 0.23,
            "roe_4q": 1.77,
            "gross_profit": 146186,
            "gross_margin": 19.29,
            "gross_margin_4q_avg": 17.24,
            "net_income": 17148,
            "net_income_4q": null,
            "revenue": 757846,
            "revenue_4q": null,
            "common_shares": 2200000,
            "book_valuer_per_share": 34.93,
            "book_valuer_per_share_4q_avg": 34.95,
            "equity": 7415012,
            "current_ratio": 386.29,
            "debt_ratio": 23.08,
            "inventory_turnover_ratio": 0.81,
            "account_receivable_turnover_ratio": 1.5,
            "reinvestment_rate": 40.47,
            "research_to_sale_ratio": null,
            "price_fair": 63.82,
            "eps_avg_yearly": 1.82,
            "eps_latest_yearly": 0.32,
            "eps_growth_yearly": 2198.04
        },
        "20143": {
            "year_quarter": 20143,
            "year": 2014,
            "quarter": 3,
            "eps": 0.72,
            "eps_growth_year": 56.52,
            "eps_4q": 0.95,
            "eps_4q_growth_year": 52,
            "roe": 1.97,
            "roe_4q": 2.33,
            "gross_profit": 161342,
            "gross_margin": 19.11,
            "gross_margin_4q_avg": 17.54,
            "net_income": 143933,
            "net_income_4q": null,
            "revenue": 844288,
            "revenue_4q": null,
            "common_shares": 1980000,
            "book_valuer_per_share": 37.57,
            "book_valuer_per_share_4q_avg": 35.73,
            "equity": 7178019,
            "current_ratio": 360.75,
            "debt_ratio": 23.78,
            "inventory_turnover_ratio": 0.93,
            "account_receivable_turnover_ratio": 1.62,
            "reinvestment_rate": 36.04,
            "research_to_sale_ratio": null,
            "price_fair": 64.52,
            "eps_avg_yearly": 1.84,
            "eps_latest_yearly": 2.88,
            "eps_growth_yearly": 2098.04
        },
        "20144": {
            "year_quarter": 20144,
            "year": 2014,
            "quarter": 4,
            "eps": 0.38,
            "eps_growth_year": 352.88,
            "eps_4q": 1.23,
            "eps_4q_growth_year": 50.67,
            "roe": 0.94,
            "roe_4q": 3.1,
            "gross_profit": 148621,
            "gross_margin": 19.66,
            "gross_margin_4q_avg": 18.66,
            "net_income": 67580,
            "net_income_4q": null,
            "revenue": 755801,
            "revenue_4q": null,
            "common_shares": 1980000,
            "book_valuer_per_share": 37.53,
            "book_valuer_per_share_4q_avg": 36.23,
            "equity": 7165618,
            "current_ratio": 411.92,
            "debt_ratio": 22.34,
            "inventory_turnover_ratio": 0.89,
            "account_receivable_turnover_ratio": 1.58,
            "reinvestment_rate": 30.14,
            "research_to_sale_ratio": null,
            "price_fair": 66.5,
            "eps_avg_yearly": 1.9,
            "eps_latest_yearly": 1.52,
            "eps_growth_yearly": 2105.03
        },
        "20151": {
            "year_quarter": 20151,
            "year": 2015,
            "quarter": 1,
            "eps": 0.03,
            "eps_growth_year": null,
            "eps_4q": 1.27,
            "eps_4q_growth_year": 62.36,
            "roe": 0.04,
            "roe_4q": 3.18,
            "gross_profit": 117903,
            "gross_margin": 18.46,
            "gross_margin_4q_avg": 19.13,
            "net_income": 3081,
            "net_income_4q": null,
            "revenue": 638625,
            "revenue_4q": null,
            "common_shares": 1980000,
            "book_valuer_per_share": 38.16,
            "book_valuer_per_share_4q_avg": 37.05,
            "equity": 7282204,
            "current_ratio": 437.72,
            "debt_ratio": 21.67,
            "inventory_turnover_ratio": 0.78,
            "account_receivable_turnover_ratio": 1.53,
            "reinvestment_rate": 27.84,
            "research_to_sale_ratio": null,
            "price_fair": 66.62,
            "eps_avg_yearly": 1.9,
            "eps_latest_yearly": 0.12,
            "eps_growth_yearly": 2104.49
        },
        "20152": {
            "year_quarter": 20152,
            "year": 2015,
            "quarter": 2,
            "eps": 0.14,
            "eps_growth_year": 55.56,
            "eps_4q": 1.3,
            "eps_4q_growth_year": 105.24,
            "roe": 0.32,
            "roe_4q": 3.2699999999999996,
            "gross_profit": 127042,
            "gross_margin": 18.56,
            "gross_margin_4q_avg": 18.95,
            "net_income": 22787,
            "net_income_4q": null,
            "revenue": 684545,
            "revenue_4q": null,
            "common_shares": 1980000,
            "book_valuer_per_share": 37.31,
            "book_valuer_per_share_4q_avg": 37.64,
            "equity": 7117690,
            "current_ratio": 330.29,
            "debt_ratio": 25.08,
            "inventory_turnover_ratio": 0.81,
            "account_receivable_turnover_ratio": 1.63,
            "reinvestment_rate": 24.69,
            "research_to_sale_ratio": null,
            "price_fair": 67.2,
            "eps_avg_yearly": 1.92,
            "eps_latest_yearly": 0.56,
            "eps_growth_yearly": 2110.04
        },
        "20153": {
            "year_quarter": 20153,
            "year": 2015,
            "quarter": 3,
            "eps": 0.96,
            "eps_growth_year": 33.33,
            "eps_4q": 1.5,
            "eps_4q_growth_year": 57.96,
            "roe": 2.59,
            "roe_4q": 3.8899999999999997,
            "gross_profit": 138676,
            "gross_margin": 18.53,
            "gross_margin_4q_avg": 18.8,
            "net_income": 179517,
            "net_income_4q": null,
            "revenue": 748254,
            "revenue_4q": null,
            "common_shares": 1980000,
            "book_valuer_per_share": 35.43,
            "book_valuer_per_share_4q_avg": 37.11,
            "equity": 6768405,
            "current_ratio": 336.61,
            "debt_ratio": 24.38,
            "inventory_turnover_ratio": 0.88,
            "account_receivable_turnover_ratio": 1.68,
            "reinvestment_rate": 22.45,
            "research_to_sale_ratio": null,
            "price_fair": 65.22,
            "eps_avg_yearly": 1.86,
            "eps_latest_yearly": 3.84,
            "eps_growth_yearly": 1920.09
        },
        "20154": {
            "year_quarter": 20154,
            "year": 2015,
            "quarter": 4,
            "eps": 0.21,
            "eps_growth_year": -43.36,
            "eps_4q": 1.34,
            "eps_4q_growth_year": 8.5,
            "roe": 0.58,
            "roe_4q": 3.53,
            "gross_profit": 127904,
            "gross_margin": 19.55,
            "gross_margin_4q_avg": 18.78,
            "net_income": 39492,
            "net_income_4q": null,
            "revenue": 654160,
            "revenue_4q": null,
            "common_shares": 1980000,
            "book_valuer_per_share": 36.24,
            "book_valuer_per_share_4q_avg": 36.79,
            "equity": 6920941,
            "current_ratio": 365.27,
            "debt_ratio": 23.07,
            "inventory_turnover_ratio": 0.77,
            "account_receivable_turnover_ratio": 1.59,
            "reinvestment_rate": 26.19,
            "research_to_sale_ratio": null,
            "price_fair": 47.72,
            "eps_avg_yearly": 1.36,
            "eps_latest_yearly": 0.84,
            "eps_growth_yearly": 1876.94
        },
        "20161": {
            "year_quarter": 20161,
            "year": 2016,
            "quarter": 1,
            "eps": 0.16,
            "eps_growth_year": 433.33,
            "eps_4q": 1.47,
            "eps_4q_growth_year": 16.13,
            "roe": 0.43,
            "roe_4q": 3.9199999999999995,
            "gross_profit": 142584,
            "gross_margin": 20.06,
            "gross_margin_4q_avg": 19.18,
            "net_income": 30558,
            "net_income_4q": null,
            "revenue": 710957,
            "revenue_4q": null,
            "common_shares": 1980000,
            "book_valuer_per_share": 37.57,
            "book_valuer_per_share_4q_avg": 36.64,
            "equity": 7174440,
            "current_ratio": 355.4,
            "debt_ratio": 23.12,
            "inventory_turnover_ratio": 0.85,
            "account_receivable_turnover_ratio": 1.82,
            "reinvestment_rate": 25.34,
            "research_to_sale_ratio": null,
            "price_fair": 48.88,
            "eps_avg_yearly": 1.4,
            "eps_latest_yearly": 0.64,
            "eps_growth_yearly": 1901.17
        },
        "20162": {
            "year_quarter": 20162,
            "year": 2016,
            "quarter": 2,
            "eps": 0.06,
            "eps_growth_year": -57.14,
            "eps_4q": 1.39,
            "eps_4q_growth_year": 7.14,
            "roe": 0.16,
            "roe_4q": 3.76,
            "gross_profit": 129303,
            "gross_margin": 19.58,
            "gross_margin_4q_avg": 19.43,
            "net_income": 11303,
            "net_income_4q": null,
            "revenue": 660310,
            "revenue_4q": null,
            "common_shares": 1980000,
            "book_valuer_per_share": 35.37,
            "book_valuer_per_share_4q_avg": 36.15,
            "equity": 6753633,
            "current_ratio": 264.23,
            "debt_ratio": 27.45,
            "inventory_turnover_ratio": 0.76,
            "account_receivable_turnover_ratio": 1.69,
            "reinvestment_rate": 17.9,
            "research_to_sale_ratio": null,
            "price_fair": 49.35,
            "eps_avg_yearly": 1.41,
            "eps_latest_yearly": 0.24,
            "eps_growth_yearly": 1902.56
        },
        "20163": {
            "year_quarter": 20163,
            "year": 2016,
            "quarter": 3,
            "eps": 0.9,
            "eps_growth_year": -6.25,
            "eps_4q": 1.33,
            "eps_4q_growth_year": -11.23,
            "roe": 2.51,
            "roe_4q": 3.68,
            "gross_profit": 172130,
            "gross_margin": 20.05,
            "gross_margin_4q_avg": 19.81,
            "net_income": 172519,
            "net_income_4q": null,
            "revenue": 858538,
            "revenue_4q": null,
            "common_shares": 1980000,
            "book_valuer_per_share": 36.45,
            "book_valuer_per_share_4q_avg": 36.41,
            "equity": 6973222,
            "current_ratio": 292.3,
            "debt_ratio": 26.07,
            "inventory_turnover_ratio": 0.97,
            "account_receivable_turnover_ratio": 1.88,
            "reinvestment_rate": 14.81,
            "research_to_sale_ratio": null,
            "price_fair": 50.63,
            "eps_avg_yearly": 1.45,
            "eps_latest_yearly": 3.6,
            "eps_growth_yearly": 1085.89
        },
        "20164": {
            "year_quarter": 20164,
            "year": 2016,
            "quarter": 4,
            "eps": 0.47,
            "eps_growth_year": 120.78,
            "eps_4q": 1.59,
            "eps_4q_growth_year": 18.74,
            "roe": 1.25,
            "roe_4q": 4.35,
            "gross_profit": 126995,
            "gross_margin": 19.3,
            "gross_margin_4q_avg": 19.75,
            "net_income": 88801,
            "net_income_4q": null,
            "revenue": 658119,
            "revenue_4q": null,
            "common_shares": 1980000,
            "book_valuer_per_share": 38.1,
            "book_valuer_per_share_4q_avg": 36.87,
            "equity": 7288525,
            "current_ratio": 348.84,
            "debt_ratio": 23.81,
            "inventory_turnover_ratio": 0.77,
            "account_receivable_turnover_ratio": 1.41,
            "reinvestment_rate": -274.77,
            "research_to_sale_ratio": null,
            "price_fair": 51.8,
            "eps_avg_yearly": 1.48,
            "eps_latest_yearly": 1.88,
            "eps_growth_yearly": 987.66
        },
        "20171": {
            "year_quarter": 20171,
            "year": 2017,
            "quarter": 1,
            "eps": 0,
            "eps_growth_year": -100,
            "eps_4q": 1.42,
            "eps_4q_growth_year": -3.15,
            "roe": -0.02,
            "roe_4q": 3.9,
            "gross_profit": 139827,
            "gross_margin": 20.11,
            "gross_margin_4q_avg": 19.76,
            "net_income": -1107,
            "net_income_4q": null,
            "revenue": 695279,
            "revenue_4q": null,
            "common_shares": 1980000,
            "book_valuer_per_share": 38.09,
            "book_valuer_per_share_4q_avg": 37,
            "equity": 7284041,
            "current_ratio": 360.81,
            "debt_ratio": 22.97,
            "inventory_turnover_ratio": 0.81,
            "account_receivable_turnover_ratio": 1.83,
            "reinvestment_rate": -24,
            "research_to_sale_ratio": null,
            "price_fair": 51.8,
            "eps_avg_yearly": 1.48,
            "eps_latest_yearly": 1.88,
            "eps_growth_yearly": 987.66
        },
        "20172": {
            "year_quarter": 20172,
            "year": 2017,
            "quarter": 2,
            "eps": 0.03,
            "eps_growth_year": -50,
            "eps_4q": 1.4,
            "eps_4q_growth_year": 0.13,
            "roe": 0.08,
            "roe_4q": 3.82,
            "gross_profit": 112185,
            "gross_margin": 16.68,
            "gross_margin_4q_avg": 19.04,
            "net_income": 5876,
            "net_income_4q": null,
            "revenue": 672745,
            "revenue_4q": null,
            "common_shares": 1980000,
            "book_valuer_per_share": 37.59,
            "book_valuer_per_share_4q_avg": 37.56,
            "equity": 7188420,
            "current_ratio": 297.5,
            "debt_ratio": 25.85,
            "inventory_turnover_ratio": 0.83,
            "account_receivable_turnover_ratio": 1.77,
            "reinvestment_rate": -22.73,
            "research_to_sale_ratio": null,
            "price_fair": 53.32,
            "eps_avg_yearly": 1.52,
            "eps_latest_yearly": 1.88,
            "eps_growth_yearly": 903.3
        },
        "20173": {
            "year_quarter": 20173,
            "year": 2017,
            "quarter": 3,
            "eps": 0.99,
            "eps_growth_year": 10,
            "eps_4q": 1.49,
            "eps_4q_growth_year": 11.76,
            "roe": 2.59,
            "roe_4q": 3.9,
            "gross_profit": 128452,
            "gross_margin": 18.11,
            "gross_margin_4q_avg": 18.55,
            "net_income": 188305,
            "net_income_4q": null,
            "revenue": 709421,
            "revenue_4q": null,
            "common_shares": 1980000,
            "book_valuer_per_share": 38.34,
            "book_valuer_per_share_4q_avg": 38.03,
            "equity": 7343260,
            "current_ratio": 352.04,
            "debt_ratio": 23.47,
            "inventory_turnover_ratio": 0.85,
            "account_receivable_turnover_ratio": 1.73,
            "reinvestment_rate": -23.24,
            "research_to_sale_ratio": null,
            "price_fair": 59.5,
            "eps_avg_yearly": 1.7,
            "eps_latest_yearly": 3.96,
            "eps_growth_yearly": 1939.41
        },
        "20174": {
            "year_quarter": 20174,
            "year": 2017,
            "quarter": 4,
            "eps": -0.12,
            "eps_growth_year": -125.79,
            "eps_4q": 0.9,
            "eps_4q_growth_year": -43.43,
            "roe": -0.34,
            "roe_4q": 2.31,
            "gross_profit": 63193,
            "gross_margin": 10.95,
            "gross_margin_4q_avg": 16.46,
            "net_income": -24823,
            "net_income_4q": null,
            "revenue": 577262,
            "revenue_4q": null,
            "common_shares": 1980000,
            "book_valuer_per_share": 38.31,
            "book_valuer_per_share_4q_avg": 38.08,
            "equity": 7334715,
            "current_ratio": 354.55,
            "debt_ratio": 23.1,
            "inventory_turnover_ratio": 0.77,
            "account_receivable_turnover_ratio": 1.54,
            "reinvestment_rate": -28.6,
            "research_to_sale_ratio": null,
            "price_fair": 63.89,
            "eps_avg_yearly": 1.83,
            "eps_latest_yearly": 3.96,
            "eps_growth_yearly": 2145.76
        },
        "20181": {
            "year_quarter": 20181,
            "year": 2018,
            "quarter": 1,
            "eps": -0.04,
            "eps_growth_year": null,
            "eps_4q": 0.86,
            "eps_4q_growth_year": -39.63,
            "roe": -0.12,
            "roe_4q": 2.21,
            "gross_profit": 82189,
            "gross_margin": 14.33,
            "gross_margin_4q_avg": 15.02,
            "net_income": -8854,
            "net_income_4q": null,
            "revenue": 573452,
            "revenue_4q": null,
            "common_shares": 1980000,
            "book_valuer_per_share": 41.98,
            "book_valuer_per_share_4q_avg": 39.06,
            "equity": 8023616,
            "current_ratio": 372.82,
            "debt_ratio": 20.76,
            "inventory_turnover_ratio": 0.74,
            "account_receivable_turnover_ratio": 1.65,
            "reinvestment_rate": -42.36,
            "research_to_sale_ratio": null,
            "price_fair": 63.89,
            "eps_avg_yearly": 1.83,
            "eps_latest_yearly": 3.96,
            "eps_growth_yearly": 2145.76
        },
        "20182": {
            "year_quarter": 20182,
            "year": 2018,
            "quarter": 2,
            "eps": -0.05,
            "eps_growth_year": -266.67,
            "eps_4q": 0.78,
            "eps_4q_growth_year": -44,
            "roe": -0.1,
            "roe_4q": 2.03,
            "gross_profit": 82058,
            "gross_margin": 13.63,
            "gross_margin_4q_avg": 14.26,
            "net_income": -8417,
            "net_income_4q": null,
            "revenue": 601927,
            "revenue_4q": null,
            "common_shares": 1980000,
            "book_valuer_per_share": 42.04,
            "book_valuer_per_share_4q_avg": 40.17,
            "equity": 8034552,
            "current_ratio": 321.06,
            "debt_ratio": 22.79,
            "inventory_turnover_ratio": 0.75,
            "account_receivable_turnover_ratio": 1.66,
            "reinvestment_rate": -41.71,
            "research_to_sale_ratio": null,
            "price_fair": 63.89,
            "eps_avg_yearly": 1.83,
            "eps_latest_yearly": 3.96,
            "eps_growth_yearly": 2145.76
        },
        "20183": {
            "year_quarter": 20183,
            "year": 2018,
            "quarter": 3,
            "eps": 1.56,
            "eps_growth_year": 57.58,
            "eps_4q": 1.35,
            "eps_4q_growth_year": -9.57,
            "roe": 3.69,
            "roe_4q": 3.13,
            "gross_profit": 130886,
            "gross_margin": 18.02,
            "gross_margin_4q_avg": 14.23,
            "net_income": 297917,
            "net_income_4q": null,
            "revenue": 726318,
            "revenue_4q": null,
            "common_shares": 1980000,
            "book_valuer_per_share": 42.51,
            "book_valuer_per_share_4q_avg": 41.21,
            "equity": 8125440,
            "current_ratio": 373.22,
            "debt_ratio": 21.06,
            "inventory_turnover_ratio": 0.87,
            "account_receivable_turnover_ratio": 1.84,
            "reinvestment_rate": -33.84,
            "research_to_sale_ratio": null,
            "price_fair": 60.2,
            "eps_avg_yearly": 1.72,
            "eps_latest_yearly": 3.96,
            "eps_growth_yearly": 2080.34
        },
        "20184": {
            "year_quarter": 20184,
            "year": 2018,
            "quarter": 4,
            "eps": -0.27,
            "eps_growth_year": null,
            "eps_4q": 1.2,
            "eps_4q_growth_year": 33.62,
            "roe": -0.64,
            "roe_4q": 2.8299999999999996,
            "gross_profit": 86946,
            "gross_margin": 13.55,
            "gross_margin_4q_avg": 14.88,
            "net_income": -50775,
            "net_income_4q": null,
            "revenue": 641645,
            "revenue_4q": null,
            "common_shares": 1980000,
            "book_valuer_per_share": 40.4,
            "book_valuer_per_share_4q_avg": 41.73,
            "equity": 7723012,
            "current_ratio": 340.34,
            "debt_ratio": 21.78,
            "inventory_turnover_ratio": 0.86,
            "account_receivable_turnover_ratio": 1.45,
            "reinvestment_rate": -34.3,
            "research_to_sale_ratio": null,
            "price_fair": 60.98,
            "eps_avg_yearly": 1.74,
            "eps_latest_yearly": 3.96,
            "eps_growth_yearly": 2332.47
        },
        "20191": {
            "year_quarter": 20191,
            "year": 2019,
            "quarter": 1,
            "eps": 0.02,
            "eps_growth_year": null,
            "eps_4q": 1.27,
            "eps_4q_growth_year": 47.53,
            "roe": 0.06,
            "roe_4q": 3.01,
            "gross_profit": 81941,
            "gross_margin": 16.05,
            "gross_margin_4q_avg": 15.31,
            "net_income": 4792,
            "net_income_4q": null,
            "revenue": 510519,
            "revenue_4q": null,
            "common_shares": 1980000,
            "book_valuer_per_share": 41.41,
            "book_valuer_per_share_4q_avg": 41.59,
            "equity": 7915059,
            "current_ratio": 339.52,
            "debt_ratio": 21.38,
            "inventory_turnover_ratio": 0.64,
            "account_receivable_turnover_ratio": 1.25,
            "reinvestment_rate": -36.45,
            "research_to_sale_ratio": null,
            "price_fair": 68.08,
            "eps_avg_yearly": 1.95,
            "eps_latest_yearly": 3.96,
            "eps_growth_yearly": 2670.08
        },
        "20192": {
            "year_quarter": 20192,
            "year": 2019,
            "quarter": 2,
            "eps": 2.51,
            "eps_growth_year": null,
            "eps_4q": 3.83,
            "eps_4q_growth_year": 389.84,
            "roe": 5.98,
            "roe_4q": 9.09,
            "gross_profit": 112624,
            "gross_margin": 18.55,
            "gross_margin_4q_avg": 16.54,
            "net_income": 480693,
            "net_income_4q": null,
            "revenue": 607181,
            "revenue_4q": null,
            "common_shares": 1980000,
            "book_valuer_per_share": 42.76,
            "book_valuer_per_share_4q_avg": 41.77,
            "equity": 8173462,
            "current_ratio": 412.14,
            "debt_ratio": 18.98,
            "inventory_turnover_ratio": 0.69,
            "account_receivable_turnover_ratio": 1.64,
            "reinvestment_rate": -18.56,
            "research_to_sale_ratio": null,
            "price_fair": 109.55,
            "eps_avg_yearly": 3.13,
            "eps_latest_yearly": 10.04,
            "eps_growth_yearly": 8711.75
        },
        "20193": {
            "year_quarter": 20193,
            "year": 2019,
            "quarter": 3,
            "eps": 1.4,
            "eps_growth_year": -10.26,
            "eps_4q": 3.67,
            "eps_4q_growth_year": 172.38,
            "roe": 3.3,
            "roe_4q": 8.700000000000001,
            "gross_profit": 134994,
            "gross_margin": 17.76,
            "gross_margin_4q_avg": 16.48,
            "net_income": 267877,
            "net_income_4q": null,
            "revenue": 760249,
            "revenue_4q": null,
            "common_shares": 1980000,
            "book_valuer_per_share": 42.27,
            "book_valuer_per_share_4q_avg": 41.71,
            "equity": 8081244,
            "current_ratio": 534.08,
            "debt_ratio": 16.5,
            "inventory_turnover_ratio": 0.87,
            "account_receivable_turnover_ratio": 1.83,
            "reinvestment_rate": -17.39,
            "research_to_sale_ratio": null,
            "price_fair": 117.25,
            "eps_avg_yearly": 3.35,
            "eps_latest_yearly": 5.6,
            "eps_growth_yearly": 8396.78
        },
        "20194": {
            "year_quarter": 20194,
            "year": 2019,
            "quarter": 4,
            "eps": -0.29,
            "eps_growth_year": null,
            "eps_4q": 3.65,
            "eps_4q_growth_year": 203.42,
            "roe": -0.67,
            "roe_4q": 8.67,
            "gross_profit": 76358,
            "gross_margin": 13.57,
            "gross_margin_4q_avg": 16.48,
            "net_income": -55222,
            "net_income_4q": null,
            "revenue": 562650,
            "revenue_4q": null,
            "common_shares": 1980000,
            "book_valuer_per_share": 43.86,
            "book_valuer_per_share_4q_avg": 42.58,
            "equity": 8393227,
            "current_ratio": 531.58,
            "debt_ratio": 15.44,
            "inventory_turnover_ratio": 0.74,
            "account_receivable_turnover_ratio": 1.46,
            "reinvestment_rate": -12.84,
            "research_to_sale_ratio": null,
            "price_fair": 129.8,
            "eps_avg_yearly": 3.71,
            "eps_latest_yearly": 5.6,
            "eps_growth_yearly": 9640.97
        },
        "20201": {
            "year_quarter": 20201,
            "year": 2020,
            "quarter": 1,
            "eps": 0.05,
            "eps_growth_year": 150,
            "eps_4q": 3.67,
            "eps_4q_growth_year": 189.19,
            "roe": 0.11,
            "roe_4q": 8.72,
            "gross_profit": 88209,
            "gross_margin": 16.91,
            "gross_margin_4q_avg": 16.7,
            "net_income": 8653,
            "net_income_4q": null,
            "revenue": 521644,
            "revenue_4q": null,
            "common_shares": 1980000,
            "book_valuer_per_share": 40.48,
            "book_valuer_per_share_4q_avg": 42.34,
            "equity": 7747487,
            "current_ratio": 489.11,
            "debt_ratio": 15.81,
            "inventory_turnover_ratio": 0.69,
            "account_receivable_turnover_ratio": 1.6,
            "reinvestment_rate": -15,
            "research_to_sale_ratio": null,
            "price_fair": 147.7,
            "eps_avg_yearly": 4.22,
            "eps_latest_yearly": 5.6,
            "eps_growth_yearly": 11263.67
        },
        "20202": {
            "year_quarter": 20202,
            "year": 2020,
            "quarter": 2,
            "eps": 27.38,
            "eps_growth_year": 990.84,
            "eps_4q": 28.54,
            "eps_4q_growth_year": 645.12,
            "roe": 50.98,
            "roe_4q": 53.71999999999999,
            "gross_profit": 75742,
            "gross_margin": 15.74,
            "gross_margin_4q_avg": 16,
            "net_income": 5226987,
            "net_income_4q": null,
            "revenue": 481209,
            "revenue_4q": null,
            "common_shares": 1980000,
            "book_valuer_per_share": 66.73,
            "book_valuer_per_share_4q_avg": 48.34,
            "equity": 12759007,
            "current_ratio": 826.5,
            "debt_ratio": 10.75,
            "inventory_turnover_ratio": 0.63,
            "account_receivable_turnover_ratio": 1.51,
            "reinvestment_rate": -1.71,
            "research_to_sale_ratio": null,
            "price_fair": 785.17,
            "eps_avg_yearly": 22.43,
            "eps_latest_yearly": 109.52,
            "eps_growth_yearly": 47745.33
        },
        "20203": {
            "year_quarter": 20203,
            "year": 2020,
            "quarter": 3,
            "eps": 0.91,
            "eps_growth_year": -35,
            "eps_4q": 39.89,
            "eps_4q_growth_year": 986.49,
            "roe": 1.21,
            "roe_4q": 51.629999999999995,
            "gross_profit": 120367,
            "gross_margin": 19.17,
            "gross_margin_4q_avg": 16.35,
            "net_income": 150823,
            "net_income_4q": null,
            "revenue": 627742,
            "revenue_4q": null,
            "common_shares": 1386000,
            "book_valuer_per_share": 90.48,
            "book_valuer_per_share_4q_avg": 60.39,
            "equity": 12111141,
            "current_ratio": 834.26,
            "debt_ratio": 10.6,
            "inventory_turnover_ratio": 0.76,
            "account_receivable_turnover_ratio": 2.01,
            "reinvestment_rate": -1.23,
            "research_to_sale_ratio": null,
            "price_fair": 785.4,
            "eps_avg_yearly": 22.44,
            "eps_latest_yearly": 3.64,
            "eps_growth_yearly": 46747.55
        },
        "20204": {
            "year_quarter": 20204,
            "year": 2020,
            "quarter": 4,
            "eps": 0.33,
            "eps_growth_year": null,
            "eps_4q": 40.64,
            "eps_4q_growth_year": 1013.98,
            "roe": 0.36,
            "roe_4q": 52.66,
            "gross_profit": 97882,
            "gross_margin": 16.23,
            "gross_margin_4q_avg": 17.01,
            "net_income": 43748,
            "net_income_4q": null,
            "revenue": 602945,
            "revenue_4q": null,
            "common_shares": 1386000,
            "book_valuer_per_share": 91.16,
            "book_valuer_per_share_4q_avg": 72.21,
            "equity": 12204094,
            "current_ratio": 1486.54,
            "debt_ratio": 6.6,
            "inventory_turnover_ratio": 0.79,
            "account_receivable_turnover_ratio": 1.74,
            "reinvestment_rate": -0.73,
            "research_to_sale_ratio": null,
            "price_fair": 782.13,
            "eps_avg_yearly": 22.35,
            "eps_latest_yearly": 1.32,
            "eps_growth_yearly": 46736.91
        },
        "20211": {
            "year_quarter": 20211,
            "year": 2021,
            "quarter": 1,
            "eps": 0.24,
            "eps_growth_year": 380,
            "eps_4q": 40.81,
            "eps_4q_growth_year": 1012.15,
            "roe": 0.26,
            "roe_4q": 52.809999999999995,
            "gross_profit": 99190,
            "gross_margin": 18.4,
            "gross_margin_4q_avg": 17.39,
            "net_income": 31164,
            "net_income_4q": null,
            "revenue": 539193,
            "revenue_4q": null,
            "common_shares": 1386000,
            "book_valuer_per_share": 89.83,
            "book_valuer_per_share_4q_avg": 84.55,
            "equity": 12026615,
            "current_ratio": 855.21,
            "debt_ratio": 10.3,
            "inventory_turnover_ratio": 0.72,
            "account_receivable_turnover_ratio": 1.52,
            "reinvestment_rate": -0.19,
            "research_to_sale_ratio": null,
            "price_fair": 675.2,
            "eps_avg_yearly": 19.29,
            "eps_latest_yearly": 0.96,
            "eps_growth_yearly": 40044.62
        },
        "20212": {
            "year_quarter": 20212,
            "year": 2021,
            "quarter": 2,
            "eps": -2.01,
            "eps_growth_year": -107.34,
            "eps_4q": -0.32,
            "eps_4q_growth_year": -101.11,
            "roe": -2.24,
            "roe_4q": -0.41000000000000014,
            "gross_profit": 74914,
            "gross_margin": 13.82,
            "gross_margin_4q_avg": 16.91,
            "net_income": -267859,
            "net_income_4q": null,
            "revenue": 542168,
            "revenue_4q": null,
            "common_shares": 1386000,
            "book_valuer_per_share": 89.19,
            "book_valuer_per_share_4q_avg": 90.17,
            "equity": 11940684,
            "current_ratio": 709.6,
            "debt_ratio": 12.1,
            "inventory_turnover_ratio": 0.72,
            "account_receivable_turnover_ratio": 1.73,
            "reinvestment_rate": -2.24,
            "research_to_sale_ratio": null,
            "price_fair": 675.2,
            "eps_avg_yearly": 19.29,
            "eps_latest_yearly": 0.96,
            "eps_growth_yearly": 40044.62
        },
        "20213": {
            "year_quarter": 20213,
            "year": 2021,
            "quarter": 3,
            "eps": 1.75,
            "eps_growth_year": 92.31,
            "eps_4q": 0.43,
            "eps_4q_growth_year": -98.92,
            "roe": 1.99,
            "roe_4q": 0.3699999999999998,
            "gross_profit": 98210,
            "gross_margin": 14.4,
            "gross_margin_4q_avg": 15.71,
            "net_income": 234254,
            "net_income_4q": null,
            "revenue": 682016,
            "revenue_4q": null,
            "common_shares": 990990,
            "book_valuer_per_share": 121.29,
            "book_valuer_per_share_4q_avg": 97.87,
            "equity": 11611193,
            "current_ratio": 751.78,
            "debt_ratio": 11.27,
            "inventory_turnover_ratio": 0.85,
            "account_receivable_turnover_ratio": 2,
            "reinvestment_rate": 2.19,
            "research_to_sale_ratio": null,
            "price_fair": 764.63,
            "eps_avg_yearly": 21.85,
            "eps_latest_yearly": 0.96,
            "eps_growth_yearly": 44585.39
        },
        "20214": {
            "year_quarter": 20214,
            "year": 2021,
            "quarter": 4,
            "eps": 0.09,
            "eps_growth_year": -73.75,
            "eps_4q": 0.06,
            "eps_4q_growth_year": -99.86,
            "roe": 0.08,
            "roe_4q": 0.08999999999999964,
            "gross_profit": 94072,
            "gross_margin": 15.28,
            "gross_margin_4q_avg": 15.48,
            "net_income": 8873,
            "net_income_4q": null,
            "revenue": 615522,
            "revenue_4q": null,
            "common_shares": 990990,
            "book_valuer_per_share": 120.85,
            "book_valuer_per_share_4q_avg": 105.29,
            "equity": 11570282,
            "current_ratio": 929.74,
            "debt_ratio": 9.29,
            "inventory_turnover_ratio": 0.72,
            "account_receivable_turnover_ratio": 1.6,
            "reinvestment_rate": 3.44,
            "research_to_sale_ratio": null,
            "price_fair": 657.2,
            "eps_avg_yearly": 18.78,
            "eps_latest_yearly": 0.36,
            "eps_growth_yearly": 38161.85
        },
        "20221": {
            "year_quarter": 20221,
            "year": 2022,
            "quarter": 1,
            "eps": 0.84,
            "eps_growth_year": 250,
            "eps_4q": 0.57,
            "eps_4q_growth_year": -98.61,
            "roe": 0.7,
            "roe_4q": 0.5299999999999998,
            "gross_profit": 104381,
            "gross_margin": 17.01,
            "gross_margin_4q_avg": 15.13,
            "net_income": 81116,
            "net_income_4q": null,
            "revenue": 613677,
            "revenue_4q": null,
            "common_shares": 990990,
            "book_valuer_per_share": 121.89,
            "book_valuer_per_share_4q_avg": 113.31,
            "equity": 11671346,
            "current_ratio": 809.89,
            "debt_ratio": 10.55,
            "inventory_turnover_ratio": 0.65,
            "account_receivable_turnover_ratio": 1.61,
            "reinvestment_rate": 4.91,
            "research_to_sale_ratio": null,
            "price_fair": 589.75,
            "eps_avg_yearly": 16.85,
            "eps_latest_yearly": 3.36,
            "eps_growth_yearly": 33808.28
        },
        "20222": {
            "year_quarter": 20222,
            "year": 2022,
            "quarter": 2,
            "eps": 1.16,
            "eps_growth_year": null,
            "eps_4q": 4.53,
            "eps_4q_growth_year": null,
            "roe": 0.98,
            "roe_4q": 3.75,
            "gross_profit": 119636,
            "gross_margin": 17.31,
            "gross_margin_4q_avg": 16,
            "net_income": 111224,
            "net_income_4q": null,
            "revenue": 691024,
            "revenue_4q": null,
            "common_shares": 990990,
            "book_valuer_per_share": 114.17,
            "book_valuer_per_share_4q_avg": 119.55,
            "equity": 10933888,
            "current_ratio": 1394.54,
            "debt_ratio": 6.95,
            "inventory_turnover_ratio": 0.72,
            "account_receivable_turnover_ratio": 1.78,
            "reinvestment_rate": 4.27,
            "research_to_sale_ratio": null,
            "price_fair": 542.27,
            "eps_avg_yearly": 15.49,
            "eps_latest_yearly": 4.64,
            "eps_growth_yearly": 30068.74
        },
        "20223": {
            "year_quarter": 20223,
            "year": 2022,
            "quarter": 3,
            "eps": 5.29,
            "eps_growth_year": 202.29,
            "eps_4q": 7.38,
            "eps_4q_growth_year": 1614.27,
            "roe": 4.75,
            "roe_4q": 6.510000000000001,
            "gross_profit": 152315,
            "gross_margin": 20.33,
            "gross_margin_4q_avg": 17.48,
            "net_income": 507098,
            "net_income_4q": null,
            "revenue": 749376,
            "revenue_4q": null,
            "common_shares": 990990,
            "book_valuer_per_share": 108.59,
            "book_valuer_per_share_4q_avg": 116.38,
            "equity": 10402953,
            "current_ratio": 1167.22,
            "debt_ratio": 8.07,
            "inventory_turnover_ratio": 0.79,
            "account_receivable_turnover_ratio": 1.65,
            "reinvestment_rate": 4.29,
            "research_to_sale_ratio": null,
            "price_fair": 562.1,
            "eps_avg_yearly": 16.06,
            "eps_latest_yearly": 21.16,
            "eps_growth_yearly": 27204.28
        },
        "20224": {
            "year_quarter": 20224,
            "year": 2022,
            "quarter": 4,
            "eps": 0.12,
            "eps_growth_year": 42.67,
            "eps_4q": 7.41,
            "eps_4q_growth_year": 13109.81,
            "roe": 0.11,
            "roe_4q": 6.54,
            "gross_profit": 128983,
            "gross_margin": 20.96,
            "gross_margin_4q_avg": 18.9,
            "net_income": 11786,
            "net_income_4q": null,
            "revenue": 615283,
            "revenue_4q": null,
            "common_shares": 990990,
            "book_valuer_per_share": 111.06,
            "book_valuer_per_share_4q_avg": 113.93,
            "equity": 10638744,
            "current_ratio": 1168.92,
            "debt_ratio": 7.77,
            "inventory_turnover_ratio": 0.65,
            "account_receivable_turnover_ratio": 1.36,
            "reinvestment_rate": 6.45,
            "research_to_sale_ratio": null,
            "price_fair": 512.53,
            "eps_avg_yearly": 14.64,
            "eps_latest_yearly": 0.48,
            "eps_growth_yearly": 24695.62
        },
        "20231": {
            "year_quarter": 20231,
            "year": 2023,
            "quarter": 1,
            "eps": 0.33,
            "eps_growth_year": -60.71,
            "eps_4q": 6.9,
            "eps_4q_growth_year": 1113.95,
            "roe": 0.3,
            "roe_4q": 6.140000000000001,
            "gross_profit": 92821,
            "gross_margin": 17.15,
            "gross_margin_4q_avg": 18.94,
            "net_income": 31773,
            "net_income_4q": null,
            "revenue": 541146,
            "revenue_4q": null,
            "common_shares": 990990,
            "book_valuer_per_share": 112.65,
            "book_valuer_per_share_4q_avg": 111.62,
            "equity": 10790923,
            "current_ratio": 860.09,
            "debt_ratio": 9.89,
            "inventory_turnover_ratio": 0.58,
            "account_receivable_turnover_ratio": 1.49,
            "reinvestment_rate": 6.78,
            "research_to_sale_ratio": null,
            "price_fair": 473.67,
            "eps_avg_yearly": 13.53,
            "eps_latest_yearly": 1.32,
            "eps_growth_yearly": 22695.99
        },
        "20232": {
            "year_quarter": 20232,
            "year": 2023,
            "quarter": 2,
            "eps": 2.46,
            "eps_growth_year": 112.07,
            "eps_4q": 8.2,
            "eps_4q_growth_year": 80.91,
            "roe": 2.17,
            "roe_4q": 7.33,
            "gross_profit": 116654,
            "gross_margin": 18.6,
            "gross_margin_4q_avg": 19.26,
            "net_income": 235906,
            "net_income_4q": null,
            "revenue": 627079,
            "revenue_4q": null,
            "common_shares": 990990,
            "book_valuer_per_share": 114.44,
            "book_valuer_per_share_4q_avg": 111.69,
            "equity": 10961028,
            "current_ratio": 1590.05,
            "debt_ratio": 6.18,
            "inventory_turnover_ratio": 0.71,
            "account_receivable_turnover_ratio": 1.81,
            "reinvestment_rate": 7.08,
            "research_to_sale_ratio": null,
            "price_fair": 473.08,
            "eps_avg_yearly": 13.52,
            "eps_latest_yearly": 9.84,
            "eps_growth_yearly": 18761.14
        },
        "20233": {
            "year_quarter": 20233,
            "year": 2023,
            "quarter": 3,
            "eps": 1.37,
            "eps_growth_year": -74.1,
            "eps_4q": 4.28,
            "eps_4q_growth_year": -41.98,
            "roe": 1.22,
            "roe_4q": 3.7999999999999994,
            "gross_profit": 82462,
            "gross_margin": 15.71,
            "gross_margin_4q_avg": 18.11,
            "net_income": 131118,
            "net_income_4q": null,
            "revenue": 525000,
            "revenue_4q": null,
            "common_shares": 990990,
            "book_valuer_per_share": 110.06,
            "book_valuer_per_share_4q_avg": 112.05,
            "equity": 10543491,
            "current_ratio": 1468.64,
            "debt_ratio": 6.53,
            "inventory_turnover_ratio": 0.67,
            "account_receivable_turnover_ratio": 1.45,
            "reinvestment_rate": 7.14,
            "research_to_sale_ratio": null,
            "price_fair": 472.73,
            "eps_avg_yearly": 13.51,
            "eps_latest_yearly": 5.48,
            "eps_growth_yearly": 18761.11
        }
    },
    "months": {
        "2001-06": {
            "month": "2001-06",
            "price": "6.34",
            "revenue": 337535
        },
        "2001-07": {
            "month": "2001-07",
            "price": "5.97",
            "revenue": 247154
        },
        "2001-08": {
            "month": "2001-08",
            "price": "6.10",
            "revenue": 322576
        },
        "2001-09": {
            "month": "2001-09",
            "price": "5.85",
            "revenue": 238893
        },
        "2001-10": {
            "month": "2001-10",
            "price": "5.55",
            "revenue": 206000
        },
        "2001-11": {
            "month": "2001-11",
            "price": "6.19",
            "revenue": 245338
        },
        "2001-12": {
            "month": "2001-12",
            "price": "7.05",
            "revenue": 242355
        },
        "2002-01": {
            "month": "2002-01",
            "price": "7.39",
            "revenue": 206764
        },
        "2002-02": {
            "month": "2002-02",
            "price": "7.70",
            "revenue": 166653
        },
        "2002-03": {
            "month": "2002-03",
            "price": "8.38",
            "revenue": 234989
        },
        "2002-04": {
            "month": "2002-04",
            "price": "11.17",
            "revenue": 234968
        },
        "2002-05": {
            "month": "2002-05",
            "price": "10.03",
            "revenue": 262619
        },
        "2002-06": {
            "month": "2002-06",
            "price": "10.06",
            "revenue": 284654
        },
        "2002-07": {
            "month": "2002-07",
            "price": "9.70",
            "revenue": 322649
        },
        "2002-08": {
            "month": "2002-08",
            "price": "8.22",
            "revenue": 269251
        },
        "2002-09": {
            "month": "2002-09",
            "price": "7.06",
            "revenue": 253029
        },
        "2002-10": {
            "month": "2002-10",
            "price": "7.00",
            "revenue": 181751
        },
        "2002-11": {
            "month": "2002-11",
            "price": "8.95",
            "revenue": 197481
        },
        "2002-12": {
            "month": "2002-12",
            "price": "9.12",
            "revenue": 226297
        },
        "2003-01": {
            "month": "2003-01",
            "price": "9.76",
            "revenue": 284542
        },
        "2003-02": {
            "month": "2003-02",
            "price": "9.22",
            "revenue": 170896
        },
        "2003-03": {
            "month": "2003-03",
            "price": "8.95",
            "revenue": 238639
        },
        "2003-04": {
            "month": "2003-04",
            "price": "9.08",
            "revenue": 297311
        },
        "2003-05": {
            "month": "2003-05",
            "price": "8.31",
            "revenue": 274872
        },
        "2003-06": {
            "month": "2003-06",
            "price": "9.10",
            "revenue": 408519
        },
        "2003-07": {
            "month": "2003-07",
            "price": "9.73",
            "revenue": 357048
        },
        "2003-08": {
            "month": "2003-08",
            "price": "9.65",
            "revenue": 301989
        },
        "2003-09": {
            "month": "2003-09",
            "price": "9.10",
            "revenue": 278082
        },
        "2003-10": {
            "month": "2003-10",
            "price": "9.36",
            "revenue": 258699
        },
        "2003-11": {
            "month": "2003-11",
            "price": "9.63",
            "revenue": 283668
        },
        "2003-12": {
            "month": "2003-12",
            "price": "9.43",
            "revenue": 321947
        },
        "2004-01": {
            "month": "2004-01",
            "price": "10.04",
            "revenue": 245167
        },
        "2004-02": {
            "month": "2004-02",
            "price": "11.78",
            "revenue": 259402
        },
        "2004-03": {
            "month": "2004-03",
            "price": "11.36",
            "revenue": 343974
        },
        "2004-04": {
            "month": "2004-04",
            "price": "10.88",
            "revenue": 333489
        },
        "2004-05": {
            "month": "2004-05",
            "price": "9.80",
            "revenue": 271779
        },
        "2004-06": {
            "month": "2004-06",
            "price": "9.63",
            "revenue": 348774
        },
        "2004-07": {
            "month": "2004-07",
            "price": "8.86",
            "revenue": 332610
        },
        "2004-08": {
            "month": "2004-08",
            "price": "8.38",
            "revenue": 285606
        },
        "2004-09": {
            "month": "2004-09",
            "price": "9.19",
            "revenue": 310345
        },
        "2004-10": {
            "month": "2004-10",
            "price": "9.34",
            "revenue": 259451
        },
        "2004-11": {
            "month": "2004-11",
            "price": "9.17",
            "revenue": 272282
        },
        "2004-12": {
            "month": "2004-12",
            "price": "9.27",
            "revenue": 273770
        },
        "2005-01": {
            "month": "2005-01",
            "price": "9.92",
            "revenue": 257179
        },
        "2005-02": {
            "month": "2005-02",
            "price": "9.78",
            "revenue": 162682
        },
        "2005-03": {
            "month": "2005-03",
            "price": "10.07",
            "revenue": 240711
        },
        "2005-04": {
            "month": "2005-04",
            "price": "10.43",
            "revenue": 318285
        },
        "2005-05": {
            "month": "2005-05",
            "price": "10.68",
            "revenue": 248965
        },
        "2005-06": {
            "month": "2005-06",
            "price": "10.65",
            "revenue": 378314
        },
        "2005-07": {
            "month": "2005-07",
            "price": "10.26",
            "revenue": 355716
        },
        "2005-08": {
            "month": "2005-08",
            "price": "9.95",
            "revenue": 306586
        },
        "2005-09": {
            "month": "2005-09",
            "price": "9.62",
            "revenue": 341801
        },
        "2005-10": {
            "month": "2005-10",
            "price": "9.39",
            "revenue": 234509
        },
        "2005-11": {
            "month": "2005-11",
            "price": "10.08",
            "revenue": 272428
        },
        "2005-12": {
            "month": "2005-12",
            "price": "10.50",
            "revenue": 247956
        },
        "2006-01": {
            "month": "2006-01",
            "price": "11.42",
            "revenue": 242811
        },
        "2006-02": {
            "month": "2006-02",
            "price": "11.50",
            "revenue": 194430
        },
        "2006-03": {
            "month": "2006-03",
            "price": "11.23",
            "revenue": 297803
        },
        "2006-04": {
            "month": "2006-04",
            "price": "11.78",
            "revenue": 216617
        },
        "2006-05": {
            "month": "2006-05",
            "price": "18.57",
            "revenue": 315273
        },
        "2006-06": {
            "month": "2006-06",
            "price": "17.42",
            "revenue": 364966
        },
        "2006-07": {
            "month": "2006-07",
            "price": "17.43",
            "revenue": 318482
        },
        "2006-08": {
            "month": "2006-08",
            "price": "15.48",
            "revenue": 321964
        },
        "2006-09": {
            "month": "2006-09",
            "price": "15.76",
            "revenue": 297543
        },
        "2006-10": {
            "month": "2006-10",
            "price": "17.51",
            "revenue": 277363
        },
        "2006-11": {
            "month": "2006-11",
            "price": "18.64",
            "revenue": 208727
        },
        "2006-12": {
            "month": "2006-12",
            "price": "24.13",
            "revenue": 268471
        },
        "2007-01": {
            "month": "2007-01",
            "price": "21.90",
            "revenue": 260941
        },
        "2007-02": {
            "month": "2007-02",
            "price": "21.49",
            "revenue": 234410
        },
        "2007-03": {
            "month": "2007-03",
            "price": "21.09",
            "revenue": 329135
        },
        "2007-04": {
            "month": "2007-04",
            "price": "23.74",
            "revenue": 251027
        },
        "2007-05": {
            "month": "2007-05",
            "price": "23.46",
            "revenue": 320071
        },
        "2007-06": {
            "month": "2007-06",
            "price": "24.68",
            "revenue": 385835
        },
        "2007-07": {
            "month": "2007-07",
            "price": "25.86",
            "revenue": 293892
        },
        "2007-08": {
            "month": "2007-08",
            "price": "22.58",
            "revenue": 398949
        },
        "2007-09": {
            "month": "2007-09",
            "price": "22.89",
            "revenue": 335870
        },
        "2007-10": {
            "month": "2007-10",
            "price": "24.50",
            "revenue": 269064
        },
        "2007-11": {
            "month": "2007-11",
            "price": "22.18",
            "revenue": 287491
        },
        "2007-12": {
            "month": "2007-12",
            "price": "21.39",
            "revenue": 244283
        },
        "2008-01": {
            "month": "2008-01",
            "price": "23.69",
            "revenue": 295247
        },
        "2008-02": {
            "month": "2008-02",
            "price": "24.58",
            "revenue": 174781
        },
        "2008-03": {
            "month": "2008-03",
            "price": "27.35",
            "revenue": 254328
        },
        "2008-04": {
            "month": "2008-04",
            "price": "29.63",
            "revenue": 347674
        },
        "2008-05": {
            "month": "2008-05",
            "price": "27.62",
            "revenue": 262358
        },
        "2008-06": {
            "month": "2008-06",
            "price": "23.80",
            "revenue": 286730
        },
        "2008-07": {
            "month": "2008-07",
            "price": "19.04",
            "revenue": 270034
        },
        "2008-08": {
            "month": "2008-08",
            "price": "18.65",
            "revenue": 304588
        },
        "2008-09": {
            "month": "2008-09",
            "price": "14.80",
            "revenue": 292911
        },
        "2008-10": {
            "month": "2008-10",
            "price": "13.07",
            "revenue": 273993
        },
        "2008-11": {
            "month": "2008-11",
            "price": "13.49",
            "revenue": 207567
        },
        "2008-12": {
            "month": "2008-12",
            "price": "15.02",
            "revenue": 242897
        },
        "2009-01": {
            "month": "2009-01",
            "price": "14.96",
            "revenue": 169982
        },
        "2009-02": {
            "month": "2009-02",
            "price": "13.93",
            "revenue": 149036
        },
        "2009-03": {
            "month": "2009-03",
            "price": "14.72",
            "revenue": 209226
        },
        "2009-04": {
            "month": "2009-04",
            "price": "18.12",
            "revenue": 193651
        },
        "2009-05": {
            "month": "2009-05",
            "price": "19.98",
            "revenue": 197653
        },
        "2009-06": {
            "month": "2009-06",
            "price": "20.26",
            "revenue": 140876
        },
        "2009-07": {
            "month": "2009-07",
            "price": "21.60",
            "revenue": 240849
        },
        "2009-08": {
            "month": "2009-08",
            "price": "21.06",
            "revenue": 191022
        },
        "2009-09": {
            "month": "2009-09",
            "price": "21.62",
            "revenue": 192376
        },
        "2009-10": {
            "month": "2009-10",
            "price": "23.53",
            "revenue": 159103
        },
        "2009-11": {
            "month": "2009-11",
            "price": "22.90",
            "revenue": 148129
        },
        "2009-12": {
            "month": "2009-12",
            "price": "22.90",
            "revenue": 179834
        },
        "2010-01": {
            "month": "2010-01",
            "price": "23.40",
            "revenue": 185887
        },
        "2010-02": {
            "month": "2010-02",
            "price": "21.96",
            "revenue": 124499
        },
        "2010-03": {
            "month": "2010-03",
            "price": "22.97",
            "revenue": 161367
        },
        "2010-04": {
            "month": "2010-04",
            "price": "23.32",
            "revenue": 170299
        },
        "2010-05": {
            "month": "2010-05",
            "price": "22.53",
            "revenue": 171180
        },
        "2010-06": {
            "month": "2010-06",
            "price": "22.28",
            "revenue": 224335
        },
        "2010-07": {
            "month": "2010-07",
            "price": "21.74",
            "revenue": 250526
        },
        "2010-08": {
            "month": "2010-08",
            "price": "22.87",
            "revenue": 258999
        },
        "2010-09": {
            "month": "2010-09",
            "price": "22.79",
            "revenue": 215631
        },
        "2010-10": {
            "month": "2010-10",
            "price": "24.08",
            "revenue": 206658
        },
        "2010-11": {
            "month": "2010-11",
            "price": "24.60",
            "revenue": 176476
        },
        "2010-12": {
            "month": "2010-12",
            "price": "26.26",
            "revenue": 222808
        },
        "2011-01": {
            "month": "2011-01",
            "price": "28.78",
            "revenue": 224616
        },
        "2011-02": {
            "month": "2011-02",
            "price": "27.85",
            "revenue": 125309
        },
        "2011-03": {
            "month": "2011-03",
            "price": "26.28",
            "revenue": 185475
        },
        "2011-04": {
            "month": "2011-04",
            "price": "27.46",
            "revenue": 219828
        },
        "2011-05": {
            "month": "2011-05",
            "price": "26.88",
            "revenue": 191331
        },
        "2011-06": {
            "month": "2011-06",
            "price": "26.29",
            "revenue": 217077
        },
        "2011-07": {
            "month": "2011-07",
            "price": "26.93",
            "revenue": 243282
        },
        "2011-08": {
            "month": "2011-08",
            "price": "32.77",
            "revenue": 275860
        },
        "2011-09": {
            "month": "2011-09",
            "price": "30.39",
            "revenue": 216497
        },
        "2011-10": {
            "month": "2011-10",
            "price": "29.66",
            "revenue": 164641
        },
        "2011-11": {
            "month": "2011-11",
            "price": "28.15",
            "revenue": 190175
        },
        "2011-12": {
            "month": "2011-12",
            "price": "26.75",
            "revenue": 208156
        },
        "2012-01": {
            "month": "2012-01",
            "price": "27.24",
            "revenue": 193633
        },
        "2012-02": {
            "month": "2012-02",
            "price": "28.74",
            "revenue": 180480
        },
        "2012-03": {
            "month": "2012-03",
            "price": "31.85",
            "revenue": 198113
        },
        "2012-04": {
            "month": "2012-04",
            "price": "31.20",
            "revenue": 158664
        },
        "2012-05": {
            "month": "2012-05",
            "price": "30.12",
            "revenue": 167776
        },
        "2012-06": {
            "month": "2012-06",
            "price": "29.16",
            "revenue": 233546
        },
        "2012-07": {
            "month": "2012-07",
            "price": "27.47",
            "revenue": 227655
        },
        "2012-08": {
            "month": "2012-08",
            "price": "26.41",
            "revenue": 225538
        },
        "2012-09": {
            "month": "2012-09",
            "price": "30.36",
            "revenue": 169212
        },
        "2012-10": {
            "month": "2012-10",
            "price": "28.84",
            "revenue": 137096
        },
        "2012-11": {
            "month": "2012-11",
            "price": "28.14",
            "revenue": 180453
        },
        "2012-12": {
            "month": "2012-12",
            "price": "29.01",
            "revenue": 193299
        },
        "2013-01": {
            "month": "2013-01",
            "price": "30.29",
            "revenue": 245414
        },
        "2013-02": {
            "month": "2013-02",
            "price": "30.32",
            "revenue": 166974
        },
        "2013-03": {
            "month": "2013-03",
            "price": "29.21",
            "revenue": 299352
        },
        "2013-04": {
            "month": "2013-04",
            "price": "28.96",
            "revenue": 201787
        },
        "2013-05": {
            "month": "2013-05",
            "price": "30.92",
            "revenue": 208089
        },
        "2013-06": {
            "month": "2013-06",
            "price": "29.81",
            "revenue": 293934
        },
        "2013-07": {
            "month": "2013-07",
            "price": "28.85",
            "revenue": 539920
        },
        "2013-08": {
            "month": "2013-08",
            "price": "28.42",
            "revenue": 433463
        },
        "2013-09": {
            "month": "2013-09",
            "price": "28.27",
            "revenue": 272823
        },
        "2013-10": {
            "month": "2013-10",
            "price": "28.88",
            "revenue": 269553
        },
        "2013-11": {
            "month": "2013-11",
            "price": "28.95",
            "revenue": 240559
        },
        "2013-12": {
            "month": "2013-12",
            "price": "29.63",
            "revenue": 216972
        },
        "2014-01": {
            "month": "2014-01",
            "price": "29.76",
            "revenue": 255251
        },
        "2014-02": {
            "month": "2014-02",
            "price": "28.88",
            "revenue": 153041
        },
        "2014-03": {
            "month": "2014-03",
            "price": "28.94",
            "revenue": 223702
        },
        "2014-04": {
            "month": "2014-04",
            "price": "29.01",
            "revenue": 188729
        },
        "2014-05": {
            "month": "2014-05",
            "price": "28.63",
            "revenue": 280267
        },
        "2014-06": {
            "month": "2014-06",
            "price": "28.78",
            "revenue": 289081
        },
        "2014-07": {
            "month": "2014-07",
            "price": "28.74",
            "revenue": 269955
        },
        "2014-08": {
            "month": "2014-08",
            "price": "28.46",
            "revenue": 300604
        },
        "2014-09": {
            "month": "2014-09",
            "price": "28.14",
            "revenue": 271327
        },
        "2014-10": {
            "month": "2014-10",
            "price": "28.50",
            "revenue": 250567
        },
        "2014-11": {
            "month": "2014-11",
            "price": "28.61",
            "revenue": 267991
        },
        "2014-12": {
            "month": "2014-12",
            "price": "28.49",
            "revenue": 231137
        },
        "2015-01": {
            "month": "2015-01",
            "price": "28.59",
            "revenue": 242316
        },
        "2015-02": {
            "month": "2015-02",
            "price": "28.35",
            "revenue": 171451
        },
        "2015-03": {
            "month": "2015-03",
            "price": "27.86",
            "revenue": 225789
        },
        "2015-04": {
            "month": "2015-04",
            "price": "27.72",
            "revenue": 197009
        },
        "2015-05": {
            "month": "2015-05",
            "price": "27.82",
            "revenue": 232458
        },
        "2015-06": {
            "month": "2015-06",
            "price": "25.67",
            "revenue": 256893
        },
        "2015-07": {
            "month": "2015-07",
            "price": "23.70",
            "revenue": 240697
        },
        "2015-08": {
            "month": "2015-08",
            "price": "22.89",
            "revenue": 255689
        },
        "2015-09": {
            "month": "2015-09",
            "price": "22.64",
            "revenue": 250520
        },
        "2015-10": {
            "month": "2015-10",
            "price": "23.21",
            "revenue": 216836
        },
        "2015-11": {
            "month": "2015-11",
            "price": "23.70",
            "revenue": 223720
        },
        "2015-12": {
            "month": "2015-12",
            "price": "23.25",
            "revenue": 213875
        },
        "2016-01": {
            "month": "2016-01",
            "price": "22.66",
            "revenue": 258668
        },
        "2016-02": {
            "month": "2016-02",
            "price": "23.09",
            "revenue": 188592
        },
        "2016-03": {
            "month": "2016-03",
            "price": "24.33",
            "revenue": 268832
        },
        "2016-04": {
            "month": "2016-04",
            "price": "24.12",
            "revenue": 173762
        },
        "2016-05": {
            "month": "2016-05",
            "price": "23.49",
            "revenue": 170743
        },
        "2016-06": {
            "month": "2016-06",
            "price": "24.40",
            "revenue": 301669
        },
        "2016-07": {
            "month": "2016-07",
            "price": "24.74",
            "revenue": 314851
        },
        "2016-08": {
            "month": "2016-08",
            "price": "24.40",
            "revenue": 286951
        },
        "2016-09": {
            "month": "2016-09",
            "price": "24.46",
            "revenue": 265971
        },
        "2016-10": {
            "month": "2016-10",
            "price": "24.86",
            "revenue": 208363
        },
        "2016-11": {
            "month": "2016-11",
            "price": "25.02",
            "revenue": 220177
        },
        "2016-12": {
            "month": "2016-12",
            "price": "25.20",
            "revenue": 221504
        },
        "2017-01": {
            "month": "2017-01",
            "price": "25.23",
            "revenue": 282101
        },
        "2017-02": {
            "month": "2017-02",
            "price": "26.27",
            "revenue": 164251
        },
        "2017-03": {
            "month": "2017-03",
            "price": "26.14",
            "revenue": 249031
        },
        "2017-04": {
            "month": "2017-04",
            "price": "25.89",
            "revenue": 190479
        },
        "2017-05": {
            "month": "2017-05",
            "price": "25.47",
            "revenue": 217399
        },
        "2017-06": {
            "month": "2017-06",
            "price": "25.54",
            "revenue": 264708
        },
        "2017-07": {
            "month": "2017-07",
            "price": "26.27",
            "revenue": 235090
        },
        "2017-08": {
            "month": "2017-08",
            "price": "25.32",
            "revenue": 261867
        },
        "2017-09": {
            "month": "2017-09",
            "price": "25.44",
            "revenue": 215116
        },
        "2017-10": {
            "month": "2017-10",
            "price": "25.43",
            "revenue": 169833
        },
        "2017-11": {
            "month": "2017-11",
            "price": "25.53",
            "revenue": 205141
        },
        "2017-12": {
            "month": "2017-12",
            "price": "25.41",
            "revenue": 208367
        },
        "2018-01": {
            "month": "2018-01",
            "price": "26.11",
            "revenue": 207440
        },
        "2018-02": {
            "month": "2018-02",
            "price": "26.20",
            "revenue": 166222
        },
        "2018-03": {
            "month": "2018-03",
            "price": "26.46",
            "revenue": 197072
        },
        "2018-04": {
            "month": "2018-04",
            "price": "26.79",
            "revenue": 160132
        },
        "2018-05": {
            "month": "2018-05",
            "price": "26.47",
            "revenue": 206606
        },
        "2018-06": {
            "month": "2018-06",
            "price": "26.71",
            "revenue": 238539
        },
        "2018-07": {
            "month": "2018-07",
            "price": "26.67",
            "revenue": 263825
        },
        "2018-08": {
            "month": "2018-08",
            "price": "26.38",
            "revenue": 265681
        },
        "2018-09": {
            "month": "2018-09",
            "price": "26.46",
            "revenue": 204765
        },
        "2018-10": {
            "month": "2018-10",
            "price": "25.92",
            "revenue": 209035
        },
        "2018-11": {
            "month": "2018-11",
            "price": "25.92",
            "revenue": 209410
        },
        "2018-12": {
            "month": "2018-12",
            "price": "26.49",
            "revenue": 215506
        },
        "2019-01": {
            "month": "2019-01",
            "price": "26.49",
            "revenue": 192157
        },
        "2019-02": {
            "month": "2019-02",
            "price": "27.58",
            "revenue": 131022
        },
        "2019-03": {
            "month": "2019-03",
            "price": "29.91",
            "revenue": 192036
        },
        "2019-04": {
            "month": "2019-04",
            "price": "30.53",
            "revenue": 153983
        },
        "2019-05": {
            "month": "2019-05",
            "price": "31.29",
            "revenue": 195678
        },
        "2019-06": {
            "month": "2019-06",
            "price": "31.44",
            "revenue": 253354
        },
        "2019-07": {
            "month": "2019-07",
            "price": "31.06",
            "revenue": 260865
        },
        "2019-08": {
            "month": "2019-08",
            "price": "30.92",
            "revenue": 237353
        },
        "2019-09": {
            "month": "2019-09",
            "price": "31.68",
            "revenue": 275155
        },
        "2019-10": {
            "month": "2019-10",
            "price": "35.09",
            "revenue": 155412
        },
        "2019-11": {
            "month": "2019-11",
            "price": "41.60",
            "revenue": 207533
        },
        "2019-12": {
            "month": "2019-12",
            "price": "46.74",
            "revenue": 191026
        },
        "2020-01": {
            "month": "2020-01",
            "price": "48.24",
            "revenue": 165414
        },
        "2020-02": {
            "month": "2020-02",
            "price": "50.24",
            "revenue": 160344
        },
        "2020-03": {
            "month": "2020-03",
            "price": "46.15",
            "revenue": 192450
        },
        "2020-04": {
            "month": "2020-04",
            "price": "47.22",
            "revenue": 138397
        },
        "2020-05": {
            "month": "2020-05",
            "price": "52.05",
            "revenue": 159245
        },
        "2020-06": {
            "month": "2020-06",
            "price": "56.70",
            "revenue": 188984
        },
        "2020-07": {
            "month": "2020-07",
            "price": "51.30",
            "revenue": 240945
        },
        "2020-08": {
            "month": "2020-08",
            "price": "54.42",
            "revenue": 191602
        },
        "2020-09": {
            "month": "2020-09",
            "price": "52.69",
            "revenue": 194188
        },
        "2020-10": {
            "month": "2020-10",
            "price": "59.52",
            "revenue": 214384
        },
        "2020-11": {
            "month": "2020-11",
            "price": "71.71",
            "revenue": 179377
        },
        "2020-12": {
            "month": "2020-12",
            "price": "71.05",
            "revenue": 213256
        },
        "2021-01": {
            "month": "2021-01",
            "price": "71.02",
            "revenue": 185347
        },
        "2021-02": {
            "month": "2021-02",
            "price": "71.65",
            "revenue": 170163
        },
        "2021-03": {
            "month": "2021-03",
            "price": "76.15",
            "revenue": 183809
        },
        "2021-04": {
            "month": "2021-04",
            "price": "75.43",
            "revenue": 166442
        },
        "2021-05": {
            "month": "2021-05",
            "price": "71.68",
            "revenue": 163373
        },
        "2021-06": {
            "month": "2021-06",
            "price": "75.14",
            "revenue": 213438
        },
        "2021-07": {
            "month": "2021-07",
            "price": "69.70",
            "revenue": 287861
        },
        "2021-08": {
            "month": "2021-08",
            "price": "67.56",
            "revenue": 209850
        },
        "2021-09": {
            "month": "2021-09",
            "price": "64.60",
            "revenue": 185205
        },
        "2021-10": {
            "month": "2021-10",
            "price": "61.16",
            "revenue": 178690
        },
        "2021-11": {
            "month": "2021-11",
            "price": "64.22",
            "revenue": 237333
        },
        "2021-12": {
            "month": "2021-12",
            "price": "78.45",
            "revenue": 197286
        },
        "2022-01": {
            "month": "2022-01",
            "price": "85.69",
            "revenue": 227241
        },
        "2022-02": {
            "month": "2022-02",
            "price": "84.46",
            "revenue": 134407
        },
        "2022-03": {
            "month": "2022-03",
            "price": "83.65",
            "revenue": 253082
        },
        "2022-04": {
            "month": "2022-04",
            "price": "79.85",
            "revenue": 184323
        },
        "2022-05": {
            "month": "2022-05",
            "price": "78.77",
            "revenue": 304665
        },
        "2022-06": {
            "month": "2022-06",
            "price": "76.95",
            "revenue": 201760
        },
        "2022-07": {
            "month": "2022-07",
            "price": "70.66",
            "revenue": 212786
        },
        "2022-08": {
            "month": "2022-08",
            "price": "69.47",
            "revenue": 306497
        },
        "2022-09": {
            "month": "2022-09",
            "price": "68.07",
            "revenue": 233641
        },
        "2022-10": {
            "month": "2022-10",
            "price": "66.19",
            "revenue": 210962
        },
        "2022-11": {
            "month": "2022-11",
            "price": "67.48",
            "revenue": 220847
        },
        "2022-12": {
            "month": "2022-12",
            "price": "70.85",
            "revenue": 179165
        },
        "2023-01": {
            "month": "2023-01",
            "price": "71.22",
            "revenue": 241467
        },
        "2023-02": {
            "month": "2023-02",
            "price": "71.72",
            "revenue": 117990
        },
        "2023-03": {
            "month": "2023-03",
            "price": "71.54",
            "revenue": 181579
        },
        "2023-04": {
            "month": "2023-04",
            "price": "71.12",
            "revenue": 141178
        },
        "2023-05": {
            "month": "2023-05",
            "price": "70.19",
            "revenue": 279353
        },
        "2023-06": {
            "month": "2023-06",
            "price": "70.72",
            "revenue": 203850
        },
        "2023-07": {
            "month": "2023-07",
            "price": "70.85",
            "revenue": 229932
        },
        "2023-08": {
            "month": "2023-08",
            "price": "71.76",
            "revenue": 163404
        },
        "2023-09": {
            "month": "2023-09",
            "price": "71.28",
            "revenue": 134277
        },
        "2023-10": {
            "month": "2023-10",
            "price": "71.20",
            "revenue": 136905
        },
        "2023-11": {
            "month": "2023-11",
            "price": "71.33",
            "revenue": 173834
        },
        "2023-12": {
            "month": "2023-12",
            "price": "71.87",
            "revenue": 153687
        }
    }
}
