{
    "summary": {
        "stock_name": "上曜",
        "stock_id": "1316",
        "category": "建材營造",
        "main_business": "住宅及大樓開發租售業務。<br>不動產買賣業務。<br>不動產租賃業務。",
        "website_url": "http://www.sunyad.com.tw",
        "ceo": "張祐銘",
        "pe_ratio": 23,
        "report_year_from": 2001,
        "report_year_to": 2023,
        "age": 22,
        "eps_negative_percentage": 61,
        "eps_growth_avg": {
            "last_all": -77.71,
            "last_2y": -100,
            "last_4y": -80.89,
            "last_8y": -80.89,
            "last_12y": -85.66,
            "last_16y": -86.95,
            "last_20y": -77.71,
            "at_2006_last_3y": -50,
            "at_2007_last_3y": -89.52,
            "at_2008_last_3y": -89.52,
            "at_2009_last_3y": -89.52,
            "at_2010_last_3y": -93.01,
            "at_2011_last_3y": -100,
            "at_2012_last_3y": -100,
            "at_2013_last_3y": -100,
            "at_2014_last_3y": null,
            "at_2015_last_3y": null,
            "at_2016_last_3y": null,
            "at_2017_last_3y": null,
            "at_2018_last_3y": -42.66,
            "at_2019_last_3y": -71.33,
            "at_2020_last_3y": -71.33,
            "at_2021_last_3y": -80.89,
            "at_2022_last_3y": -100,
            "at_2023_last_3y": -100,
            "at_2006_last_all": -50,
            "at_2007_last_all": -59.68,
            "at_2008_last_all": -69.76,
            "at_2009_last_all": -69.76,
            "at_2010_last_all": -75.81,
            "at_2011_last_all": -75.81,
            "at_2012_last_all": -75.81,
            "at_2013_last_all": -75.81,
            "at_2014_last_all": -75.81,
            "at_2015_last_all": -75.81,
            "at_2016_last_all": -75.81,
            "at_2017_last_all": -75.81,
            "at_2018_last_all": -70.28,
            "at_2019_last_all": -74.53,
            "at_2020_last_all": -74.53,
            "at_2021_last_all": -77.71,
            "at_2022_last_all": -77.71,
            "at_2023_last_all": -77.71
        },
        "latest_eps": 0.53,
        "latest_price": 12.25,
        "latest_roe": -0.1,
        "latest_gross_margin": 10.7,
        "latest_equity": 5155004,
        "latest_revenue": 311668,
        "latest_gross_profit": 33339,
        "latest_net_income": -25994,
        "latest_debt_ratio": 54.2,
        "latest_current_ratio": 164.33,
        "latest_account_receivable_turnover_ratio": 1.94,
        "latest_inventory_turnover_ratio": 0.04,
        "latest_reinvestment_rate": null,
        "latest_research_to_sale_ratio": 0.97
    },
    "eps_dividends": {
        "1990": {
            "cash": 0,
            "stock": 2.6,
            "eps": 0
        },
        "1991": {
            "cash": 0,
            "stock": 3.27,
            "eps": 0
        },
        "1992": {
            "cash": 0,
            "stock": 4.02,
            "eps": 0
        },
        "1993": {
            "cash": 0,
            "stock": 3,
            "eps": 0
        },
        "1994": {
            "cash": 0,
            "stock": 2,
            "eps": 0
        },
        "1995": {
            "cash": 0,
            "stock": 1.5,
            "eps": 0
        },
        "1998": {
            "cash": 0,
            "stock": 1,
            "eps": 0
        },
        "2001": {
            "cash": 0,
            "stock": 0,
            "eps": -1.68
        },
        "2002": {
            "cash": 0,
            "stock": 0,
            "eps": 0.02
        },
        "2003": {
            "cash": 0,
            "stock": 0,
            "eps": 0.02
        },
        "2004": {
            "cash": 0,
            "stock": 0,
            "eps": -0.06
        },
        "2005": {
            "cash": 0,
            "stock": 0,
            "eps": -0.34
        },
        "2006": {
            "cash": 0,
            "stock": 0,
            "eps": 0.62
        },
        "2007": {
            "cash": 0,
            "stock": 0,
            "eps": 0.13
        },
        "2008": {
            "cash": 0,
            "stock": 0,
            "eps": -0.35
        },
        "2009": {
            "cash": 0,
            "stock": 0,
            "eps": 0.08
        },
        "2010": {
            "cash": 0,
            "stock": 0,
            "eps": -0.24
        },
        "2011": {
            "cash": 0,
            "stock": 0,
            "eps": -1.02
        },
        "2012": {
            "cash": 0,
            "stock": 0,
            "eps": -2.02
        },
        "2013": {
            "cash": 0,
            "stock": 0,
            "eps": -2.32
        },
        "2014": {
            "cash": 0,
            "stock": 0,
            "eps": -0.35
        },
        "2015": {
            "cash": 0,
            "stock": 0,
            "eps": -0.93
        },
        "2016": {
            "cash": 0,
            "stock": 0,
            "eps": -0.84
        },
        "2017": {
            "cash": 0,
            "stock": 0,
            "eps": 2.86
        },
        "2018": {
            "cash": 2.2,
            "stock": 0,
            "eps": 1.64
        },
        "2019": {
            "cash": 1.89,
            "stock": 0,
            "eps": -0.96
        },
        "2020": {
            "cash": 0,
            "stock": 0,
            "eps": 0.19
        },
        "2021": {
            "cash": 0,
            "stock": 0,
            "eps": -0.48
        },
        "2022": {
            "cash": 0,
            "stock": 0,
            "eps": 0.67
        },
        "2023": {
            "cash": 0.7,
            "stock": 0,
            "eps": -0.21
        }
    },
    "dividends": {
        "1990-06-30": {
            "cash": 0,
            "stock": 2.6
        },
        "1991-08-15": {
            "cash": 0,
            "stock": 3.27
        },
        "1992-03-15": {
            "cash": 0,
            "stock": 4.02
        },
        "1993-04-18": {
            "cash": 0,
            "stock": 3
        },
        "1994-05-29": {
            "cash": 0,
            "stock": 2
        },
        "1995-06-11": {
            "cash": 0,
            "stock": 1.5
        },
        "1998-05-17": {
            "cash": 0,
            "stock": 1
        },
        "2018-12-19": {
            "cash": 2.2,
            "stock": 0
        },
        "2019-08-30": {
            "cash": 1.89,
            "stock": 0
        },
        "2023-03-10": {
            "cash": 0.7,
            "stock": 0
        }
    },
    "prices": {
        "200101": "3.21",
        "200102": "3.94",
        "200103": "3.77",
        "200104": "3.70",
        "200105": "2.67",
        "200106": "2.43",
        "200107": "1.90",
        "200108": "2.00",
        "200109": "1.99",
        "200110": "1.67",
        "200111": "1.49",
        "200112": "2.42",
        "200201": "2.29",
        "200202": "2.51",
        "200203": "3.45",
        "200204": "5.01",
        "200205": "3.75",
        "200206": "3.68",
        "200207": "3.48",
        "200208": "3.03",
        "200209": "2.41",
        "200210": "2.48",
        "200211": "3.68",
        "200212": "3.90",
        "200301": "4.30",
        "200302": "3.99",
        "200303": "3.56",
        "200304": "3.40",
        "200305": "3.00",
        "200306": "3.30",
        "200307": "3.43",
        "200308": "3.76",
        "200309": "3.88",
        "200310": "4.19",
        "200311": "5.20",
        "200312": "4.99",
        "200401": "5.17",
        "200402": "5.83",
        "200403": "5.69",
        "200404": "5.35",
        "200405": "4.24",
        "200406": "4.01",
        "200407": "3.56",
        "200408": "3.25",
        "200409": "3.43",
        "200410": "3.64",
        "200411": "3.28",
        "200412": "3.16",
        "200501": "3.25",
        "200502": "3.11",
        "200503": "2.92",
        "200504": "2.37",
        "200505": "2.14",
        "200506": "2.17",
        "200507": "1.98",
        "200508": "1.84",
        "200509": "1.51",
        "200510": "1.41",
        "200511": "1.57",
        "200512": "3.14",
        "200601": "2.90",
        "200602": "2.79",
        "200603": "2.39",
        "200604": "2.78",
        "200605": "3.90",
        "200606": "3.85",
        "200607": "3.83",
        "200608": "3.76",
        "200609": "4.36",
        "200610": "5.28",
        "200611": "6.79",
        "200612": "10.32",
        "200701": "9.91",
        "200702": "9.38",
        "200703": "9.37",
        "200704": "9.51",
        "200705": "7.95",
        "200706": "8.52",
        "200707": "9.46",
        "200708": "7.90",
        "200709": "8.21",
        "200710": "7.98",
        "200711": "6.77",
        "200712": "5.66",
        "200801": "6.06",
        "200802": "6.82",
        "200803": "7.37",
        "200804": "7.49",
        "200805": "7.55",
        "200806": "6.32",
        "200807": "5.62",
        "200808": "5.60",
        "200809": "5.52",
        "200810": "4.91",
        "200811": "3.67",
        "200812": "3.53",
        "200901": "3.47",
        "200902": "3.48",
        "200903": "4.14",
        "200904": "5.27",
        "200905": "5.98",
        "200906": "5.55",
        "200907": "6.08",
        "200908": "6.30",
        "200909": "7.57",
        "200910": "8.20",
        "200911": "8.49",
        "200912": "8.59",
        "201001": "9.17",
        "201002": "9.22",
        "201003": "10.20",
        "201004": "11.96",
        "201005": "12.00",
        "201006": "10.80",
        "201007": "11.46",
        "201008": "11.39",
        "201009": "10.78",
        "201010": "10.67",
        "201011": "11.17",
        "201012": "15.97",
        "201101": "22.32",
        "201102": "20.76",
        "201103": "21.10",
        "201104": "22.56",
        "201105": "19.40",
        "201106": "21.77",
        "201107": "24.76",
        "201108": "29.36",
        "201109": "25.95",
        "201110": "22.73",
        "201111": "18.91",
        "201112": "16.22",
        "201201": "16.31",
        "201202": "21.97",
        "201203": "21.93",
        "201204": "23.03",
        "201205": "23.84",
        "201206": "23.61",
        "201207": "24.99",
        "201208": "18.24",
        "201209": "14.17",
        "201210": "11.25",
        "201211": "8.96",
        "201212": "10.33",
        "201301": "10.63",
        "201302": "10.52",
        "201303": "11.16",
        "201304": "12.04",
        "201305": "12.64",
        "201306": "12.60",
        "201307": "12.41",
        "201308": "11.74",
        "201309": "11.73",
        "201310": "12.05",
        "201311": "11.31",
        "201312": "11.05",
        "201401": "11.56",
        "201402": "12.95",
        "201403": "13.37",
        "201404": "13.05",
        "201405": "12.30",
        "201406": "12.12",
        "201407": "11.51",
        "201408": "12.23",
        "201409": "12.32",
        "201410": "11.76",
        "201411": "11.83",
        "201412": "12.32",
        "201501": "12.33",
        "201502": "12.08",
        "201503": "11.86",
        "201504": "11.46",
        "201505": "11.78",
        "201506": "11.47",
        "201507": "10.56",
        "201508": "9.82",
        "201509": "9.89",
        "201510": "10.05",
        "201511": "10.07",
        "201512": "9.82",
        "201601": "9.79",
        "201602": "9.89",
        "201603": "10.72",
        "201604": "10.50",
        "201605": "10.84",
        "201606": "11.35",
        "201607": "11.14",
        "201608": "11.12",
        "201609": "11.06",
        "201610": "10.82",
        "201611": "10.58",
        "201612": "10.90",
        "201701": "12.01",
        "201702": "21.00",
        "201703": "25.14",
        "201704": "24.67",
        "201705": "25.71",
        "201706": "25.27",
        "201707": "25.89",
        "201708": "25.50",
        "201709": "26.50",
        "201710": "27.17",
        "201711": "25.76",
        "201712": "24.04",
        "201801": "24.01",
        "201802": "20.73",
        "201803": "21.10",
        "201804": "22.38",
        "201805": "21.76",
        "201806": "22.18",
        "201807": "19.02",
        "201808": "19.05",
        "201809": "18.43",
        "201810": "17.70",
        "201811": "15.43",
        "201812": "12.33",
        "201901": "12.21",
        "201902": "12.91",
        "201903": "14.64",
        "201904": "16.33",
        "201905": "15.25",
        "201906": "15.10",
        "201907": "15.52",
        "201908": "12.14",
        "201909": "12.62",
        "201910": "13.21",
        "201911": "13.33",
        "201912": "13.95",
        "202001": "13.54",
        "202002": "12.52",
        "202003": "9.80",
        "202004": "9.70",
        "202005": "11.17",
        "202006": "11.46",
        "202007": "12.97",
        "202008": "12.10",
        "202009": "11.62",
        "202010": "11.54",
        "202011": "11.57",
        "202012": "12.30",
        "202101": "11.87",
        "202102": "12.16",
        "202103": "11.92",
        "202104": "12.18",
        "202105": "11.78",
        "202106": "11.64",
        "202107": "12.72",
        "202108": "12.17",
        "202109": "13.48",
        "202110": "14.47",
        "202111": "18.92",
        "202112": "20.49",
        "202201": "22.41",
        "202202": "22.39",
        "202203": "20.11",
        "202204": "18.81",
        "202205": "19.12",
        "202206": "17.44",
        "202207": "15.39",
        "202208": "15.16",
        "202209": "14.45",
        "202210": "12.47",
        "202211": "12.46",
        "202212": "12.50",
        "202301": "11.88",
        "202302": "12.17",
        "202303": "12.88",
        "202304": "13.50",
        "202305": "13.24",
        "202306": "12.55"
    },
    "quarters": {
        "20011": {
            "year_quarter": 20011,
            "year": 2001,
            "quarter": 1,
            "eps": -0.88,
            "eps_growth_year": -187.13,
            "eps_4q": -5.25,
            "eps_4q_growth_year": -1047.7,
            "roe": -12.53,
            "roe_4q": -12.53,
            "gross_profit": 3176,
            "gross_margin": 1.75,
            "gross_margin_4q_avg": 1.75,
            "net_income": -123136,
            "revenue": 181394,
            "common_shares": 1403322,
            "book_valuer_per_share": 6.56,
            "book_valuer_per_share_4q_avg": 6.56,
            "equity": 920444,
            "current_ratio": 49.98,
            "debt_ratio": 47.76,
            "inventory_turnover_ratio": 0.95,
            "account_receivable_turnover_ratio": null,
            "reinvestment_rate": null,
            "research_to_sale_ratio": null,
            "price_fair": 0,
            "eps_avg_yearly": 0,
            "eps_latest_yearly": 0,
            "eps_growth_yearly": 0
        },
        "20012": {
            "year_quarter": 20012,
            "year": 2001,
            "quarter": 2,
            "eps": -0.16,
            "eps_growth_year": -233.33,
            "eps_4q": -5.52,
            "eps_4q_growth_year": -3379.69,
            "roe": -2.49,
            "roe_4q": -15.02,
            "gross_profit": 34129,
            "gross_margin": 13.69,
            "gross_margin_4q_avg": 7.72,
            "net_income": -22857,
            "revenue": 249305,
            "common_shares": 1403322,
            "book_valuer_per_share": 6.5,
            "book_valuer_per_share_4q_avg": 6.53,
            "equity": 912723,
            "current_ratio": 57.03,
            "debt_ratio": 47.46,
            "inventory_turnover_ratio": 1.36,
            "account_receivable_turnover_ratio": null,
            "reinvestment_rate": null,
            "research_to_sale_ratio": null,
            "price_fair": 0,
            "eps_avg_yearly": 0,
            "eps_latest_yearly": 0,
            "eps_growth_yearly": 0
        },
        "20013": {
            "year_quarter": 20013,
            "year": 2001,
            "quarter": 3,
            "eps": -0.56,
            "eps_growth_year": null,
            "eps_4q": -3.83,
            "eps_4q_growth_year": null,
            "roe": -8.99,
            "roe_4q": -24.009999999999998,
            "gross_profit": 2658,
            "gross_margin": 1.58,
            "gross_margin_4q_avg": 5.67,
            "net_income": -78509,
            "revenue": 168651,
            "common_shares": 1403322,
            "book_valuer_per_share": 5.94,
            "book_valuer_per_share_4q_avg": 6.33,
            "equity": 833307,
            "current_ratio": 51.96,
            "debt_ratio": 47.71,
            "inventory_turnover_ratio": 1.06,
            "account_receivable_turnover_ratio": null,
            "reinvestment_rate": null,
            "research_to_sale_ratio": null,
            "price_fair": 0,
            "eps_avg_yearly": 0,
            "eps_latest_yearly": 0,
            "eps_growth_yearly": 0
        },
        "20014": {
            "year_quarter": 20014,
            "year": 2001,
            "quarter": 4,
            "eps": -0.08,
            "eps_growth_year": null,
            "eps_4q": -1.68,
            "eps_4q_growth_year": null,
            "roe": -1.38,
            "roe_4q": -25.39,
            "gross_profit": -4849,
            "gross_margin": -2.99,
            "gross_margin_4q_avg": 3.51,
            "net_income": -11460,
            "revenue": 162164,
            "common_shares": 1403322,
            "book_valuer_per_share": 5.89,
            "book_valuer_per_share_4q_avg": 6.22,
            "equity": 826295,
            "current_ratio": 58.24,
            "debt_ratio": 47.3,
            "inventory_turnover_ratio": 1,
            "account_receivable_turnover_ratio": null,
            "reinvestment_rate": null,
            "research_to_sale_ratio": null,
            "price_fair": 0,
            "eps_avg_yearly": 0,
            "eps_latest_yearly": 0,
            "eps_growth_yearly": 0
        },
        "20021": {
            "year_quarter": 20021,
            "year": 2002,
            "quarter": 1,
            "eps": -0.01,
            "eps_growth_year": null,
            "eps_4q": -0.75,
            "eps_4q_growth_year": null,
            "roe": -0.19,
            "roe_4q": -13.05,
            "gross_profit": -3205,
            "gross_margin": -1.91,
            "gross_margin_4q_avg": 2.59,
            "net_income": -1521,
            "revenue": 167583,
            "common_shares": 1403322,
            "book_valuer_per_share": 5.73,
            "book_valuer_per_share_4q_avg": 6.02,
            "equity": 803405,
            "current_ratio": 51.2,
            "debt_ratio": 45.84,
            "inventory_turnover_ratio": 1.08,
            "account_receivable_turnover_ratio": null,
            "reinvestment_rate": null,
            "research_to_sale_ratio": null,
            "price_fair": 0,
            "eps_avg_yearly": 0,
            "eps_latest_yearly": 0,
            "eps_growth_yearly": 0
        },
        "20022": {
            "year_quarter": 20022,
            "year": 2002,
            "quarter": 2,
            "eps": 0.25,
            "eps_growth_year": null,
            "eps_4q": -0.42,
            "eps_4q_growth_year": null,
            "roe": 4.2,
            "roe_4q": -6.36,
            "gross_profit": 47929,
            "gross_margin": 15.12,
            "gross_margin_4q_avg": 2.95,
            "net_income": 34239,
            "revenue": 317012,
            "common_shares": 1403322,
            "book_valuer_per_share": 5.89,
            "book_valuer_per_share_4q_avg": 5.86,
            "equity": 827145,
            "current_ratio": 60.07,
            "debt_ratio": 45.69,
            "inventory_turnover_ratio": 2.09,
            "account_receivable_turnover_ratio": null,
            "reinvestment_rate": null,
            "research_to_sale_ratio": null,
            "price_fair": 0,
            "eps_avg_yearly": 0,
            "eps_latest_yearly": 0,
            "eps_growth_yearly": 0
        },
        "20023": {
            "year_quarter": 20023,
            "year": 2002,
            "quarter": 3,
            "eps": 0.04,
            "eps_growth_year": null,
            "eps_4q": 0.18,
            "eps_4q_growth_year": null,
            "roe": 0.71,
            "roe_4q": 3.34,
            "gross_profit": 6792,
            "gross_margin": 3.42,
            "gross_margin_4q_avg": 3.41,
            "net_income": 5905,
            "revenue": 198560,
            "common_shares": 1403322,
            "book_valuer_per_share": 6.01,
            "book_valuer_per_share_4q_avg": 5.88,
            "equity": 843562,
            "current_ratio": 54.47,
            "debt_ratio": 42,
            "inventory_turnover_ratio": 1.68,
            "account_receivable_turnover_ratio": null,
            "reinvestment_rate": null,
            "research_to_sale_ratio": null,
            "price_fair": 0.48,
            "eps_avg_yearly": 0.16,
            "eps_latest_yearly": 0.16,
            "eps_growth_yearly": -336
        },
        "20024": {
            "year_quarter": 20024,
            "year": 2002,
            "quarter": 4,
            "eps": -0.26,
            "eps_growth_year": null,
            "eps_4q": 0.02,
            "eps_4q_growth_year": null,
            "roe": -4.31,
            "roe_4q": 0.41000000000000053,
            "gross_profit": 1320,
            "gross_margin": 0.89,
            "gross_margin_4q_avg": 4.38,
            "net_income": -35965,
            "revenue": 148248,
            "common_shares": 1403322,
            "book_valuer_per_share": 5.89,
            "book_valuer_per_share_4q_avg": 5.88,
            "equity": 826465,
            "current_ratio": 49.05,
            "debt_ratio": 40.38,
            "inventory_turnover_ratio": 1.39,
            "account_receivable_turnover_ratio": null,
            "reinvestment_rate": null,
            "research_to_sale_ratio": null,
            "price_fair": 0.48,
            "eps_avg_yearly": 0.16,
            "eps_latest_yearly": 0.16,
            "eps_growth_yearly": -336
        },
        "20031": {
            "year_quarter": 20031,
            "year": 2003,
            "quarter": 1,
            "eps": 0.04,
            "eps_growth_year": null,
            "eps_4q": 0.07,
            "eps_4q_growth_year": null,
            "roe": 0.63,
            "roe_4q": 1.2300000000000004,
            "gross_profit": 4309,
            "gross_margin": 2.86,
            "gross_margin_4q_avg": 5.57,
            "net_income": 5212,
            "revenue": 150463,
            "common_shares": 1403322,
            "book_valuer_per_share": 5.92,
            "book_valuer_per_share_4q_avg": 5.93,
            "equity": 831008,
            "current_ratio": 55.7,
            "debt_ratio": 41.48,
            "inventory_turnover_ratio": 1.37,
            "account_receivable_turnover_ratio": null,
            "reinvestment_rate": null,
            "research_to_sale_ratio": null,
            "price_fair": 0.48,
            "eps_avg_yearly": 0.16,
            "eps_latest_yearly": 0.16,
            "eps_growth_yearly": -336
        },
        "20032": {
            "year_quarter": 20032,
            "year": 2003,
            "quarter": 2,
            "eps": 0.21,
            "eps_growth_year": -16,
            "eps_4q": 0.03,
            "eps_4q_growth_year": null,
            "roe": 3.44,
            "roe_4q": 0.47000000000000064,
            "gross_profit": 22552,
            "gross_margin": 11.69,
            "gross_margin_4q_avg": 4.72,
            "net_income": 29057,
            "revenue": 192910,
            "common_shares": 1403322,
            "book_valuer_per_share": 6.12,
            "book_valuer_per_share_4q_avg": 5.99,
            "equity": 858595,
            "current_ratio": 61.48,
            "debt_ratio": 42.42,
            "inventory_turnover_ratio": 1.63,
            "account_receivable_turnover_ratio": null,
            "reinvestment_rate": null,
            "research_to_sale_ratio": null,
            "price_fair": 17.5,
            "eps_avg_yearly": 0.5,
            "eps_latest_yearly": 0.84,
            "eps_growth_yearly": 682
        },
        "20033": {
            "year_quarter": 20033,
            "year": 2003,
            "quarter": 3,
            "eps": 0.07,
            "eps_growth_year": 75,
            "eps_4q": 0.06,
            "eps_4q_growth_year": -68.09,
            "roe": 1.22,
            "roe_4q": 0.9800000000000004,
            "gross_profit": 12277,
            "gross_margin": 8.23,
            "gross_margin_4q_avg": 5.92,
            "net_income": 10515,
            "revenue": 149178,
            "common_shares": 1403322,
            "book_valuer_per_share": 6.13,
            "book_valuer_per_share_4q_avg": 6.02,
            "equity": 860266,
            "current_ratio": 66.53,
            "debt_ratio": 36.57,
            "inventory_turnover_ratio": 1.41,
            "account_receivable_turnover_ratio": null,
            "reinvestment_rate": null,
            "research_to_sale_ratio": null,
            "price_fair": 14.93,
            "eps_avg_yearly": 0.43,
            "eps_latest_yearly": 0.28,
            "eps_growth_yearly": 365.78
        },
        "20034": {
            "year_quarter": 20034,
            "year": 2003,
            "quarter": 4,
            "eps": -0.3,
            "eps_growth_year": null,
            "eps_4q": 0.02,
            "eps_4q_growth_year": -14.6,
            "roe": -5.03,
            "roe_4q": 0.25999999999999945,
            "gross_profit": 5075,
            "gross_margin": 3.69,
            "gross_margin_4q_avg": 6.62,
            "net_income": -42387,
            "revenue": 137438,
            "common_shares": 1403322,
            "book_valuer_per_share": 5.87,
            "book_valuer_per_share_4q_avg": 6.01,
            "equity": 823697,
            "current_ratio": 78.79,
            "debt_ratio": 49.75,
            "inventory_turnover_ratio": 1.08,
            "account_receivable_turnover_ratio": null,
            "reinvestment_rate": null,
            "research_to_sale_ratio": null,
            "price_fair": 14.93,
            "eps_avg_yearly": 0.43,
            "eps_latest_yearly": 0.28,
            "eps_growth_yearly": 365.78
        },
        "20041": {
            "year_quarter": 20041,
            "year": 2004,
            "quarter": 1,
            "eps": -0.03,
            "eps_growth_year": -175,
            "eps_4q": -0.05,
            "eps_4q_growth_year": -170.76,
            "roe": -0.49,
            "roe_4q": -0.8600000000000008,
            "gross_profit": 7273,
            "gross_margin": 5.99,
            "gross_margin_4q_avg": 7.4,
            "net_income": -4022,
            "revenue": 121341,
            "common_shares": 1403322,
            "book_valuer_per_share": 5.78,
            "book_valuer_per_share_4q_avg": 5.98,
            "equity": 810882,
            "current_ratio": 57.6,
            "debt_ratio": 37.67,
            "inventory_turnover_ratio": 0.91,
            "account_receivable_turnover_ratio": null,
            "reinvestment_rate": null,
            "research_to_sale_ratio": null,
            "price_fair": 14.93,
            "eps_avg_yearly": 0.43,
            "eps_latest_yearly": 0.28,
            "eps_growth_yearly": 365.78
        },
        "20042": {
            "year_quarter": 20042,
            "year": 2004,
            "quarter": 2,
            "eps": 0.07,
            "eps_growth_year": -66.67,
            "eps_4q": -0.18,
            "eps_4q_growth_year": -702.78,
            "roe": 1.21,
            "roe_4q": -3.0900000000000007,
            "gross_profit": 25761,
            "gross_margin": 13.67,
            "gross_margin_4q_avg": 7.9,
            "net_income": 9917,
            "revenue": 188401,
            "common_shares": 1403322,
            "book_valuer_per_share": 5.91,
            "book_valuer_per_share_4q_avg": 5.92,
            "equity": 829053,
            "current_ratio": 72.52,
            "debt_ratio": 37.09,
            "inventory_turnover_ratio": 1.75,
            "account_receivable_turnover_ratio": null,
            "reinvestment_rate": null,
            "research_to_sale_ratio": null,
            "price_fair": 14.93,
            "eps_avg_yearly": 0.43,
            "eps_latest_yearly": 0.28,
            "eps_growth_yearly": 365.78
        },
        "20043": {
            "year_quarter": 20043,
            "year": 2004,
            "quarter": 3,
            "eps": -0.13,
            "eps_growth_year": -285.71,
            "eps_4q": -0.39,
            "eps_4q_growth_year": -766.43,
            "roe": -2.24,
            "roe_4q": -6.550000000000001,
            "gross_profit": -629,
            "gross_margin": -0.49,
            "gross_margin_4q_avg": 5.72,
            "net_income": -18414,
            "revenue": 128050,
            "common_shares": 1403322,
            "book_valuer_per_share": 5.79,
            "book_valuer_per_share_4q_avg": 5.84,
            "equity": 812670,
            "current_ratio": 59.06,
            "debt_ratio": 32.49,
            "inventory_turnover_ratio": 1.68,
            "account_receivable_turnover_ratio": null,
            "reinvestment_rate": null,
            "research_to_sale_ratio": null,
            "price_fair": 14.93,
            "eps_avg_yearly": 0.43,
            "eps_latest_yearly": 0.28,
            "eps_growth_yearly": 365.78
        },
        "20044": {
            "year_quarter": 20044,
            "year": 2004,
            "quarter": 4,
            "eps": 0.03,
            "eps_growth_year": null,
            "eps_4q": -0.05,
            "eps_4q_growth_year": -375.39,
            "roe": 0.57,
            "roe_4q": -0.9500000000000004,
            "gross_profit": 11489,
            "gross_margin": 8.36,
            "gross_margin_4q_avg": 6.88,
            "net_income": 4875,
            "revenue": 137385,
            "common_shares": 1403322,
            "book_valuer_per_share": 5.69,
            "book_valuer_per_share_4q_avg": 5.79,
            "equity": 899989,
            "current_ratio": 86.7,
            "debt_ratio": 35.69,
            "inventory_turnover_ratio": 1.26,
            "account_receivable_turnover_ratio": null,
            "reinvestment_rate": null,
            "research_to_sale_ratio": null,
            "price_fair": 14.93,
            "eps_avg_yearly": 0.43,
            "eps_latest_yearly": 0.28,
            "eps_growth_yearly": 365.78
        },
        "20051": {
            "year_quarter": 20051,
            "year": 2005,
            "quarter": 1,
            "eps": -0.35,
            "eps_growth_year": null,
            "eps_4q": -0.38,
            "eps_4q_growth_year": null,
            "roe": -5.99,
            "roe_4q": -6.45,
            "gross_profit": 4420,
            "gross_margin": 4.45,
            "gross_margin_4q_avg": 6.5,
            "net_income": -49269,
            "revenue": 99379,
            "common_shares": 1403322,
            "book_valuer_per_share": 5.3,
            "book_valuer_per_share_4q_avg": 5.67,
            "equity": 744166,
            "current_ratio": 72.58,
            "debt_ratio": 35.05,
            "inventory_turnover_ratio": 0.88,
            "account_receivable_turnover_ratio": null,
            "reinvestment_rate": null,
            "research_to_sale_ratio": null,
            "price_fair": 14.93,
            "eps_avg_yearly": 0.43,
            "eps_latest_yearly": 0.28,
            "eps_growth_yearly": 365.78
        },
        "20052": {
            "year_quarter": 20052,
            "year": 2005,
            "quarter": 2,
            "eps": 0.02,
            "eps_growth_year": -71.43,
            "eps_4q": -0.55,
            "eps_4q_growth_year": null,
            "roe": 0.3,
            "roe_4q": -7.36,
            "gross_profit": 6241,
            "gross_margin": 5.56,
            "gross_margin_4q_avg": 4.47,
            "net_income": 2222,
            "revenue": 112234,
            "common_shares": 1403322,
            "book_valuer_per_share": 5.3,
            "book_valuer_per_share_4q_avg": 5.52,
            "equity": 743104,
            "current_ratio": 77.35,
            "debt_ratio": 33.62,
            "inventory_turnover_ratio": 1.46,
            "account_receivable_turnover_ratio": null,
            "reinvestment_rate": null,
            "research_to_sale_ratio": null,
            "price_fair": 14.93,
            "eps_avg_yearly": 0.43,
            "eps_latest_yearly": 0.28,
            "eps_growth_yearly": 365.78
        },
        "20053": {
            "year_quarter": 20053,
            "year": 2005,
            "quarter": 3,
            "eps": -0.24,
            "eps_growth_year": null,
            "eps_4q": -0.84,
            "eps_4q_growth_year": null,
            "roe": -2.27,
            "roe_4q": -7.39,
            "gross_profit": -4991,
            "gross_margin": -6.77,
            "gross_margin_4q_avg": 2.9,
            "net_income": -16931,
            "revenue": 73695,
            "common_shares": 701661,
            "book_valuer_per_share": 10.69,
            "book_valuer_per_share_4q_avg": 6.75,
            "equity": 749832,
            "current_ratio": 65.91,
            "debt_ratio": 31.26,
            "inventory_turnover_ratio": 1.35,
            "account_receivable_turnover_ratio": null,
            "reinvestment_rate": null,
            "research_to_sale_ratio": null,
            "price_fair": 14.93,
            "eps_avg_yearly": 0.43,
            "eps_latest_yearly": 0.28,
            "eps_growth_yearly": 365.78
        },
        "20054": {
            "year_quarter": 20054,
            "year": 2005,
            "quarter": 4,
            "eps": 0.23,
            "eps_growth_year": 666.67,
            "eps_4q": -0.69,
            "eps_4q_growth_year": null,
            "roe": 1.93,
            "roe_4q": -6.03,
            "gross_profit": 7267,
            "gross_margin": 8.66,
            "gross_margin_4q_avg": 2.98,
            "net_income": 15964,
            "revenue": 83945,
            "common_shares": 701661,
            "book_valuer_per_share": 10.89,
            "book_valuer_per_share_4q_avg": 8.05,
            "equity": 904603,
            "current_ratio": 118.84,
            "debt_ratio": 30.21,
            "inventory_turnover_ratio": 0.71,
            "account_receivable_turnover_ratio": null,
            "reinvestment_rate": null,
            "research_to_sale_ratio": null,
            "price_fair": 14.93,
            "eps_avg_yearly": 0.43,
            "eps_latest_yearly": 0.28,
            "eps_growth_yearly": 365.78
        },
        "20061": {
            "year_quarter": 20061,
            "year": 2006,
            "quarter": 1,
            "eps": 0.17,
            "eps_growth_year": null,
            "eps_4q": 0.19,
            "eps_4q_growth_year": null,
            "roe": 1.4,
            "roe_4q": 1.36,
            "gross_profit": 2704,
            "gross_margin": 3.84,
            "gross_margin_4q_avg": 2.82,
            "net_income": 11778,
            "revenue": 70473,
            "common_shares": 701661,
            "book_valuer_per_share": 11.02,
            "book_valuer_per_share_4q_avg": 9.48,
            "equity": 773105,
            "current_ratio": 71.63,
            "debt_ratio": 26.82,
            "inventory_turnover_ratio": 0.64,
            "account_receivable_turnover_ratio": null,
            "reinvestment_rate": null,
            "research_to_sale_ratio": null,
            "price_fair": 17.15,
            "eps_avg_yearly": 0.49,
            "eps_latest_yearly": 0.68,
            "eps_growth_yearly": 248.25
        },
        "20062": {
            "year_quarter": 20062,
            "year": 2006,
            "quarter": 2,
            "eps": 0.41,
            "eps_growth_year": 1950,
            "eps_4q": 0.57,
            "eps_4q_growth_year": null,
            "roe": 3.62,
            "roe_4q": 4.68,
            "gross_profit": 9950,
            "gross_margin": 10.07,
            "gross_margin_4q_avg": 3.95,
            "net_income": 28510,
            "revenue": 98825,
            "common_shares": 701661,
            "book_valuer_per_share": 11.42,
            "book_valuer_per_share_4q_avg": 11.01,
            "equity": 801260,
            "current_ratio": 75.44,
            "debt_ratio": 26.99,
            "inventory_turnover_ratio": 1.77,
            "account_receivable_turnover_ratio": null,
            "reinvestment_rate": null,
            "research_to_sale_ratio": null,
            "price_fair": 25.2,
            "eps_avg_yearly": 0.72,
            "eps_latest_yearly": 1.64,
            "eps_growth_yearly": 311.54
        },
        "20063": {
            "year_quarter": 20063,
            "year": 2006,
            "quarter": 3,
            "eps": 0.01,
            "eps_growth_year": null,
            "eps_4q": 0.81,
            "eps_4q_growth_year": null,
            "roe": 0.05,
            "roe_4q": 7,
            "gross_profit": 3170,
            "gross_margin": 4.34,
            "gross_margin_4q_avg": 6.73,
            "net_income": 426,
            "revenue": 73080,
            "common_shares": 701661,
            "book_valuer_per_share": 11.52,
            "book_valuer_per_share_4q_avg": 11.21,
            "equity": 808563,
            "current_ratio": 75.3,
            "debt_ratio": 21.83,
            "inventory_turnover_ratio": 1.43,
            "account_receivable_turnover_ratio": null,
            "reinvestment_rate": null,
            "research_to_sale_ratio": null,
            "price_fair": 24.36,
            "eps_avg_yearly": 0.7,
            "eps_latest_yearly": 0.04,
            "eps_growth_yearly": 300.69
        },
        "20064": {
            "year_quarter": 20064,
            "year": 2006,
            "quarter": 4,
            "eps": 0.03,
            "eps_growth_year": -86.96,
            "eps_4q": 0.62,
            "eps_4q_growth_year": null,
            "roe": 0.23,
            "roe_4q": 5.300000000000001,
            "gross_profit": 625,
            "gross_margin": 0.76,
            "gross_margin_4q_avg": 4.75,
            "net_income": 2079,
            "revenue": 82439,
            "common_shares": 701661,
            "book_valuer_per_share": 11.54,
            "book_valuer_per_share_4q_avg": 11.38,
            "equity": 974597,
            "current_ratio": 173.7,
            "debt_ratio": 21.44,
            "inventory_turnover_ratio": 0.82,
            "account_receivable_turnover_ratio": null,
            "reinvestment_rate": null,
            "research_to_sale_ratio": null,
            "price_fair": 21,
            "eps_avg_yearly": 0.6,
            "eps_latest_yearly": 0.12,
            "eps_growth_yearly": 383.91
        },
        "20071": {
            "year_quarter": 20071,
            "year": 2007,
            "quarter": 1,
            "eps": -0.18,
            "eps_growth_year": -205.88,
            "eps_4q": 0.26,
            "eps_4q_growth_year": 36.26,
            "roe": -1.44,
            "roe_4q": 2.46,
            "gross_profit": -314,
            "gross_margin": -0.5,
            "gross_margin_4q_avg": 3.67,
            "net_income": -12795,
            "revenue": 62459,
            "common_shares": 701661,
            "book_valuer_per_share": 11.43,
            "book_valuer_per_share_4q_avg": 11.48,
            "equity": 801990,
            "current_ratio": 83.27,
            "debt_ratio": 21.44,
            "inventory_turnover_ratio": 0.62,
            "account_receivable_turnover_ratio": null,
            "reinvestment_rate": null,
            "research_to_sale_ratio": null,
            "price_fair": 21,
            "eps_avg_yearly": 0.6,
            "eps_latest_yearly": 0.12,
            "eps_growth_yearly": 383.91
        },
        "20072": {
            "year_quarter": 20072,
            "year": 2007,
            "quarter": 2,
            "eps": 0.19,
            "eps_growth_year": -53.66,
            "eps_4q": 0.04,
            "eps_4q_growth_year": -92.93,
            "roe": 1.61,
            "roe_4q": 0.4500000000000001,
            "gross_profit": 13645,
            "gross_margin": 11.38,
            "gross_margin_4q_avg": 4,
            "net_income": 13032,
            "revenue": 119910,
            "common_shares": 701661,
            "book_valuer_per_share": 11.63,
            "book_valuer_per_share_4q_avg": 11.53,
            "equity": 816117,
            "current_ratio": 88.05,
            "debt_ratio": 23.77,
            "inventory_turnover_ratio": 1.97,
            "account_receivable_turnover_ratio": null,
            "reinvestment_rate": null,
            "research_to_sale_ratio": null,
            "price_fair": 19.32,
            "eps_avg_yearly": 0.55,
            "eps_latest_yearly": 0.12,
            "eps_growth_yearly": 120.69
        },
        "20073": {
            "year_quarter": 20073,
            "year": 2007,
            "quarter": 3,
            "eps": -0.03,
            "eps_growth_year": -400,
            "eps_4q": 0,
            "eps_4q_growth_year": -99.55,
            "roe": -0.25,
            "roe_4q": 0.15000000000000016,
            "gross_profit": 6878,
            "gross_margin": 8.57,
            "gross_margin_4q_avg": 5.05,
            "net_income": -2060,
            "revenue": 80242,
            "common_shares": 701661,
            "book_valuer_per_share": 11.6,
            "book_valuer_per_share_4q_avg": 11.55,
            "equity": 814179,
            "current_ratio": 280.46,
            "debt_ratio": 14.79,
            "inventory_turnover_ratio": 1.31,
            "account_receivable_turnover_ratio": null,
            "reinvestment_rate": null,
            "research_to_sale_ratio": null,
            "price_fair": 21.7,
            "eps_avg_yearly": 0.62,
            "eps_latest_yearly": 0.12,
            "eps_growth_yearly": 217.53
        },
        "20074": {
            "year_quarter": 20074,
            "year": 2007,
            "quarter": 4,
            "eps": 0.15,
            "eps_growth_year": 400,
            "eps_4q": 0.12,
            "eps_4q_growth_year": -79.86,
            "roe": 1.18,
            "roe_4q": 1.1,
            "gross_profit": 11305,
            "gross_margin": 11.68,
            "gross_margin_4q_avg": 7.78,
            "net_income": 10674,
            "revenue": 96758,
            "common_shares": 701661,
            "book_valuer_per_share": 11.79,
            "book_valuer_per_share_4q_avg": 11.61,
            "equity": 991492,
            "current_ratio": 456.77,
            "debt_ratio": 13.15,
            "inventory_turnover_ratio": 0.78,
            "account_receivable_turnover_ratio": null,
            "reinvestment_rate": null,
            "research_to_sale_ratio": null,
            "price_fair": 21.7,
            "eps_avg_yearly": 0.62,
            "eps_latest_yearly": 0.12,
            "eps_growth_yearly": 217.53
        },
        "20081": {
            "year_quarter": 20081,
            "year": 2008,
            "quarter": 1,
            "eps": -0.02,
            "eps_growth_year": null,
            "eps_4q": 0.17,
            "eps_4q_growth_year": -33.43,
            "roe": -0.24,
            "roe_4q": 2.3,
            "gross_profit": 23476,
            "gross_margin": 11.33,
            "gross_margin_4q_avg": 10.74,
            "net_income": -2340,
            "revenue": 207288,
            "common_shares": 701661,
            "book_valuer_per_share": 11.43,
            "book_valuer_per_share_4q_avg": 11.61,
            "equity": 952958,
            "current_ratio": 381.82,
            "debt_ratio": 14.73,
            "inventory_turnover_ratio": 1.07,
            "account_receivable_turnover_ratio": null,
            "reinvestment_rate": null,
            "research_to_sale_ratio": null,
            "price_fair": 21.7,
            "eps_avg_yearly": 0.62,
            "eps_latest_yearly": 0.12,
            "eps_growth_yearly": 217.53
        },
        "20082": {
            "year_quarter": 20082,
            "year": 2008,
            "quarter": 2,
            "eps": 0.34,
            "eps_growth_year": 78.95,
            "eps_4q": 0.32,
            "eps_4q_growth_year": 690.11,
            "roe": 3.27,
            "roe_4q": 3.96,
            "gross_profit": 60165,
            "gross_margin": 20.74,
            "gross_margin_4q_avg": 13.08,
            "net_income": 31708,
            "revenue": 290150,
            "common_shares": 651661,
            "book_valuer_per_share": 12.66,
            "book_valuer_per_share_4q_avg": 11.87,
            "equity": 987064,
            "current_ratio": 506.71,
            "debt_ratio": 12.3,
            "inventory_turnover_ratio": 1.29,
            "account_receivable_turnover_ratio": null,
            "reinvestment_rate": -722.26,
            "research_to_sale_ratio": null,
            "price_fair": 21.7,
            "eps_avg_yearly": 0.62,
            "eps_latest_yearly": 0.12,
            "eps_growth_yearly": 217.53
        },
        "20083": {
            "year_quarter": 20083,
            "year": 2008,
            "quarter": 3,
            "eps": -0.8,
            "eps_growth_year": null,
            "eps_4q": -0.32,
            "eps_4q_growth_year": -8793.61,
            "roe": -5.53,
            "roe_4q": -1.32,
            "gross_profit": 14914,
            "gross_margin": 7.38,
            "gross_margin_4q_avg": 12.78,
            "net_income": -53466,
            "revenue": 202166,
            "common_shares": 651661,
            "book_valuer_per_share": 12.08,
            "book_valuer_per_share_4q_avg": 11.99,
            "equity": 946084,
            "current_ratio": 480.03,
            "debt_ratio": 14.85,
            "inventory_turnover_ratio": 1.13,
            "account_receivable_turnover_ratio": null,
            "reinvestment_rate": null,
            "research_to_sale_ratio": null,
            "price_fair": 21.7,
            "eps_avg_yearly": 0.62,
            "eps_latest_yearly": 0.12,
            "eps_growth_yearly": 217.53
        },
        "20084": {
            "year_quarter": 20084,
            "year": 2008,
            "quarter": 4,
            "eps": 0.13,
            "eps_growth_year": -13.33,
            "eps_4q": -0.35,
            "eps_4q_growth_year": -384.52,
            "roe": 0.89,
            "roe_4q": -1.6100000000000005,
            "gross_profit": 18477,
            "gross_margin": 8.57,
            "gross_margin_4q_avg": 12.01,
            "net_income": 8478,
            "revenue": 215531,
            "common_shares": 651661,
            "book_valuer_per_share": 12.25,
            "book_valuer_per_share_4q_avg": 12.11,
            "equity": 960007,
            "current_ratio": 596.87,
            "debt_ratio": 12.86,
            "inventory_turnover_ratio": 1.23,
            "account_receivable_turnover_ratio": null,
            "reinvestment_rate": null,
            "research_to_sale_ratio": null,
            "price_fair": 21.7,
            "eps_avg_yearly": 0.62,
            "eps_latest_yearly": 0.12,
            "eps_growth_yearly": 217.53
        },
        "20091": {
            "year_quarter": 20091,
            "year": 2009,
            "quarter": 1,
            "eps": 0.19,
            "eps_growth_year": null,
            "eps_4q": -0.25,
            "eps_4q_growth_year": -244.01,
            "roe": 0.72,
            "roe_4q": -0.6500000000000004,
            "gross_profit": 4308,
            "gross_margin": 3.05,
            "gross_margin_4q_avg": 9.94,
            "net_income": 7025,
            "revenue": 141448,
            "common_shares": 651661,
            "book_valuer_per_share": 12.82,
            "book_valuer_per_share_4q_avg": 12.45,
            "equity": 996479,
            "current_ratio": 521.55,
            "debt_ratio": 13.09,
            "inventory_turnover_ratio": 0.82,
            "account_receivable_turnover_ratio": null,
            "reinvestment_rate": -219.31,
            "research_to_sale_ratio": null,
            "price_fair": 22.68,
            "eps_avg_yearly": 0.65,
            "eps_latest_yearly": 0.76,
            "eps_growth_yearly": 210.95
        },
        "20092": {
            "year_quarter": 20092,
            "year": 2009,
            "quarter": 2,
            "eps": 0.18,
            "eps_growth_year": -47.06,
            "eps_4q": -0.24,
            "eps_4q_growth_year": -174.55,
            "roe": 1.55,
            "roe_4q": -2.37,
            "gross_profit": 32757,
            "gross_margin": 14.07,
            "gross_margin_4q_avg": 8.27,
            "net_income": 15353,
            "revenue": 232862,
            "common_shares": 651661,
            "book_valuer_per_share": 12.66,
            "book_valuer_per_share_4q_avg": 12.45,
            "equity": 979687,
            "current_ratio": 553.2,
            "debt_ratio": 12.83,
            "inventory_turnover_ratio": 1.2,
            "account_receivable_turnover_ratio": 3.42,
            "reinvestment_rate": -174.05,
            "research_to_sale_ratio": null,
            "price_fair": 23.1,
            "eps_avg_yearly": 0.66,
            "eps_latest_yearly": 0.72,
            "eps_growth_yearly": 172.28
        },
        "20093": {
            "year_quarter": 20093,
            "year": 2009,
            "quarter": 3,
            "eps": -0.29,
            "eps_growth_year": null,
            "eps_4q": 0.2,
            "eps_4q_growth_year": null,
            "roe": -2.49,
            "roe_4q": 0.6699999999999998,
            "gross_profit": -2846,
            "gross_margin": -1.79,
            "gross_margin_4q_avg": 5.98,
            "net_income": -24007,
            "revenue": 159119,
            "common_shares": 651661,
            "book_valuer_per_share": 12.28,
            "book_valuer_per_share_4q_avg": 12.5,
            "equity": 947166,
            "current_ratio": 569.62,
            "debt_ratio": 12.72,
            "inventory_turnover_ratio": 1.11,
            "account_receivable_turnover_ratio": 1.36,
            "reinvestment_rate": -188.47,
            "research_to_sale_ratio": null,
            "price_fair": 23.1,
            "eps_avg_yearly": 0.66,
            "eps_latest_yearly": 0.72,
            "eps_growth_yearly": 172.28
        },
        "20094": {
            "year_quarter": 20094,
            "year": 2009,
            "quarter": 4,
            "eps": 0,
            "eps_growth_year": -100,
            "eps_4q": 0.08,
            "eps_4q_growth_year": null,
            "roe": -0.34,
            "roe_4q": -0.56,
            "gross_profit": -30813,
            "gross_margin": -24.38,
            "gross_margin_4q_avg": -2.26,
            "net_income": -3215,
            "revenue": 126404,
            "common_shares": 651661,
            "book_valuer_per_share": 12.33,
            "book_valuer_per_share_4q_avg": 12.52,
            "equity": 946172,
            "current_ratio": 643.74,
            "debt_ratio": 11.82,
            "inventory_turnover_ratio": 1.16,
            "account_receivable_turnover_ratio": 1.31,
            "reinvestment_rate": -342.48,
            "research_to_sale_ratio": null,
            "price_fair": 23.1,
            "eps_avg_yearly": 0.66,
            "eps_latest_yearly": 0.72,
            "eps_growth_yearly": 172.28
        },
        "20101": {
            "year_quarter": 20101,
            "year": 2010,
            "quarter": 1,
            "eps": null,
            "eps_growth_year": null,
            "eps_4q": null,
            "eps_4q_growth_year": null,
            "roe": null,
            "roe_4q": -1.28,
            "gross_profit": 2524,
            "gross_margin": null,
            "gross_margin_4q_avg": -3.03,
            "net_income": -14333,
            "revenue": 160948,
            "common_shares": 651661,
            "book_valuer_per_share": 12.54,
            "book_valuer_per_share_4q_avg": 12.45,
            "equity": 954543,
            "current_ratio": 446.76,
            "debt_ratio": 14.78,
            "inventory_turnover_ratio": null,
            "account_receivable_turnover_ratio": null,
            "reinvestment_rate": null,
            "research_to_sale_ratio": null,
            "price_fair": 22.96,
            "eps_avg_yearly": 0.66,
            "eps_latest_yearly": 0.72,
            "eps_growth_yearly": 227.6
        },
        "20102": {
            "year_quarter": 20102,
            "year": 2010,
            "quarter": 2,
            "eps": -0.19,
            "eps_growth_year": -207.84,
            "eps_4q": -0.48,
            "eps_4q_growth_year": null,
            "roe": -1.35,
            "roe_4q": -4.180000000000001,
            "gross_profit": 12008,
            "gross_margin": 6.39,
            "gross_margin_4q_avg": -4.95,
            "net_income": -12649,
            "revenue": 187823,
            "common_shares": 651661,
            "book_valuer_per_share": 12.09,
            "book_valuer_per_share_4q_avg": 12.31,
            "equity": 924493,
            "current_ratio": 632.51,
            "debt_ratio": 8.5,
            "inventory_turnover_ratio": 1.2,
            "account_receivable_turnover_ratio": 3.92,
            "reinvestment_rate": null,
            "research_to_sale_ratio": null,
            "price_fair": 14.35,
            "eps_avg_yearly": 0.41,
            "eps_latest_yearly": 0.72,
            "eps_growth_yearly": 143.33
        },
        "20103": {
            "year_quarter": 20103,
            "year": 2010,
            "quarter": 3,
            "eps": -0.01,
            "eps_growth_year": null,
            "eps_4q": -0.19,
            "eps_4q_growth_year": -198.59,
            "roe": 0.26,
            "roe_4q": -1.4300000000000002,
            "gross_profit": 22510,
            "gross_margin": 21.87,
            "gross_margin_4q_avg": 0.97,
            "net_income": 2399,
            "revenue": 102918,
            "common_shares": 651661,
            "book_valuer_per_share": 11.92,
            "book_valuer_per_share_4q_avg": 12.22,
            "equity": 911983,
            "current_ratio": 231.6,
            "debt_ratio": 24.22,
            "inventory_turnover_ratio": 0.35,
            "account_receivable_turnover_ratio": 1.12,
            "reinvestment_rate": null,
            "research_to_sale_ratio": 3.06,
            "price_fair": 18.67,
            "eps_avg_yearly": 0.53,
            "eps_latest_yearly": 0.72,
            "eps_growth_yearly": 321.19
        },
        "20104": {
            "year_quarter": 20104,
            "year": 2010,
            "quarter": 4,
            "eps": -0.04,
            "eps_growth_year": null,
            "eps_4q": -0.24,
            "eps_4q_growth_year": -391.63,
            "roe": 0.14,
            "roe_4q": -0.9500000000000001,
            "gross_profit": 27843,
            "gross_margin": 20.01,
            "gross_margin_4q_avg": 12.07,
            "net_income": 1261,
            "revenue": 139142,
            "common_shares": 651661,
            "book_valuer_per_share": 11.57,
            "book_valuer_per_share_4q_avg": 12.03,
            "equity": 894717,
            "current_ratio": 202.55,
            "debt_ratio": 29.3,
            "inventory_turnover_ratio": 0.33,
            "account_receivable_turnover_ratio": 1.25,
            "reinvestment_rate": null,
            "research_to_sale_ratio": 2.11,
            "price_fair": 25.9,
            "eps_avg_yearly": 0.74,
            "eps_latest_yearly": 0.72,
            "eps_growth_yearly": 81.78
        },
        "20111": {
            "year_quarter": 20111,
            "year": 2011,
            "quarter": 1,
            "eps": -0.2,
            "eps_growth_year": null,
            "eps_4q": -0.44,
            "eps_4q_growth_year": null,
            "roe": -1.48,
            "roe_4q": -2.4299999999999997,
            "gross_profit": 11613,
            "gross_margin": 13.4,
            "gross_margin_4q_avg": 15.42,
            "net_income": -13174,
            "revenue": 86676,
            "common_shares": 651661,
            "book_valuer_per_share": 11.29,
            "book_valuer_per_share_4q_avg": 11.72,
            "equity": 891289,
            "current_ratio": 252.48,
            "debt_ratio": 26.07,
            "inventory_turnover_ratio": 0.22,
            "account_receivable_turnover_ratio": 0.79,
            "reinvestment_rate": null,
            "research_to_sale_ratio": 4.64,
            "price_fair": 25.9,
            "eps_avg_yearly": 0.74,
            "eps_latest_yearly": 0.72,
            "eps_growth_yearly": 81.78
        },
        "20112": {
            "year_quarter": 20112,
            "year": 2011,
            "quarter": 2,
            "eps": 0.27,
            "eps_growth_year": null,
            "eps_4q": 0.03,
            "eps_4q_growth_year": null,
            "roe": 2.9,
            "roe_4q": 1.82,
            "gross_profit": 18076,
            "gross_margin": 12.08,
            "gross_margin_4q_avg": 16.84,
            "net_income": 31855,
            "revenue": 149642,
            "common_shares": 651661,
            "book_valuer_per_share": 10.92,
            "book_valuer_per_share_4q_avg": 11.43,
            "equity": 1307069,
            "current_ratio": 205.6,
            "debt_ratio": 33.1,
            "inventory_turnover_ratio": 0.28,
            "account_receivable_turnover_ratio": 0.6,
            "reinvestment_rate": null,
            "research_to_sale_ratio": 3.14,
            "price_fair": 25.9,
            "eps_avg_yearly": 0.74,
            "eps_latest_yearly": 0.72,
            "eps_growth_yearly": 81.78
        },
        "20113": {
            "year_quarter": 20113,
            "year": 2011,
            "quarter": 3,
            "eps": -0.29,
            "eps_growth_year": null,
            "eps_4q": -0.26,
            "eps_4q_growth_year": null,
            "roe": -1.03,
            "roe_4q": 0.5299999999999999,
            "gross_profit": 41800,
            "gross_margin": 11.1,
            "gross_margin_4q_avg": 14.15,
            "net_income": -13421,
            "revenue": 376414,
            "common_shares": 651661,
            "book_valuer_per_share": 10.99,
            "book_valuer_per_share_4q_avg": 11.19,
            "equity": 1296332,
            "current_ratio": 247.64,
            "debt_ratio": 40.71,
            "inventory_turnover_ratio": 0.57,
            "account_receivable_turnover_ratio": 0.95,
            "reinvestment_rate": null,
            "research_to_sale_ratio": 2.21,
            "price_fair": 25.9,
            "eps_avg_yearly": 0.74,
            "eps_latest_yearly": 0.72,
            "eps_growth_yearly": 81.78
        },
        "20114": {
            "year_quarter": 20114,
            "year": 2011,
            "quarter": 4,
            "eps": -0.8,
            "eps_growth_year": null,
            "eps_4q": -1.03,
            "eps_4q_growth_year": null,
            "roe": -4.12,
            "roe_4q": -3.7300000000000004,
            "gross_profit": 63855,
            "gross_margin": 16.13,
            "gross_margin_4q_avg": 13.18,
            "net_income": -53850,
            "revenue": 395759,
            "common_shares": 651781,
            "book_valuer_per_share": 11.33,
            "book_valuer_per_share_4q_avg": 11.13,
            "equity": 1319902,
            "current_ratio": 223.33,
            "debt_ratio": 41.03,
            "inventory_turnover_ratio": 0.56,
            "account_receivable_turnover_ratio": 1.09,
            "reinvestment_rate": null,
            "research_to_sale_ratio": 1.5,
            "price_fair": 25.9,
            "eps_avg_yearly": 0.74,
            "eps_latest_yearly": 0.72,
            "eps_growth_yearly": 81.78
        },
        "20121": {
            "year_quarter": 20121,
            "year": 2012,
            "quarter": 1,
            "eps": -0.43,
            "eps_growth_year": null,
            "eps_4q": -1.2,
            "eps_4q_growth_year": null,
            "roe": -2.29,
            "roe_4q": -4.540000000000001,
            "gross_profit": 76066,
            "gross_margin": 21.25,
            "gross_margin_4q_avg": 15.14,
            "net_income": -29496,
            "revenue": 357955,
            "common_shares": 651781,
            "book_valuer_per_share": 10.45,
            "book_valuer_per_share_4q_avg": 10.92,
            "equity": 1256707,
            "current_ratio": 221.9,
            "debt_ratio": 42.34,
            "inventory_turnover_ratio": 0.49,
            "account_receivable_turnover_ratio": 1.07,
            "reinvestment_rate": null,
            "research_to_sale_ratio": 1.54,
            "price_fair": 25.9,
            "eps_avg_yearly": 0.74,
            "eps_latest_yearly": 0.72,
            "eps_growth_yearly": 81.78
        },
        "20122": {
            "year_quarter": 20122,
            "year": 2012,
            "quarter": 2,
            "eps": -0.45,
            "eps_growth_year": -263.69,
            "eps_4q": -1.9,
            "eps_4q_growth_year": -6159.99,
            "roe": -1.02,
            "roe_4q": -8.459999999999999,
            "gross_profit": 73518,
            "gross_margin": 20.1,
            "gross_margin_4q_avg": 17.15,
            "net_income": -13151,
            "revenue": 365696,
            "common_shares": 651781,
            "book_valuer_per_share": 10.93,
            "book_valuer_per_share_4q_avg": 10.93,
            "equity": 1330340,
            "current_ratio": 251.65,
            "debt_ratio": 46.91,
            "inventory_turnover_ratio": 0.5,
            "account_receivable_turnover_ratio": 1.25,
            "reinvestment_rate": null,
            "research_to_sale_ratio": 1.46,
            "price_fair": 25.9,
            "eps_avg_yearly": 0.74,
            "eps_latest_yearly": 0.72,
            "eps_growth_yearly": 81.78
        },
        "20123": {
            "year_quarter": 20123,
            "year": 2012,
            "quarter": 3,
            "eps": -0.46,
            "eps_growth_year": null,
            "eps_4q": -2.17,
            "eps_4q_growth_year": null,
            "roe": -1.94,
            "roe_4q": -9.370000000000001,
            "gross_profit": 93228,
            "gross_margin": 20.77,
            "gross_margin_4q_avg": 19.56,
            "net_income": -24768,
            "revenue": 448810,
            "common_shares": 668127,
            "book_valuer_per_share": 10.47,
            "book_valuer_per_share_4q_avg": 10.8,
            "equity": 1225992,
            "current_ratio": 175.12,
            "debt_ratio": 48.29,
            "inventory_turnover_ratio": 0.61,
            "account_receivable_turnover_ratio": 1.41,
            "reinvestment_rate": null,
            "research_to_sale_ratio": 0.91,
            "price_fair": 25.9,
            "eps_avg_yearly": 0.74,
            "eps_latest_yearly": 0.72,
            "eps_growth_yearly": 81.78
        },
        "20124": {
            "year_quarter": 20124,
            "year": 2012,
            "quarter": 4,
            "eps": -0.68,
            "eps_growth_year": null,
            "eps_4q": -2.02,
            "eps_4q_growth_year": null,
            "roe": -5.66,
            "roe_4q": -10.91,
            "gross_profit": 73049,
            "gross_margin": 20.18,
            "gross_margin_4q_avg": 20.58,
            "net_income": -67743,
            "revenue": 361916,
            "common_shares": 668127,
            "book_valuer_per_share": 9.63,
            "book_valuer_per_share_4q_avg": 10.37,
            "equity": 1168231,
            "current_ratio": 170.51,
            "debt_ratio": 48.69,
            "inventory_turnover_ratio": 0.5,
            "account_receivable_turnover_ratio": 1.08,
            "reinvestment_rate": null,
            "research_to_sale_ratio": 1.18,
            "price_fair": 25.9,
            "eps_avg_yearly": 0.74,
            "eps_latest_yearly": 0.72,
            "eps_growth_yearly": 81.78
        },
        "20131": {
            "year_quarter": 20131,
            "year": 2013,
            "quarter": 1,
            "eps": -0.43,
            "eps_growth_year": null,
            "eps_4q": -1.54,
            "eps_4q_growth_year": null,
            "roe": -2.27,
            "roe_4q": -10.889999999999999,
            "gross_profit": 88132,
            "gross_margin": 25.71,
            "gross_margin_4q_avg": 21.69,
            "net_income": -28385,
            "revenue": 342813,
            "common_shares": 968127,
            "book_valuer_per_share": 9.45,
            "book_valuer_per_share_4q_avg": 10.12,
            "equity": 1335113,
            "current_ratio": 212.41,
            "debt_ratio": 42.36,
            "inventory_turnover_ratio": 0.45,
            "account_receivable_turnover_ratio": 1.26,
            "reinvestment_rate": null,
            "research_to_sale_ratio": 1.4,
            "price_fair": 2.16,
            "eps_avg_yearly": 0.72,
            "eps_latest_yearly": 0.72,
            "eps_growth_yearly": -21.05
        },
        "20132": {
            "year_quarter": 20132,
            "year": 2013,
            "quarter": 2,
            "eps": -0.61,
            "eps_growth_year": null,
            "eps_4q": -1.8,
            "eps_4q_growth_year": null,
            "roe": -3.89,
            "roe_4q": -13.76,
            "gross_profit": 86693,
            "gross_margin": 25.38,
            "gross_margin_4q_avg": 23.01,
            "net_income": -51017,
            "revenue": 341558,
            "common_shares": 968127,
            "book_valuer_per_share": 8.86,
            "book_valuer_per_share_4q_avg": 9.6,
            "equity": 1286981,
            "current_ratio": 160.25,
            "debt_ratio": 50.11,
            "inventory_turnover_ratio": 0.36,
            "account_receivable_turnover_ratio": 1.32,
            "reinvestment_rate": null,
            "research_to_sale_ratio": 1.29,
            "price_fair": 0,
            "eps_avg_yearly": 0,
            "eps_latest_yearly": 0,
            "eps_growth_yearly": 0
        },
        "20133": {
            "year_quarter": 20133,
            "year": 2013,
            "quarter": 3,
            "eps": -0.61,
            "eps_growth_year": null,
            "eps_4q": -2.03,
            "eps_4q_growth_year": null,
            "roe": -4.6,
            "roe_4q": -16.42,
            "gross_profit": 37440,
            "gross_margin": 12.63,
            "gross_margin_4q_avg": 20.98,
            "net_income": -56574,
            "revenue": 296400,
            "common_shares": 968127,
            "book_valuer_per_share": 8.05,
            "book_valuer_per_share_4q_avg": 9,
            "equity": 1173478,
            "current_ratio": 165.99,
            "debt_ratio": 53.92,
            "inventory_turnover_ratio": 0.3,
            "account_receivable_turnover_ratio": 1.11,
            "reinvestment_rate": null,
            "research_to_sale_ratio": 2.41,
            "price_fair": 0,
            "eps_avg_yearly": 0,
            "eps_latest_yearly": 0,
            "eps_growth_yearly": 0
        },
        "20134": {
            "year_quarter": 20134,
            "year": 2013,
            "quarter": 4,
            "eps": -0.67,
            "eps_growth_year": null,
            "eps_4q": -1.74,
            "eps_4q_growth_year": null,
            "roe": -5.64,
            "roe_4q": -16.4,
            "gross_profit": 31076,
            "gross_margin": 10.3,
            "gross_margin_4q_avg": 18.51,
            "net_income": -74270,
            "revenue": 301585,
            "common_shares": 1368127,
            "book_valuer_per_share": 7.85,
            "book_valuer_per_share_4q_avg": 8.55,
            "equity": 1461827,
            "current_ratio": 198.58,
            "debt_ratio": 48.18,
            "inventory_turnover_ratio": 0.31,
            "account_receivable_turnover_ratio": 1.08,
            "reinvestment_rate": null,
            "research_to_sale_ratio": 3.43,
            "price_fair": 0,
            "eps_avg_yearly": 0,
            "eps_latest_yearly": 0,
            "eps_growth_yearly": 0
        },
        "20141": {
            "year_quarter": 20141,
            "year": 2014,
            "quarter": 1,
            "eps": -0.36,
            "eps_growth_year": null,
            "eps_4q": -1.83,
            "eps_4q_growth_year": null,
            "roe": -2.24,
            "roe_4q": -16.37,
            "gross_profit": 41445,
            "gross_margin": 16.9,
            "gross_margin_4q_avg": 16.3,
            "net_income": -33865,
            "revenue": 245207,
            "common_shares": 1381817,
            "book_valuer_per_share": 7.61,
            "book_valuer_per_share_4q_avg": 8.09,
            "equity": 1558301,
            "current_ratio": 243.75,
            "debt_ratio": 45.75,
            "inventory_turnover_ratio": 0.23,
            "account_receivable_turnover_ratio": 0.88,
            "reinvestment_rate": null,
            "research_to_sale_ratio": 2.38,
            "price_fair": 0,
            "eps_avg_yearly": 0,
            "eps_latest_yearly": 0,
            "eps_growth_yearly": 0
        },
        "20142": {
            "year_quarter": 20142,
            "year": 2014,
            "quarter": 2,
            "eps": -0.36,
            "eps_growth_year": null,
            "eps_4q": -1.77,
            "eps_4q_growth_year": null,
            "roe": -3.19,
            "roe_4q": -15.67,
            "gross_profit": 30769,
            "gross_margin": 15.41,
            "gross_margin_4q_avg": 13.81,
            "net_income": -49697,
            "revenue": 199677,
            "common_shares": 1381817,
            "book_valuer_per_share": 7.38,
            "book_valuer_per_share_4q_avg": 7.72,
            "equity": 1558457,
            "current_ratio": 252.45,
            "debt_ratio": 44,
            "inventory_turnover_ratio": 0.18,
            "account_receivable_turnover_ratio": 0.82,
            "reinvestment_rate": null,
            "research_to_sale_ratio": 2.09,
            "price_fair": 0,
            "eps_avg_yearly": 0,
            "eps_latest_yearly": 0,
            "eps_growth_yearly": 0
        },
        "20143": {
            "year_quarter": 20143,
            "year": 2014,
            "quarter": 3,
            "eps": -0.35,
            "eps_growth_year": null,
            "eps_4q": -1.7,
            "eps_4q_growth_year": null,
            "roe": -3.11,
            "roe_4q": -14.18,
            "gross_profit": 9944,
            "gross_margin": 5.43,
            "gross_margin_4q_avg": 12.01,
            "net_income": -48081,
            "revenue": 183008,
            "common_shares": 1399079,
            "book_valuer_per_share": 7.03,
            "book_valuer_per_share_4q_avg": 7.47,
            "equity": 1535704,
            "current_ratio": 239.49,
            "debt_ratio": 45.79,
            "inventory_turnover_ratio": 0.15,
            "account_receivable_turnover_ratio": 0.84,
            "reinvestment_rate": null,
            "research_to_sale_ratio": 1.78,
            "price_fair": 0,
            "eps_avg_yearly": 0,
            "eps_latest_yearly": 0,
            "eps_growth_yearly": 0
        },
        "20144": {
            "year_quarter": 20144,
            "year": 2014,
            "quarter": 4,
            "eps": 0.72,
            "eps_growth_year": null,
            "eps_4q": -0.33,
            "eps_4q_growth_year": null,
            "roe": 5.99,
            "roe_4q": -2.55,
            "gross_profit": 15030,
            "gross_margin": 9.07,
            "gross_margin_4q_avg": 11.7,
            "net_income": 96176,
            "revenue": 165631,
            "common_shares": 1399079,
            "book_valuer_per_share": 7.88,
            "book_valuer_per_share_4q_avg": 7.48,
            "equity": 1672927,
            "current_ratio": 357.91,
            "debt_ratio": 46.15,
            "inventory_turnover_ratio": 0.11,
            "account_receivable_turnover_ratio": 0.84,
            "reinvestment_rate": null,
            "research_to_sale_ratio": 2.21,
            "price_fair": 0,
            "eps_avg_yearly": 0,
            "eps_latest_yearly": 0,
            "eps_growth_yearly": 0
        },
        "20151": {
            "year_quarter": 20151,
            "year": 2015,
            "quarter": 1,
            "eps": -0.43,
            "eps_growth_year": null,
            "eps_4q": -0.33,
            "eps_4q_growth_year": null,
            "roe": -2.69,
            "roe_4q": -2.9999999999999996,
            "gross_profit": 37690,
            "gross_margin": 18.09,
            "gross_margin_4q_avg": 12,
            "net_income": -49079,
            "revenue": 208386,
            "common_shares": 1699079,
            "book_valuer_per_share": 7.98,
            "book_valuer_per_share_4q_avg": 7.57,
            "equity": 1977296,
            "current_ratio": 342.14,
            "debt_ratio": 46.06,
            "inventory_turnover_ratio": 0.12,
            "account_receivable_turnover_ratio": 1.03,
            "reinvestment_rate": null,
            "research_to_sale_ratio": 1.53,
            "price_fair": 0,
            "eps_avg_yearly": 0,
            "eps_latest_yearly": 0,
            "eps_growth_yearly": 0
        },
        "20152": {
            "year_quarter": 20152,
            "year": 2015,
            "quarter": 2,
            "eps": -0.11,
            "eps_growth_year": null,
            "eps_4q": -0.15,
            "eps_4q_growth_year": null,
            "roe": -0.63,
            "roe_4q": -0.4399999999999995,
            "gross_profit": 37749,
            "gross_margin": 12.37,
            "gross_margin_4q_avg": 11.24,
            "net_income": -12485,
            "revenue": 305244,
            "common_shares": 1699079,
            "book_valuer_per_share": 7.79,
            "book_valuer_per_share_4q_avg": 7.67,
            "equity": 1962424,
            "current_ratio": 336.08,
            "debt_ratio": 46.04,
            "inventory_turnover_ratio": 0.17,
            "account_receivable_turnover_ratio": 1.02,
            "reinvestment_rate": null,
            "research_to_sale_ratio": 1.16,
            "price_fair": 0,
            "eps_avg_yearly": 0,
            "eps_latest_yearly": 0,
            "eps_growth_yearly": 0
        },
        "20153": {
            "year_quarter": 20153,
            "year": 2015,
            "quarter": 3,
            "eps": -0.19,
            "eps_growth_year": null,
            "eps_4q": -0.06,
            "eps_4q_growth_year": null,
            "roe": -1.39,
            "roe_4q": 1.2800000000000002,
            "gross_profit": 30664,
            "gross_margin": 16.59,
            "gross_margin_4q_avg": 14.03,
            "net_income": -26912,
            "revenue": 184808,
            "common_shares": 1699079,
            "book_valuer_per_share": 7.61,
            "book_valuer_per_share_4q_avg": 7.82,
            "equity": 1912991,
            "current_ratio": 334.64,
            "debt_ratio": 43.85,
            "inventory_turnover_ratio": 0.1,
            "account_receivable_turnover_ratio": 0.54,
            "reinvestment_rate": null,
            "research_to_sale_ratio": 1.77,
            "price_fair": 0,
            "eps_avg_yearly": 0,
            "eps_latest_yearly": 0,
            "eps_growth_yearly": 0
        },
        "20154": {
            "year_quarter": 20154,
            "year": 2015,
            "quarter": 4,
            "eps": -0.2,
            "eps_growth_year": -127.24,
            "eps_4q": -0.84,
            "eps_4q_growth_year": null,
            "roe": -1.79,
            "roe_4q": -6.5,
            "gross_profit": 28444,
            "gross_margin": 21.94,
            "gross_margin_4q_avg": 17.25,
            "net_income": -33891,
            "revenue": 129641,
            "common_shares": 1699079,
            "book_valuer_per_share": 7.49,
            "book_valuer_per_share_4q_avg": 7.72,
            "equity": 1870043,
            "current_ratio": 262.9,
            "debt_ratio": 47.74,
            "inventory_turnover_ratio": 0.06,
            "account_receivable_turnover_ratio": 0.5,
            "reinvestment_rate": null,
            "research_to_sale_ratio": 2.38,
            "price_fair": 0,
            "eps_avg_yearly": 0,
            "eps_latest_yearly": 0,
            "eps_growth_yearly": 0
        },
        "20161": {
            "year_quarter": 20161,
            "year": 2016,
            "quarter": 1,
            "eps": -0.22,
            "eps_growth_year": null,
            "eps_4q": -0.71,
            "eps_4q_growth_year": null,
            "roe": -1.72,
            "roe_4q": -5.529999999999999,
            "gross_profit": 27768,
            "gross_margin": 22.5,
            "gross_margin_4q_avg": 18.35,
            "net_income": -31888,
            "revenue": 123423,
            "common_shares": 1699079,
            "book_valuer_per_share": 7.29,
            "book_valuer_per_share_4q_avg": 7.55,
            "equity": 1837362,
            "current_ratio": 261.97,
            "debt_ratio": 47.36,
            "inventory_turnover_ratio": 0.05,
            "account_receivable_turnover_ratio": 0.68,
            "reinvestment_rate": null,
            "research_to_sale_ratio": 2.31,
            "price_fair": 0,
            "eps_avg_yearly": 0,
            "eps_latest_yearly": 0,
            "eps_growth_yearly": 0
        },
        "20162": {
            "year_quarter": 20162,
            "year": 2016,
            "quarter": 2,
            "eps": -0.2,
            "eps_growth_year": null,
            "eps_4q": -0.81,
            "eps_4q_growth_year": null,
            "roe": -1.62,
            "roe_4q": -6.52,
            "gross_profit": 31967,
            "gross_margin": 21.48,
            "gross_margin_4q_avg": 20.63,
            "net_income": -29441,
            "revenue": 148834,
            "common_shares": 1699079,
            "book_valuer_per_share": 7.15,
            "book_valuer_per_share_4q_avg": 7.39,
            "equity": 1790818,
            "current_ratio": 218.11,
            "debt_ratio": 53.33,
            "inventory_turnover_ratio": 0.06,
            "account_receivable_turnover_ratio": 0.85,
            "reinvestment_rate": null,
            "research_to_sale_ratio": 2.07,
            "price_fair": 0,
            "eps_avg_yearly": 0,
            "eps_latest_yearly": 0,
            "eps_growth_yearly": 0
        },
        "20163": {
            "year_quarter": 20163,
            "year": 2016,
            "quarter": 3,
            "eps": -0.2,
            "eps_growth_year": null,
            "eps_4q": -0.82,
            "eps_4q_growth_year": null,
            "roe": -1.08,
            "roe_4q": -6.21,
            "gross_profit": 33422,
            "gross_margin": 24.49,
            "gross_margin_4q_avg": 22.6,
            "net_income": -19212,
            "revenue": 136481,
            "common_shares": 1699079,
            "book_valuer_per_share": 6.95,
            "book_valuer_per_share_4q_avg": 7.22,
            "equity": 1766802,
            "current_ratio": 212.67,
            "debt_ratio": 54.96,
            "inventory_turnover_ratio": 0.05,
            "account_receivable_turnover_ratio": 0.72,
            "reinvestment_rate": null,
            "research_to_sale_ratio": 2.43,
            "price_fair": 0,
            "eps_avg_yearly": 0,
            "eps_latest_yearly": 0,
            "eps_growth_yearly": 0
        },
        "20164": {
            "year_quarter": 20164,
            "year": 2016,
            "quarter": 4,
            "eps": -0.22,
            "eps_growth_year": null,
            "eps_4q": -1.16,
            "eps_4q_growth_year": null,
            "roe": -1.11,
            "roe_4q": -5.53,
            "gross_profit": 34995,
            "gross_margin": 12.8,
            "gross_margin_4q_avg": 20.32,
            "net_income": -20570,
            "revenue": 273317,
            "common_shares": 1148578,
            "book_valuer_per_share": 10.66,
            "book_valuer_per_share_4q_avg": 8.01,
            "equity": 1932281,
            "current_ratio": 162.57,
            "debt_ratio": 53.92,
            "inventory_turnover_ratio": 0.1,
            "account_receivable_turnover_ratio": 1.36,
            "reinvestment_rate": null,
            "research_to_sale_ratio": 1.25,
            "price_fair": 0,
            "eps_avg_yearly": 0,
            "eps_latest_yearly": 0,
            "eps_growth_yearly": 0
        },
        "20171": {
            "year_quarter": 20171,
            "year": 2017,
            "quarter": 1,
            "eps": -0.33,
            "eps_growth_year": null,
            "eps_4q": -1.16,
            "eps_4q_growth_year": null,
            "roe": -1.84,
            "roe_4q": -5.65,
            "gross_profit": 23343,
            "gross_margin": 14.73,
            "gross_margin_4q_avg": 18.38,
            "net_income": -36011,
            "revenue": 158473,
            "common_shares": 1148577,
            "book_valuer_per_share": 11.14,
            "book_valuer_per_share_4q_avg": 8.98,
            "equity": 1987825,
            "current_ratio": 157.33,
            "debt_ratio": 54.13,
            "inventory_turnover_ratio": 0.06,
            "account_receivable_turnover_ratio": 0.83,
            "reinvestment_rate": null,
            "research_to_sale_ratio": 2.36,
            "price_fair": 0,
            "eps_avg_yearly": 0,
            "eps_latest_yearly": 0,
            "eps_growth_yearly": 0
        },
        "20172": {
            "year_quarter": 20172,
            "year": 2017,
            "quarter": 2,
            "eps": -0.33,
            "eps_growth_year": null,
            "eps_4q": -1.17,
            "eps_4q_growth_year": null,
            "roe": -1.76,
            "roe_4q": -5.79,
            "gross_profit": 23330,
            "gross_margin": 13.95,
            "gross_margin_4q_avg": 16.49,
            "net_income": -35167,
            "revenue": 167188,
            "common_shares": 1172399,
            "book_valuer_per_share": 10.8,
            "book_valuer_per_share_4q_avg": 9.89,
            "equity": 2001090,
            "current_ratio": 152.03,
            "debt_ratio": 55.69,
            "inventory_turnover_ratio": 0.06,
            "account_receivable_turnover_ratio": 0.96,
            "reinvestment_rate": null,
            "research_to_sale_ratio": 2.53,
            "price_fair": 0,
            "eps_avg_yearly": 0,
            "eps_latest_yearly": 0,
            "eps_growth_yearly": 0
        },
        "20173": {
            "year_quarter": 20173,
            "year": 2017,
            "quarter": 3,
            "eps": 0.37,
            "eps_growth_year": null,
            "eps_4q": -0.5,
            "eps_4q_growth_year": null,
            "roe": 1.7,
            "roe_4q": -3.0100000000000002,
            "gross_profit": 88129,
            "gross_margin": 30.37,
            "gross_margin_4q_avg": 17.96,
            "net_income": 34857,
            "revenue": 290205,
            "common_shares": 1174545,
            "book_valuer_per_share": 11.33,
            "book_valuer_per_share_4q_avg": 10.98,
            "equity": 2098545,
            "current_ratio": 148.03,
            "debt_ratio": 58.38,
            "inventory_turnover_ratio": 0.07,
            "account_receivable_turnover_ratio": 1.7,
            "reinvestment_rate": null,
            "research_to_sale_ratio": 1.45,
            "price_fair": 0,
            "eps_avg_yearly": 0,
            "eps_latest_yearly": 0,
            "eps_growth_yearly": 0
        },
        "20174": {
            "year_quarter": 20174,
            "year": 2017,
            "quarter": 4,
            "eps": 3.15,
            "eps_growth_year": null,
            "eps_4q": 2.89,
            "eps_4q_growth_year": null,
            "roe": 15.11,
            "roe_4q": 13.209999999999999,
            "gross_profit": 499174,
            "gross_margin": 32.33,
            "gross_margin_4q_avg": 22.85,
            "net_income": 362385,
            "revenue": 1543874,
            "common_shares": 1278100,
            "book_valuer_per_share": 15.11,
            "book_valuer_per_share_4q_avg": 12.1,
            "equity": 2698991,
            "current_ratio": 197.3,
            "debt_ratio": 41.31,
            "inventory_turnover_ratio": 0.39,
            "account_receivable_turnover_ratio": 8.32,
            "reinvestment_rate": 549,
            "research_to_sale_ratio": 0.33,
            "price_fair": 441,
            "eps_avg_yearly": 12.6,
            "eps_latest_yearly": 12.6,
            "eps_growth_yearly": 3005.41
        },
        "20181": {
            "year_quarter": 20181,
            "year": 2018,
            "quarter": 1,
            "eps": 1.25,
            "eps_growth_year": null,
            "eps_4q": 4.41,
            "eps_4q_growth_year": null,
            "roe": 4.83,
            "roe_4q": 19.879999999999995,
            "gross_profit": 249091,
            "gross_margin": 32.49,
            "gross_margin_4q_avg": 27.29,
            "net_income": 138075,
            "revenue": 766579,
            "common_shares": 1285365,
            "book_valuer_per_share": 16.42,
            "book_valuer_per_share_4q_avg": 13.42,
            "equity": 3014216,
            "current_ratio": 216.81,
            "debt_ratio": 35.1,
            "inventory_turnover_ratio": 0.25,
            "account_receivable_turnover_ratio": 3.79,
            "reinvestment_rate": 3.33,
            "research_to_sale_ratio": 0.58,
            "price_fair": 308,
            "eps_avg_yearly": 8.8,
            "eps_latest_yearly": 5,
            "eps_growth_yearly": 1382.07
        },
        "20182": {
            "year_quarter": 20182,
            "year": 2018,
            "quarter": 2,
            "eps": 0.74,
            "eps_growth_year": null,
            "eps_4q": 5.66,
            "eps_4q_growth_year": null,
            "roe": 2.89,
            "roe_4q": 24.529999999999998,
            "gross_profit": 148275,
            "gross_margin": 35.47,
            "gross_margin_4q_avg": 32.67,
            "net_income": 81920,
            "revenue": 418016,
            "common_shares": 1289910,
            "book_valuer_per_share": 14.82,
            "book_valuer_per_share_4q_avg": 14.42,
            "equity": 2648377,
            "current_ratio": 184.51,
            "debt_ratio": 42.23,
            "inventory_turnover_ratio": 0.14,
            "account_receivable_turnover_ratio": 2.18,
            "reinvestment_rate": -6.41,
            "research_to_sale_ratio": 1.06,
            "price_fair": 239.87,
            "eps_avg_yearly": 6.85,
            "eps_latest_yearly": 2.96,
            "eps_growth_yearly": 866.98
        },
        "20183": {
            "year_quarter": 20183,
            "year": 2018,
            "quarter": 3,
            "eps": 0.2,
            "eps_growth_year": -45.95,
            "eps_4q": 5.51,
            "eps_4q_growth_year": null,
            "roe": 3.49,
            "roe_4q": 26.32,
            "gross_profit": 37738,
            "gross_margin": 19.25,
            "gross_margin_4q_avg": 29.89,
            "net_income": 91388,
            "revenue": 196062,
            "common_shares": 1290725,
            "book_valuer_per_share": 14.14,
            "book_valuer_per_share_4q_avg": 15.12,
            "equity": 2595024,
            "current_ratio": 205.25,
            "debt_ratio": 47.06,
            "inventory_turnover_ratio": 0.07,
            "account_receivable_turnover_ratio": 1.12,
            "reinvestment_rate": -4.76,
            "research_to_sale_ratio": 1.22,
            "price_fair": 186.9,
            "eps_avg_yearly": 5.34,
            "eps_latest_yearly": 0.8,
            "eps_growth_yearly": 577.26
        },
        "20184": {
            "year_quarter": 20184,
            "year": 2018,
            "quarter": 4,
            "eps": -0.55,
            "eps_growth_year": -117.47,
            "eps_4q": 1.03,
            "eps_4q_growth_year": -64.49,
            "roe": -2.86,
            "roe_4q": 8.350000000000001,
            "gross_profit": 11388,
            "gross_margin": 8.04,
            "gross_margin_4q_avg": 23.81,
            "net_income": -79706,
            "revenue": 141635,
            "common_shares": 1790825,
            "book_valuer_per_share": 12.89,
            "book_valuer_per_share_4q_avg": 14.57,
            "equity": 2973824,
            "current_ratio": 240.32,
            "debt_ratio": 48.77,
            "inventory_turnover_ratio": 0.05,
            "account_receivable_turnover_ratio": 0.9,
            "reinvestment_rate": 107.52,
            "research_to_sale_ratio": 2.8,
            "price_fair": 186.9,
            "eps_avg_yearly": 5.34,
            "eps_latest_yearly": 0.8,
            "eps_growth_yearly": 577.26
        },
        "20191": {
            "year_quarter": 20191,
            "year": 2019,
            "quarter": 1,
            "eps": -0.31,
            "eps_growth_year": -124.8,
            "eps_4q": -0.18,
            "eps_4q_growth_year": -104.1,
            "roe": -1.53,
            "roe_4q": 1.9900000000000007,
            "gross_profit": 14183,
            "gross_margin": 10.57,
            "gross_margin_4q_avg": 18.33,
            "net_income": -45148,
            "revenue": 134177,
            "common_shares": 1790825,
            "book_valuer_per_share": 12.6,
            "book_valuer_per_share_4q_avg": 13.61,
            "equity": 2932726,
            "current_ratio": 236.89,
            "debt_ratio": 49.42,
            "inventory_turnover_ratio": 0.04,
            "account_receivable_turnover_ratio": 0.92,
            "reinvestment_rate": 68.35,
            "research_to_sale_ratio": 3.72,
            "price_fair": 186.9,
            "eps_avg_yearly": 5.34,
            "eps_latest_yearly": 0.8,
            "eps_growth_yearly": 577.26
        },
        "20192": {
            "year_quarter": 20192,
            "year": 2019,
            "quarter": 2,
            "eps": -0.22,
            "eps_growth_year": -129.73,
            "eps_4q": -0.95,
            "eps_4q_growth_year": -116.8,
            "roe": -0.53,
            "roe_4q": -1.4299999999999997,
            "gross_profit": 16302,
            "gross_margin": 12.16,
            "gross_margin_4q_avg": 12.51,
            "net_income": -14326,
            "revenue": 134114,
            "common_shares": 1795412,
            "book_valuer_per_share": 10.32,
            "book_valuer_per_share_4q_avg": 12.49,
            "equity": 2427044,
            "current_ratio": 191.36,
            "debt_ratio": 57.92,
            "inventory_turnover_ratio": 0.04,
            "account_receivable_turnover_ratio": 0.93,
            "reinvestment_rate": 77.12,
            "research_to_sale_ratio": 7.54,
            "price_fair": 186.9,
            "eps_avg_yearly": 5.34,
            "eps_latest_yearly": 0.8,
            "eps_growth_yearly": 577.26
        },
        "20193": {
            "year_quarter": 20193,
            "year": 2019,
            "quarter": 3,
            "eps": -0.28,
            "eps_growth_year": -240,
            "eps_4q": -1.35,
            "eps_4q_growth_year": -124.46,
            "roe": -0.56,
            "roe_4q": -5.48,
            "gross_profit": 13988,
            "gross_margin": 11,
            "gross_margin_4q_avg": 10.44,
            "net_income": -13686,
            "revenue": 127151,
            "common_shares": 1832763,
            "book_valuer_per_share": 10.24,
            "book_valuer_per_share_4q_avg": 11.51,
            "equity": 2441892,
            "current_ratio": 172.92,
            "debt_ratio": 57.92,
            "inventory_turnover_ratio": 0.03,
            "account_receivable_turnover_ratio": 0.86,
            "reinvestment_rate": 70.66,
            "research_to_sale_ratio": 4.99,
            "price_fair": 186.9,
            "eps_avg_yearly": 5.34,
            "eps_latest_yearly": 0.8,
            "eps_growth_yearly": 577.26
        },
        "20194": {
            "year_quarter": 20194,
            "year": 2019,
            "quarter": 4,
            "eps": -0.15,
            "eps_growth_year": null,
            "eps_4q": -0.94,
            "eps_4q_growth_year": -191.89,
            "roe": -0.07,
            "roe_4q": -2.6900000000000004,
            "gross_profit": 85149,
            "gross_margin": 22.28,
            "gross_margin_4q_avg": 14,
            "net_income": -1691,
            "revenue": 382207,
            "common_shares": 1846776,
            "book_valuer_per_share": 10.16,
            "book_valuer_per_share_4q_avg": 10.83,
            "equity": 2501178,
            "current_ratio": 142.03,
            "debt_ratio": 64.56,
            "inventory_turnover_ratio": 0.07,
            "account_receivable_turnover_ratio": 2.46,
            "reinvestment_rate": 64.35,
            "research_to_sale_ratio": -0.36,
            "price_fair": 186.9,
            "eps_avg_yearly": 5.34,
            "eps_latest_yearly": 0.8,
            "eps_growth_yearly": 577.26
        },
        "20201": {
            "year_quarter": 20201,
            "year": 2020,
            "quarter": 1,
            "eps": -0.32,
            "eps_growth_year": null,
            "eps_4q": -0.96,
            "eps_4q_growth_year": null,
            "roe": -0.28,
            "roe_4q": -1.4400000000000002,
            "gross_profit": 49075,
            "gross_margin": 31.54,
            "gross_margin_4q_avg": 19.25,
            "net_income": -7008,
            "revenue": 155576,
            "common_shares": 1846776,
            "book_valuer_per_share": 9.9,
            "book_valuer_per_share_4q_avg": 10.16,
            "equity": 2507800,
            "current_ratio": 141.88,
            "debt_ratio": 64.94,
            "inventory_turnover_ratio": 0.02,
            "account_receivable_turnover_ratio": 1.14,
            "reinvestment_rate": 46.06,
            "research_to_sale_ratio": 3.49,
            "price_fair": 186.9,
            "eps_avg_yearly": 5.34,
            "eps_latest_yearly": 0.8,
            "eps_growth_yearly": 577.26
        },
        "20202": {
            "year_quarter": 20202,
            "year": 2020,
            "quarter": 2,
            "eps": -0.27,
            "eps_growth_year": null,
            "eps_4q": -1.01,
            "eps_4q_growth_year": null,
            "roe": -1.96,
            "roe_4q": -2.87,
            "gross_profit": 34058,
            "gross_margin": 4.97,
            "gross_margin_4q_avg": 17.45,
            "net_income": -48910,
            "revenue": 684674,
            "common_shares": 1846776,
            "book_valuer_per_share": 9.74,
            "book_valuer_per_share_4q_avg": 10.01,
            "equity": 2495760,
            "current_ratio": 138.97,
            "debt_ratio": 63.66,
            "inventory_turnover_ratio": 0.13,
            "account_receivable_turnover_ratio": 8.43,
            "reinvestment_rate": 56.43,
            "research_to_sale_ratio": 0.56,
            "price_fair": 186.9,
            "eps_avg_yearly": 5.34,
            "eps_latest_yearly": 0.8,
            "eps_growth_yearly": 577.26
        },
        "20203": {
            "year_quarter": 20203,
            "year": 2020,
            "quarter": 3,
            "eps": 0.63,
            "eps_growth_year": null,
            "eps_4q": -0.11,
            "eps_4q_growth_year": null,
            "roe": 3.63,
            "roe_4q": 1.3199999999999998,
            "gross_profit": 52732,
            "gross_margin": 37.95,
            "gross_margin_4q_avg": 24.19,
            "net_income": 92052,
            "revenue": 138963,
            "common_shares": 1846776,
            "book_valuer_per_share": 10.37,
            "book_valuer_per_share_4q_avg": 10.04,
            "equity": 2576757,
            "current_ratio": 140.02,
            "debt_ratio": 62.67,
            "inventory_turnover_ratio": 0.02,
            "account_receivable_turnover_ratio": 2.2,
            "reinvestment_rate": 78.23,
            "research_to_sale_ratio": 3.1,
            "price_fair": 186.9,
            "eps_avg_yearly": 5.34,
            "eps_latest_yearly": 0.8,
            "eps_growth_yearly": 577.26
        },
        "20204": {
            "year_quarter": 20204,
            "year": 2020,
            "quarter": 4,
            "eps": 0.15,
            "eps_growth_year": null,
            "eps_4q": 0.2,
            "eps_4q_growth_year": null,
            "roe": 1.12,
            "roe_4q": 2.51,
            "gross_profit": 123058,
            "gross_margin": 47.84,
            "gross_margin_4q_avg": 30.58,
            "net_income": 28933,
            "revenue": 257228,
            "common_shares": 1846776,
            "book_valuer_per_share": 10.54,
            "book_valuer_per_share_4q_avg": 10.14,
            "equity": 2609608,
            "current_ratio": 139.06,
            "debt_ratio": 63.22,
            "inventory_turnover_ratio": 0.03,
            "account_receivable_turnover_ratio": 3.11,
            "reinvestment_rate": 49.8,
            "research_to_sale_ratio": 1.61,
            "price_fair": 153.72,
            "eps_avg_yearly": 4.39,
            "eps_latest_yearly": 0.6,
            "eps_growth_yearly": 400.86
        },
        "20211": {
            "year_quarter": 20211,
            "year": 2021,
            "quarter": 1,
            "eps": -0.2,
            "eps_growth_year": null,
            "eps_4q": 0.31,
            "eps_4q_growth_year": null,
            "roe": -1.32,
            "roe_4q": 1.4699999999999998,
            "gross_profit": 50303,
            "gross_margin": 23.12,
            "gross_margin_4q_avg": 28.47,
            "net_income": -34369,
            "revenue": 217609,
            "common_shares": 1798456,
            "book_valuer_per_share": 10.58,
            "book_valuer_per_share_4q_avg": 10.31,
            "equity": 2607193,
            "current_ratio": 157.13,
            "debt_ratio": 66.66,
            "inventory_turnover_ratio": 0.03,
            "account_receivable_turnover_ratio": 2.06,
            "reinvestment_rate": 18.89,
            "research_to_sale_ratio": 1.56,
            "price_fair": 153.72,
            "eps_avg_yearly": 4.39,
            "eps_latest_yearly": 0.6,
            "eps_growth_yearly": 400.86
        },
        "20212": {
            "year_quarter": 20212,
            "year": 2021,
            "quarter": 2,
            "eps": -0.07,
            "eps_growth_year": null,
            "eps_4q": 0.51,
            "eps_4q_growth_year": null,
            "roe": -0.31,
            "roe_4q": 3.12,
            "gross_profit": 57885,
            "gross_margin": 23.87,
            "gross_margin_4q_avg": 33.2,
            "net_income": -8326,
            "revenue": 242504,
            "common_shares": 1798456,
            "book_valuer_per_share": 10.56,
            "book_valuer_per_share_4q_avg": 10.51,
            "equity": 2686635,
            "current_ratio": 150.29,
            "debt_ratio": 66.59,
            "inventory_turnover_ratio": 0.03,
            "account_receivable_turnover_ratio": 1.94,
            "reinvestment_rate": 27.52,
            "research_to_sale_ratio": 1.16,
            "price_fair": 153.72,
            "eps_avg_yearly": 4.39,
            "eps_latest_yearly": 0.6,
            "eps_growth_yearly": 400.86
        },
        "20213": {
            "year_quarter": 20213,
            "year": 2021,
            "quarter": 3,
            "eps": -0.08,
            "eps_growth_year": -112.7,
            "eps_4q": -0.19,
            "eps_4q_growth_year": null,
            "roe": 2.4,
            "roe_4q": 1.89,
            "gross_profit": 67724,
            "gross_margin": 20.42,
            "gross_margin_4q_avg": 28.81,
            "net_income": 90829,
            "revenue": 331673,
            "common_shares": 1877508,
            "book_valuer_per_share": 10.51,
            "book_valuer_per_share_4q_avg": 10.55,
            "equity": 4867299,
            "current_ratio": 167.07,
            "debt_ratio": 54.12,
            "inventory_turnover_ratio": 0.05,
            "account_receivable_turnover_ratio": 1.9,
            "reinvestment_rate": 257.27,
            "research_to_sale_ratio": 1.77,
            "price_fair": 153.72,
            "eps_avg_yearly": 4.39,
            "eps_latest_yearly": 0.6,
            "eps_growth_yearly": 400.86
        },
        "20214": {
            "year_quarter": 20214,
            "year": 2021,
            "quarter": 4,
            "eps": -0.13,
            "eps_growth_year": -188.54,
            "eps_4q": -0.4,
            "eps_4q_growth_year": -303.85,
            "roe": -1.49,
            "roe_4q": -0.7200000000000002,
            "gross_profit": 23922,
            "gross_margin": 9.81,
            "gross_margin_4q_avg": 19.31,
            "net_income": -76393,
            "revenue": 243972,
            "common_shares": 2325457,
            "book_valuer_per_share": 11.16,
            "book_valuer_per_share_4q_avg": 10.7,
            "equity": 5398088,
            "current_ratio": 187.76,
            "debt_ratio": 49.07,
            "inventory_turnover_ratio": 0.04,
            "account_receivable_turnover_ratio": 1.17,
            "reinvestment_rate": null,
            "research_to_sale_ratio": 2.25,
            "price_fair": 7.02,
            "eps_avg_yearly": 2.34,
            "eps_latest_yearly": 0.6,
            "eps_growth_yearly": -250.28
        },
        "20221": {
            "year_quarter": 20221,
            "year": 2022,
            "quarter": 1,
            "eps": -0.03,
            "eps_growth_year": null,
            "eps_4q": -0.27,
            "eps_4q_growth_year": -185.58,
            "roe": 0.66,
            "roe_4q": 1.2599999999999998,
            "gross_profit": 78547,
            "gross_margin": 22.39,
            "gross_margin_4q_avg": 19.12,
            "net_income": 35585,
            "revenue": 350850,
            "common_shares": 2397967,
            "book_valuer_per_share": 11.22,
            "book_valuer_per_share_4q_avg": 10.86,
            "equity": 5460375,
            "current_ratio": 179.97,
            "debt_ratio": 50.06,
            "inventory_turnover_ratio": 0.05,
            "account_receivable_turnover_ratio": 1.64,
            "reinvestment_rate": null,
            "research_to_sale_ratio": 1.17,
            "price_fair": 4.36,
            "eps_avg_yearly": 1.45,
            "eps_latest_yearly": 0.6,
            "eps_growth_yearly": -253.28
        },
        "20222": {
            "year_quarter": 20222,
            "year": 2022,
            "quarter": 2,
            "eps": 0.3,
            "eps_growth_year": null,
            "eps_4q": 0.09,
            "eps_4q_growth_year": -81.92,
            "roe": -0.88,
            "roe_4q": 0.69,
            "gross_profit": 194076,
            "gross_margin": 23.55,
            "gross_margin_4q_avg": 19.04,
            "net_income": -47436,
            "revenue": 824119,
            "common_shares": 2398485,
            "book_valuer_per_share": 11.63,
            "book_valuer_per_share_4q_avg": 11.13,
            "equity": 5297191,
            "current_ratio": 183.61,
            "debt_ratio": 52.47,
            "inventory_turnover_ratio": 0.1,
            "account_receivable_turnover_ratio": 3.55,
            "reinvestment_rate": null,
            "research_to_sale_ratio": 0.47,
            "price_fair": 2.1,
            "eps_avg_yearly": 0.7,
            "eps_latest_yearly": 0.6,
            "eps_growth_yearly": -298.33
        },
        "20223": {
            "year_quarter": 20223,
            "year": 2022,
            "quarter": 3,
            "eps": 0.5,
            "eps_growth_year": null,
            "eps_4q": 0.67,
            "eps_4q_growth_year": null,
            "roe": 1.7,
            "roe_4q": -0.010000000000000009,
            "gross_profit": 224009,
            "gross_margin": 28.69,
            "gross_margin_4q_avg": 21.11,
            "net_income": 90295,
            "revenue": 780878,
            "common_shares": 2213483,
            "book_valuer_per_share": 13.18,
            "book_valuer_per_share_4q_avg": 11.8,
            "equity": 5332248,
            "current_ratio": 177.77,
            "debt_ratio": 54.03,
            "inventory_turnover_ratio": 0.08,
            "account_receivable_turnover_ratio": 3.65,
            "reinvestment_rate": null,
            "research_to_sale_ratio": 0.44,
            "price_fair": 3.9,
            "eps_avg_yearly": 1.3,
            "eps_latest_yearly": 2,
            "eps_growth_yearly": -19.05
        },
        "20224": {
            "year_quarter": 20224,
            "year": 2022,
            "quarter": 4,
            "eps": -0.1,
            "eps_growth_year": null,
            "eps_4q": 0.7,
            "eps_4q_growth_year": null,
            "roe": -0.42,
            "roe_4q": 1.06,
            "gross_profit": 90801,
            "gross_margin": 24.16,
            "gross_margin_4q_avg": 24.7,
            "net_income": -22358,
            "revenue": 375758,
            "common_shares": 2190421,
            "book_valuer_per_share": 12.97,
            "book_valuer_per_share_4q_avg": 12.25,
            "equity": 5322044,
            "current_ratio": 167.17,
            "debt_ratio": 54.92,
            "inventory_turnover_ratio": 0.04,
            "account_receivable_turnover_ratio": 2.01,
            "reinvestment_rate": null,
            "research_to_sale_ratio": 1.06,
            "price_fair": 3.9,
            "eps_avg_yearly": 1.3,
            "eps_latest_yearly": 2,
            "eps_growth_yearly": -19.05
        },
        "20231": {
            "year_quarter": 20231,
            "year": 2023,
            "quarter": 1,
            "eps": -0.21,
            "eps_growth_year": null,
            "eps_4q": 0.53,
            "eps_4q_growth_year": null,
            "roe": -0.5,
            "roe_4q": -0.09999999999999998,
            "gross_profit": 33339,
            "gross_margin": 10.7,
            "gross_margin_4q_avg": 21.78,
            "net_income": -25994,
            "revenue": 311668,
            "common_shares": 2190580,
            "book_valuer_per_share": 12.04,
            "book_valuer_per_share_4q_avg": 12.46,
            "equity": 5155004,
            "current_ratio": 164.33,
            "debt_ratio": 54.2,
            "inventory_turnover_ratio": 0.04,
            "account_receivable_turnover_ratio": 1.94,
            "reinvestment_rate": null,
            "research_to_sale_ratio": 0.97,
            "price_fair": 3.9,
            "eps_avg_yearly": 1.3,
            "eps_latest_yearly": 2,
            "eps_growth_yearly": -19.05
        }
    },
    "months": {
        "2001-06": {
            "month": "2001-06",
            "price": "2.43",
            "revenue": 61986
        },
        "2001-07": {
            "month": "2001-07",
            "price": "1.90",
            "revenue": 54111
        },
        "2001-08": {
            "month": "2001-08",
            "price": "2.00",
            "revenue": 59059
        },
        "2001-09": {
            "month": "2001-09",
            "price": "1.99",
            "revenue": 57279
        },
        "2001-10": {
            "month": "2001-10",
            "price": "1.67",
            "revenue": 74109
        },
        "2001-11": {
            "month": "2001-11",
            "price": "1.49",
            "revenue": 49772
        },
        "2001-12": {
            "month": "2001-12",
            "price": "2.42",
            "revenue": 39360
        },
        "2002-01": {
            "month": "2002-01",
            "price": "2.29",
            "revenue": 40011
        },
        "2002-02": {
            "month": "2002-02",
            "price": "2.51",
            "revenue": 31380
        },
        "2002-03": {
            "month": "2002-03",
            "price": "3.45",
            "revenue": 96831
        },
        "2002-04": {
            "month": "2002-04",
            "price": "5.01",
            "revenue": 121501
        },
        "2002-05": {
            "month": "2002-05",
            "price": "3.75",
            "revenue": 120351
        },
        "2002-06": {
            "month": "2002-06",
            "price": "3.68",
            "revenue": 74622
        },
        "2002-07": {
            "month": "2002-07",
            "price": "3.48",
            "revenue": 67030
        },
        "2002-08": {
            "month": "2002-08",
            "price": "3.03",
            "revenue": 66947
        },
        "2002-09": {
            "month": "2002-09",
            "price": "2.41",
            "revenue": 67010
        },
        "2002-10": {
            "month": "2002-10",
            "price": "2.48",
            "revenue": 64141
        },
        "2002-11": {
            "month": "2002-11",
            "price": "3.68",
            "revenue": 48520
        },
        "2002-12": {
            "month": "2002-12",
            "price": "3.90",
            "revenue": 35121
        },
        "2003-01": {
            "month": "2003-01",
            "price": "4.30",
            "revenue": 26765
        },
        "2003-02": {
            "month": "2003-02",
            "price": "3.99",
            "revenue": 35822
        },
        "2003-03": {
            "month": "2003-03",
            "price": "3.56",
            "revenue": 89693
        },
        "2003-04": {
            "month": "2003-04",
            "price": "3.40",
            "revenue": 78486
        },
        "2003-05": {
            "month": "2003-05",
            "price": "3.00",
            "revenue": 68019
        },
        "2003-06": {
            "month": "2003-06",
            "price": "3.30",
            "revenue": 48735
        },
        "2003-07": {
            "month": "2003-07",
            "price": "3.43",
            "revenue": 49434
        },
        "2003-08": {
            "month": "2003-08",
            "price": "3.76",
            "revenue": 45578
        },
        "2003-09": {
            "month": "2003-09",
            "price": "3.88",
            "revenue": 52041
        },
        "2003-10": {
            "month": "2003-10",
            "price": "4.19",
            "revenue": 52340
        },
        "2003-11": {
            "month": "2003-11",
            "price": "5.20",
            "revenue": 48940
        },
        "2003-12": {
            "month": "2003-12",
            "price": "4.99",
            "revenue": 35136
        },
        "2004-01": {
            "month": "2004-01",
            "price": "5.17",
            "revenue": 10279
        },
        "2004-02": {
            "month": "2004-02",
            "price": "5.83",
            "revenue": 31600
        },
        "2004-03": {
            "month": "2004-03",
            "price": "5.69",
            "revenue": 79461
        },
        "2004-04": {
            "month": "2004-04",
            "price": "5.35",
            "revenue": 72449
        },
        "2004-05": {
            "month": "2004-05",
            "price": "4.24",
            "revenue": 68450
        },
        "2004-06": {
            "month": "2004-06",
            "price": "4.01",
            "revenue": 47496
        },
        "2004-07": {
            "month": "2004-07",
            "price": "3.56",
            "revenue": 58078
        },
        "2004-08": {
            "month": "2004-08",
            "price": "3.25",
            "revenue": 35319
        },
        "2004-09": {
            "month": "2004-09",
            "price": "3.43",
            "revenue": 35530
        },
        "2004-10": {
            "month": "2004-10",
            "price": "3.64",
            "revenue": 49782
        },
        "2004-11": {
            "month": "2004-11",
            "price": "3.28",
            "revenue": 49663
        },
        "2004-12": {
            "month": "2004-12",
            "price": "3.16",
            "revenue": 37063
        },
        "2005-01": {
            "month": "2005-01",
            "price": "3.25",
            "revenue": 28590
        },
        "2005-02": {
            "month": "2005-02",
            "price": "3.11",
            "revenue": 16380
        },
        "2005-03": {
            "month": "2005-03",
            "price": "2.92",
            "revenue": 54409
        },
        "2005-04": {
            "month": "2005-04",
            "price": "2.37",
            "revenue": 37596
        },
        "2005-05": {
            "month": "2005-05",
            "price": "2.14",
            "revenue": 42460
        },
        "2005-06": {
            "month": "2005-06",
            "price": "2.17",
            "revenue": 32178
        },
        "2005-07": {
            "month": "2005-07",
            "price": "1.98",
            "revenue": 19488
        },
        "2005-08": {
            "month": "2005-08",
            "price": "1.84",
            "revenue": 28481
        },
        "2005-09": {
            "month": "2005-09",
            "price": "1.51",
            "revenue": 25724
        },
        "2005-10": {
            "month": "2005-10",
            "price": "1.41",
            "revenue": 29527
        },
        "2005-11": {
            "month": "2005-11",
            "price": "1.57",
            "revenue": 27209
        },
        "2005-12": {
            "month": "2005-12",
            "price": "3.14",
            "revenue": 27210
        },
        "2006-01": {
            "month": "2006-01",
            "price": "2.90",
            "revenue": 11859
        },
        "2006-02": {
            "month": "2006-02",
            "price": "2.79",
            "revenue": 22551
        },
        "2006-03": {
            "month": "2006-03",
            "price": "2.39",
            "revenue": 36063
        },
        "2006-04": {
            "month": "2006-04",
            "price": "2.78",
            "revenue": 36236
        },
        "2006-05": {
            "month": "2006-05",
            "price": "3.90",
            "revenue": 32483
        },
        "2006-06": {
            "month": "2006-06",
            "price": "3.85",
            "revenue": 30106
        },
        "2006-07": {
            "month": "2006-07",
            "price": "3.83",
            "revenue": 25469
        },
        "2006-08": {
            "month": "2006-08",
            "price": "3.76",
            "revenue": 22052
        },
        "2006-09": {
            "month": "2006-09",
            "price": "4.36",
            "revenue": 25560
        },
        "2006-10": {
            "month": "2006-10",
            "price": "5.28",
            "revenue": 26711
        },
        "2006-11": {
            "month": "2006-11",
            "price": "6.79",
            "revenue": 25946
        },
        "2006-12": {
            "month": "2006-12",
            "price": "10.32",
            "revenue": 29783
        },
        "2007-01": {
            "month": "2007-01",
            "price": "9.91",
            "revenue": 15697
        },
        "2007-02": {
            "month": "2007-02",
            "price": "9.38",
            "revenue": 10212
        },
        "2007-03": {
            "month": "2007-03",
            "price": "9.37",
            "revenue": 36550
        },
        "2007-04": {
            "month": "2007-04",
            "price": "9.51",
            "revenue": 44241
        },
        "2007-05": {
            "month": "2007-05",
            "price": "7.95",
            "revenue": 44790
        },
        "2007-06": {
            "month": "2007-06",
            "price": "8.52",
            "revenue": 30879
        },
        "2007-07": {
            "month": "2007-07",
            "price": "9.46",
            "revenue": 24979
        },
        "2007-08": {
            "month": "2007-08",
            "price": "7.90",
            "revenue": 25279
        },
        "2007-09": {
            "month": "2007-09",
            "price": "8.21",
            "revenue": 29985
        },
        "2007-10": {
            "month": "2007-10",
            "price": "7.98",
            "revenue": 39863
        },
        "2007-11": {
            "month": "2007-11",
            "price": "6.77",
            "revenue": 33639
        },
        "2007-12": {
            "month": "2007-12",
            "price": "5.66",
            "revenue": 23255
        },
        "2008-01": {
            "month": "2008-01",
            "price": "6.06",
            "revenue": 21236
        },
        "2008-02": {
            "month": "2008-02",
            "price": "6.82",
            "revenue": 18270
        },
        "2008-03": {
            "month": "2008-03",
            "price": "7.37",
            "revenue": 37155
        },
        "2008-04": {
            "month": "2008-04",
            "price": "7.49",
            "revenue": 41990
        },
        "2008-05": {
            "month": "2008-05",
            "price": "7.55",
            "revenue": 32689
        },
        "2008-06": {
            "month": "2008-06",
            "price": "6.32",
            "revenue": 24012
        },
        "2008-07": {
            "month": "2008-07",
            "price": "5.62",
            "revenue": 15799
        },
        "2008-08": {
            "month": "2008-08",
            "price": "5.60",
            "revenue": 21615
        },
        "2008-09": {
            "month": "2008-09",
            "price": "5.52",
            "revenue": 27750
        },
        "2008-10": {
            "month": "2008-10",
            "price": "4.91",
            "revenue": 31855
        },
        "2008-11": {
            "month": "2008-11",
            "price": "3.67",
            "revenue": 23939
        },
        "2008-12": {
            "month": "2008-12",
            "price": "3.53",
            "revenue": 24378
        },
        "2009-01": {
            "month": "2009-01",
            "price": "3.47",
            "revenue": 7518
        },
        "2009-02": {
            "month": "2009-02",
            "price": "3.48",
            "revenue": 16763
        },
        "2009-03": {
            "month": "2009-03",
            "price": "4.14",
            "revenue": 28008
        },
        "2009-04": {
            "month": "2009-04",
            "price": "5.27",
            "revenue": 24020
        },
        "2009-05": {
            "month": "2009-05",
            "price": "5.98",
            "revenue": 17734
        },
        "2009-06": {
            "month": "2009-06",
            "price": "5.55",
            "revenue": 20638
        },
        "2009-07": {
            "month": "2009-07",
            "price": "6.08",
            "revenue": 16105
        },
        "2009-08": {
            "month": "2009-08",
            "price": "6.30",
            "revenue": 12285
        },
        "2009-09": {
            "month": "2009-09",
            "price": "7.57",
            "revenue": 20169
        },
        "2009-10": {
            "month": "2009-10",
            "price": "8.20",
            "revenue": 22552
        },
        "2009-11": {
            "month": "2009-11",
            "price": "8.49",
            "revenue": 16609
        },
        "2009-12": {
            "month": "2009-12",
            "price": "8.59",
            "revenue": 17805
        },
        "2010-01": {
            "month": "2010-01",
            "price": "9.17",
            "revenue": 12414
        },
        "2010-02": {
            "month": "2010-02",
            "price": "9.22",
            "revenue": 12512
        },
        "2010-03": {
            "month": "2010-03",
            "price": "10.20",
            "revenue": 25742
        },
        "2010-04": {
            "month": "2010-04",
            "price": "11.96",
            "revenue": 22042
        },
        "2010-05": {
            "month": "2010-05",
            "price": "12.00",
            "revenue": 15134
        },
        "2010-06": {
            "month": "2010-06",
            "price": "10.80",
            "revenue": 12560
        },
        "2010-07": {
            "month": "2010-07",
            "price": "11.46",
            "revenue": 12454
        },
        "2010-08": {
            "month": "2010-08",
            "price": "11.39",
            "revenue": 11699
        },
        "2010-09": {
            "month": "2010-09",
            "price": "10.78",
            "revenue": 16872
        },
        "2010-10": {
            "month": "2010-10",
            "price": "10.67",
            "revenue": 17334
        },
        "2010-11": {
            "month": "2010-11",
            "price": "11.17",
            "revenue": 20849
        },
        "2010-12": {
            "month": "2010-12",
            "price": "15.97",
            "revenue": 20005
        },
        "2011-01": {
            "month": "2011-01",
            "price": "22.32",
            "revenue": 8313
        },
        "2011-02": {
            "month": "2011-02",
            "price": "20.76",
            "revenue": 10570
        },
        "2011-03": {
            "month": "2011-03",
            "price": "21.10",
            "revenue": 19266
        },
        "2011-04": {
            "month": "2011-04",
            "price": "22.56",
            "revenue": 19719
        },
        "2011-05": {
            "month": "2011-05",
            "price": "19.40",
            "revenue": 20661
        },
        "2011-06": {
            "month": "2011-06",
            "price": "21.77",
            "revenue": 15454
        },
        "2011-07": {
            "month": "2011-07",
            "price": "24.76",
            "revenue": 113622
        },
        "2011-08": {
            "month": "2011-08",
            "price": "29.36",
            "revenue": 129513
        },
        "2011-09": {
            "month": "2011-09",
            "price": "25.95",
            "revenue": 139259
        },
        "2011-10": {
            "month": "2011-10",
            "price": "22.73",
            "revenue": 117595
        },
        "2011-11": {
            "month": "2011-11",
            "price": "18.91",
            "revenue": 129360
        },
        "2011-12": {
            "month": "2011-12",
            "price": "16.22",
            "revenue": 131264
        },
        "2012-01": {
            "month": "2012-01",
            "price": "16.31",
            "revenue": 104968
        },
        "2012-02": {
            "month": "2012-02",
            "price": "21.97",
            "revenue": 126607
        },
        "2012-03": {
            "month": "2012-03",
            "price": "21.93",
            "revenue": 157824
        },
        "2012-04": {
            "month": "2012-04",
            "price": "23.03",
            "revenue": 128817
        },
        "2012-05": {
            "month": "2012-05",
            "price": "23.84",
            "revenue": 123257
        },
        "2012-06": {
            "month": "2012-06",
            "price": "23.61",
            "revenue": 110794
        },
        "2012-07": {
            "month": "2012-07",
            "price": "24.99",
            "revenue": 129130
        },
        "2012-08": {
            "month": "2012-08",
            "price": "18.24",
            "revenue": 150667
        },
        "2012-09": {
            "month": "2012-09",
            "price": "14.17",
            "revenue": 139523
        },
        "2012-10": {
            "month": "2012-10",
            "price": "11.25",
            "revenue": 164167
        },
        "2012-11": {
            "month": "2012-11",
            "price": "8.96",
            "revenue": 117307
        },
        "2012-12": {
            "month": "2012-12",
            "price": "10.33",
            "revenue": 109675
        },
        "2013-01": {
            "month": "2013-01",
            "price": "10.63",
            "revenue": 123776
        },
        "2013-02": {
            "month": "2013-02",
            "price": "10.52",
            "revenue": 85974
        },
        "2013-03": {
            "month": "2013-03",
            "price": "11.16",
            "revenue": 132499
        },
        "2013-04": {
            "month": "2013-04",
            "price": "12.04",
            "revenue": 123182
        },
        "2013-05": {
            "month": "2013-05",
            "price": "12.64",
            "revenue": 118847
        },
        "2013-06": {
            "month": "2013-06",
            "price": "12.60",
            "revenue": 101893
        },
        "2013-07": {
            "month": "2013-07",
            "price": "12.41",
            "revenue": 100225
        },
        "2013-08": {
            "month": "2013-08",
            "price": "11.74",
            "revenue": 95374
        },
        "2013-09": {
            "month": "2013-09",
            "price": "11.73",
            "revenue": 105526
        },
        "2013-10": {
            "month": "2013-10",
            "price": "12.05",
            "revenue": 107281
        },
        "2013-11": {
            "month": "2013-11",
            "price": "11.31",
            "revenue": 93629
        },
        "2013-12": {
            "month": "2013-12",
            "price": "11.05",
            "revenue": 98273
        },
        "2014-01": {
            "month": "2014-01",
            "price": "11.56",
            "revenue": 85888
        },
        "2014-02": {
            "month": "2014-02",
            "price": "12.95",
            "revenue": 69881
        },
        "2014-03": {
            "month": "2014-03",
            "price": "13.37",
            "revenue": 96944
        },
        "2014-04": {
            "month": "2014-04",
            "price": "13.05",
            "revenue": 82902
        },
        "2014-05": {
            "month": "2014-05",
            "price": "12.30",
            "revenue": 66865
        },
        "2014-06": {
            "month": "2014-06",
            "price": "12.12",
            "revenue": 54131
        },
        "2014-07": {
            "month": "2014-07",
            "price": "11.51",
            "revenue": 54530
        },
        "2014-08": {
            "month": "2014-08",
            "price": "12.23",
            "revenue": 66920
        },
        "2014-09": {
            "month": "2014-09",
            "price": "12.32",
            "revenue": 66969
        },
        "2014-10": {
            "month": "2014-10",
            "price": "11.76",
            "revenue": 57653
        },
        "2014-11": {
            "month": "2014-11",
            "price": "11.83",
            "revenue": 54958
        },
        "2014-12": {
            "month": "2014-12",
            "price": "12.32",
            "revenue": 53167
        },
        "2015-01": {
            "month": "2015-01",
            "price": "12.33",
            "revenue": 63752
        },
        "2015-02": {
            "month": "2015-02",
            "price": "12.08",
            "revenue": 47072
        },
        "2015-03": {
            "month": "2015-03",
            "price": "11.86",
            "revenue": 107397
        },
        "2015-04": {
            "month": "2015-04",
            "price": "11.46",
            "revenue": 113872
        },
        "2015-05": {
            "month": "2015-05",
            "price": "11.78",
            "revenue": 101978
        },
        "2015-06": {
            "month": "2015-06",
            "price": "11.47",
            "revenue": 91178
        },
        "2015-07": {
            "month": "2015-07",
            "price": "10.56",
            "revenue": 58285
        },
        "2015-08": {
            "month": "2015-08",
            "price": "9.82",
            "revenue": 66356
        },
        "2015-09": {
            "month": "2015-09",
            "price": "9.89",
            "revenue": 63288
        },
        "2015-10": {
            "month": "2015-10",
            "price": "10.05",
            "revenue": 55386
        },
        "2015-11": {
            "month": "2015-11",
            "price": "10.07",
            "revenue": 43092
        },
        "2015-12": {
            "month": "2015-12",
            "price": "9.82",
            "revenue": 35834
        },
        "2016-01": {
            "month": "2016-01",
            "price": "9.79",
            "revenue": 43310
        },
        "2016-02": {
            "month": "2016-02",
            "price": "9.89",
            "revenue": 30066
        },
        "2016-03": {
            "month": "2016-03",
            "price": "10.72",
            "revenue": 51210
        },
        "2016-04": {
            "month": "2016-04",
            "price": "10.50",
            "revenue": 56238
        },
        "2016-05": {
            "month": "2016-05",
            "price": "10.84",
            "revenue": 51188
        },
        "2016-06": {
            "month": "2016-06",
            "price": "11.35",
            "revenue": 42817
        },
        "2016-07": {
            "month": "2016-07",
            "price": "11.14",
            "revenue": 38032
        },
        "2016-08": {
            "month": "2016-08",
            "price": "11.12",
            "revenue": 44151
        },
        "2016-09": {
            "month": "2016-09",
            "price": "11.06",
            "revenue": 55731
        },
        "2016-10": {
            "month": "2016-10",
            "price": "10.82",
            "revenue": 62997
        },
        "2016-11": {
            "month": "2016-11",
            "price": "10.58",
            "revenue": 66895
        },
        "2016-12": {
            "month": "2016-12",
            "price": "10.90",
            "revenue": 54349
        },
        "2017-01": {
            "month": "2017-01",
            "price": "12.01",
            "revenue": 45334
        },
        "2017-02": {
            "month": "2017-02",
            "price": "21.00",
            "revenue": 43091
        },
        "2017-03": {
            "month": "2017-03",
            "price": "25.14",
            "revenue": 68398
        },
        "2017-04": {
            "month": "2017-04",
            "price": "24.67",
            "revenue": 52825
        },
        "2017-05": {
            "month": "2017-05",
            "price": "25.71",
            "revenue": 62355
        },
        "2017-06": {
            "month": "2017-06",
            "price": "25.27",
            "revenue": 47923
        },
        "2017-07": {
            "month": "2017-07",
            "price": "25.89",
            "revenue": 49467
        },
        "2017-08": {
            "month": "2017-08",
            "price": "25.50",
            "revenue": 53905
        },
        "2017-09": {
            "month": "2017-09",
            "price": "26.50",
            "revenue": 181402
        },
        "2017-10": {
            "month": "2017-10",
            "price": "27.17",
            "revenue": 239622
        },
        "2017-11": {
            "month": "2017-11",
            "price": "25.76",
            "revenue": 401629
        },
        "2017-12": {
            "month": "2017-12",
            "price": "24.04",
            "revenue": 910391
        },
        "2018-01": {
            "month": "2018-01",
            "price": "24.01",
            "revenue": 173378
        },
        "2018-02": {
            "month": "2018-02",
            "price": "20.73",
            "revenue": 216878
        },
        "2018-03": {
            "month": "2018-03",
            "price": "21.10",
            "revenue": 373961
        },
        "2018-04": {
            "month": "2018-04",
            "price": "22.38",
            "revenue": 121862
        },
        "2018-05": {
            "month": "2018-05",
            "price": "21.76",
            "revenue": 212680
        },
        "2018-06": {
            "month": "2018-06",
            "price": "22.18",
            "revenue": 95875
        },
        "2018-07": {
            "month": "2018-07",
            "price": "19.02",
            "revenue": 40324
        },
        "2018-08": {
            "month": "2018-08",
            "price": "19.05",
            "revenue": 104825
        },
        "2018-09": {
            "month": "2018-09",
            "price": "18.43",
            "revenue": 47674
        },
        "2018-10": {
            "month": "2018-10",
            "price": "17.70",
            "revenue": 43392
        },
        "2018-11": {
            "month": "2018-11",
            "price": "15.43",
            "revenue": 45708
        },
        "2018-12": {
            "month": "2018-12",
            "price": "12.33",
            "revenue": 49828
        },
        "2019-01": {
            "month": "2019-01",
            "price": "12.21",
            "revenue": 51667
        },
        "2019-02": {
            "month": "2019-02",
            "price": "12.91",
            "revenue": 34224
        },
        "2019-03": {
            "month": "2019-03",
            "price": "14.64",
            "revenue": 48353
        },
        "2019-04": {
            "month": "2019-04",
            "price": "16.33",
            "revenue": 48168
        },
        "2019-05": {
            "month": "2019-05",
            "price": "15.25",
            "revenue": 47647
        },
        "2019-06": {
            "month": "2019-06",
            "price": "15.10",
            "revenue": 38739
        },
        "2019-07": {
            "month": "2019-07",
            "price": "15.52",
            "revenue": 36762
        },
        "2019-08": {
            "month": "2019-08",
            "price": "12.14",
            "revenue": 35488
        },
        "2019-09": {
            "month": "2019-09",
            "price": "12.62",
            "revenue": 78568
        },
        "2019-10": {
            "month": "2019-10",
            "price": "13.21",
            "revenue": 44975
        },
        "2019-11": {
            "month": "2019-11",
            "price": "13.33",
            "revenue": 46963
        },
        "2019-12": {
            "month": "2019-12",
            "price": "13.95",
            "revenue": 313186
        },
        "2020-01": {
            "month": "2020-01",
            "price": "13.54",
            "revenue": 30363
        },
        "2020-02": {
            "month": "2020-02",
            "price": "12.52",
            "revenue": 38705
        },
        "2020-03": {
            "month": "2020-03",
            "price": "9.80",
            "revenue": 106731
        },
        "2020-04": {
            "month": "2020-04",
            "price": "9.70",
            "revenue": 219677
        },
        "2020-05": {
            "month": "2020-05",
            "price": "11.17",
            "revenue": 103425
        },
        "2020-06": {
            "month": "2020-06",
            "price": "11.46",
            "revenue": 356108
        },
        "2020-07": {
            "month": "2020-07",
            "price": "12.97",
            "revenue": 46213
        },
        "2020-08": {
            "month": "2020-08",
            "price": "12.10",
            "revenue": 38646
        },
        "2020-09": {
            "month": "2020-09",
            "price": "11.62",
            "revenue": 54133
        },
        "2020-10": {
            "month": "2020-10",
            "price": "11.54",
            "revenue": 63269
        },
        "2020-11": {
            "month": "2020-11",
            "price": "11.57",
            "revenue": 144820
        },
        "2020-12": {
            "month": "2020-12",
            "price": "12.30",
            "revenue": 49163
        },
        "2021-01": {
            "month": "2021-01",
            "price": "11.87",
            "revenue": 107981
        },
        "2021-02": {
            "month": "2021-02",
            "price": "12.16",
            "revenue": 44527
        },
        "2021-03": {
            "month": "2021-03",
            "price": "11.92",
            "revenue": 65446
        },
        "2021-04": {
            "month": "2021-04",
            "price": "12.18",
            "revenue": 110280
        },
        "2021-05": {
            "month": "2021-05",
            "price": "11.78",
            "revenue": 135104
        },
        "2021-06": {
            "month": "2021-06",
            "price": "11.64",
            "revenue": 29269
        },
        "2021-07": {
            "month": "2021-07",
            "price": "12.72",
            "revenue": 81525
        },
        "2021-08": {
            "month": "2021-08",
            "price": "12.17",
            "revenue": 119723
        },
        "2021-09": {
            "month": "2021-09",
            "price": "13.48",
            "revenue": 129731
        },
        "2021-10": {
            "month": "2021-10",
            "price": "14.47",
            "revenue": 93411
        },
        "2021-11": {
            "month": "2021-11",
            "price": "18.92",
            "revenue": 73618
        },
        "2021-12": {
            "month": "2021-12",
            "price": "20.49",
            "revenue": 77215
        },
        "2022-01": {
            "month": "2022-01",
            "price": "22.41",
            "revenue": 104175
        },
        "2022-02": {
            "month": "2022-02",
            "price": "22.39",
            "revenue": 90609
        },
        "2022-03": {
            "month": "2022-03",
            "price": "20.11",
            "revenue": 156365
        },
        "2022-04": {
            "month": "2022-04",
            "price": "18.81",
            "revenue": 251232
        },
        "2022-05": {
            "month": "2022-05",
            "price": "19.12",
            "revenue": 268193
        },
        "2022-06": {
            "month": "2022-06",
            "price": "17.44",
            "revenue": 298544
        },
        "2022-07": {
            "month": "2022-07",
            "price": "15.39",
            "revenue": 356587
        },
        "2022-08": {
            "month": "2022-08",
            "price": "15.16",
            "revenue": 180206
        },
        "2022-09": {
            "month": "2022-09",
            "price": "14.45",
            "revenue": 209883
        },
        "2022-10": {
            "month": "2022-10",
            "price": "12.47",
            "revenue": 177671
        },
        "2022-11": {
            "month": "2022-11",
            "price": "12.46",
            "revenue": 77036
        },
        "2022-12": {
            "month": "2022-12",
            "price": "12.50",
            "revenue": 91511
        },
        "2023-01": {
            "month": "2023-01",
            "price": "11.88",
            "revenue": 47445
        },
        "2023-02": {
            "month": "2023-02",
            "price": "12.17",
            "revenue": 205683
        },
        "2023-03": {
            "month": "2023-03",
            "price": "12.88",
            "revenue": 63048
        },
        "2023-04": {
            "month": "2023-04",
            "price": "13.50",
            "revenue": 87258
        },
        "2023-05": {
            "month": "2023-05",
            "price": "13.24",
            "revenue": 42591
        }
    }
}
