{
    "summary": {
        "stock_name": "東陽",
        "stock_id": "1319",
        "category": "汽車",
        "main_business": "汽機車零件製造買賣<br>各項模具製造買賣",
        "website_url": "http://www.tyg.com.tw",
        "ceo": "吳永祥",
        "pe_ratio": 24,
        "report_year_from": 2001,
        "report_year_to": 2023,
        "age": 23,
        "eps_negative_percentage": 0,
        "eps_growth_avg": {
            "last_all": 15.14,
            "last_2y": 29.12,
            "last_4y": 6.36,
            "last_8y": 15.64,
            "last_12y": 9.2,
            "last_16y": 11.61,
            "last_20y": 11.1,
            "at_2006_last_3y": 8.96,
            "at_2007_last_3y": 0.64,
            "at_2008_last_3y": -12.25,
            "at_2009_last_3y": 15.47,
            "at_2010_last_3y": 19.43,
            "at_2011_last_3y": 2.58,
            "at_2012_last_3y": 6.16,
            "at_2013_last_3y": -3.74,
            "at_2014_last_3y": -5.3,
            "at_2015_last_3y": 20.15,
            "at_2016_last_3y": 39.19,
            "at_2017_last_3y": 23.29,
            "at_2018_last_3y": 27.25,
            "at_2019_last_3y": 6.2,
            "at_2020_last_3y": -19.16,
            "at_2021_last_3y": -22.35,
            "at_2022_last_3y": 7.13,
            "at_2023_last_3y": 7.11,
            "at_2024_last_3y": 7.11,
            "at_2006_last_all": 27.17,
            "at_2007_last_all": 31.5,
            "at_2008_last_all": 20.15,
            "at_2009_last_all": 30.13,
            "at_2010_last_all": 23.73,
            "at_2011_last_all": 19.93,
            "at_2012_last_all": 15.06,
            "at_2013_last_all": 18.84,
            "at_2014_last_all": 14.79,
            "at_2015_last_all": 19.99,
            "at_2016_last_all": 21.49,
            "at_2017_last_all": 19.95,
            "at_2018_last_all": 17.72,
            "at_2019_last_all": 16.93,
            "at_2020_last_all": 12.94,
            "at_2021_last_all": 11.49,
            "at_2022_last_all": 15.71,
            "at_2023_last_all": 15.14,
            "at_2024_last_all": 15.14
        },
        "latest_eps": 4.34,
        "latest_price": 103,
        "latest_roe": 10.49,
        "latest_gross_margin": 30.19,
        "latest_equity": 25333907,
        "latest_revenue": 6154072,
        "latest_gross_profit": 1858001,
        "latest_net_income": 987956,
        "latest_debt_ratio": 26.06,
        "latest_current_ratio": 166.02,
        "latest_account_receivable_turnover_ratio": 1.35,
        "latest_inventory_turnover_ratio": 1.57,
        "latest_reinvestment_rate": -66.57,
        "latest_research_to_sale_ratio": 2.18
    },
    "eps_dividends": {
        "1994": {
            "cash": 0,
            "stock": 2.8,
            "eps": 0
        },
        "1996": {
            "cash": 0,
            "stock": 1.5,
            "eps": 0
        },
        "1997": {
            "cash": 0,
            "stock": 2.5,
            "eps": 0
        },
        "1999": {
            "cash": 1.1,
            "stock": 1,
            "eps": 0
        },
        "2000": {
            "cash": 0,
            "stock": 0.5,
            "eps": 0
        },
        "2001": {
            "cash": 0,
            "stock": 0,
            "eps": 0.7
        },
        "2002": {
            "cash": 0.25,
            "stock": 0.25,
            "eps": 1.62
        },
        "2003": {
            "cash": 0.95,
            "stock": 0.3,
            "eps": 3.02
        },
        "2004": {
            "cash": 1.79,
            "stock": 0.3,
            "eps": 3.13
        },
        "2005": {
            "cash": 1.99,
            "stock": 0,
            "eps": 2.79
        },
        "2006": {
            "cash": 1.5,
            "stock": 0,
            "eps": 1.58
        },
        "2007": {
            "cash": 0.5,
            "stock": 0.3,
            "eps": 2.42
        },
        "2008": {
            "cash": 0.55,
            "stock": 0.6,
            "eps": 1.26
        },
        "2009": {
            "cash": 0.3,
            "stock": 0.3,
            "eps": 3.49
        },
        "2010": {
            "cash": 1.45,
            "stock": 0,
            "eps": 2.53
        },
        "2011": {
            "cash": 0.7,
            "stock": 1.1,
            "eps": 2.17
        },
        "2012": {
            "cash": 0,
            "stock": 0,
            "eps": 1.44
        },
        "2013": {
            "cash": 0.35,
            "stock": 0.25,
            "eps": 2.31
        },
        "2014": {
            "cash": 1.1,
            "stock": 0,
            "eps": 1.53
        },
        "2015": {
            "cash": 0.74,
            "stock": 0,
            "eps": 2.87
        },
        "2016": {
            "cash": 1.4,
            "stock": 0,
            "eps": 4.09
        },
        "2017": {
            "cash": 2.12,
            "stock": 0,
            "eps": 3.96
        },
        "2018": {
            "cash": 2.05,
            "stock": 0,
            "eps": 3.25
        },
        "2019": {
            "cash": 1.7,
            "stock": 0,
            "eps": 3.36
        },
        "2020": {
            "cash": 1.8,
            "stock": 0,
            "eps": 1.38
        },
        "2021": {
            "cash": 0.8,
            "stock": 0,
            "eps": 1.16
        },
        "2022": {
            "cash": 0.85,
            "stock": 0,
            "eps": 3.64
        },
        "2023": {
            "cash": 2.5,
            "stock": 0,
            "eps": 3.76
        }
    },
    "dividends": {
        "1994-05-29": {
            "cash": 0,
            "stock": 2.8
        },
        "1996-06-07": {
            "cash": 0,
            "stock": 1.5
        },
        "1997-05-28": {
            "cash": 0,
            "stock": 2.5
        },
        "1999-06-08": {
            "cash": 1.1,
            "stock": 1
        },
        "2000-05-25": {
            "cash": 0,
            "stock": 0.5
        },
        "2002-06-25": {
            "cash": 0.25,
            "stock": 0.25
        },
        "2003-04-01": {
            "cash": 0.95,
            "stock": 0.3
        },
        "2004-03-25": {
            "cash": 1.79,
            "stock": 0.3
        },
        "2005-03-28": {
            "cash": 1.99,
            "stock": 0
        },
        "2006-04-06": {
            "cash": 1.5,
            "stock": 0
        },
        "2007-04-02": {
            "cash": 0.5,
            "stock": 0.3
        },
        "2008-03-25": {
            "cash": 0.55,
            "stock": 0.6
        },
        "2009-04-06": {
            "cash": 0.3,
            "stock": 0.3
        },
        "2010-03-29": {
            "cash": 1.45,
            "stock": 0
        },
        "2011-01-01": {
            "cash": 0.3,
            "stock": 0.4
        },
        "2011-03-28": {
            "cash": 0.4,
            "stock": 0.7
        },
        "2013-03-21": {
            "cash": 0.35,
            "stock": 0.25
        },
        "2014-08-22": {
            "cash": 1.1,
            "stock": 0
        },
        "2015-09-08": {
            "cash": 0.74,
            "stock": 0
        },
        "2016-08-19": {
            "cash": 1.4,
            "stock": 0
        },
        "2017-08-10": {
            "cash": 2.12,
            "stock": 0
        },
        "2018-08-10": {
            "cash": 2.05,
            "stock": 0
        },
        "2019-08-15": {
            "cash": 1.7,
            "stock": 0
        },
        "2020-07-17": {
            "cash": 1.8,
            "stock": 0
        },
        "2021-07-22": {
            "cash": 0.8,
            "stock": 0
        },
        "2022-07-20": {
            "cash": 0.85,
            "stock": 0
        },
        "2023-06-26": {
            "cash": 2.5,
            "stock": 0
        }
    },
    "prices": {
        "200101": "14.31",
        "200102": "14.56",
        "200103": "14.82",
        "200104": "15.14",
        "200105": "13.65",
        "200106": "13.42",
        "200107": "13.35",
        "200108": "14.00",
        "200109": "13.35",
        "200110": "12.85",
        "200111": "13.37",
        "200112": "14.54",
        "200201": "14.39",
        "200202": "14.38",
        "200203": "16.39",
        "200204": "20.55",
        "200205": "20.45",
        "200206": "22.66",
        "200207": "23.03",
        "200208": "22.79",
        "200209": "23.92",
        "200210": "26.00",
        "200211": "27.31",
        "200212": "29.51",
        "200301": "34.11",
        "200302": "37.92",
        "200303": "38.91",
        "200304": "42.89",
        "200305": "44.42",
        "200306": "43.62",
        "200307": "44.97",
        "200308": "45.66",
        "200309": "42.69",
        "200310": "51.28",
        "200311": "54.38",
        "200312": "52.28",
        "200401": "51.25",
        "200402": "53.56",
        "200403": "56.48",
        "200404": "57.02",
        "200405": "53.19",
        "200406": "54.40",
        "200407": "54.05",
        "200408": "50.48",
        "200409": "50.57",
        "200410": "47.62",
        "200411": "47.55",
        "200412": "48.52",
        "200501": "48.15",
        "200502": "46.35",
        "200503": "44.18",
        "200504": "43.12",
        "200505": "42.49",
        "200506": "46.21",
        "200507": "44.32",
        "200508": "42.90",
        "200509": "41.15",
        "200510": "41.16",
        "200511": "40.19",
        "200512": "40.19",
        "200601": "38.66",
        "200602": "38.18",
        "200603": "38.04",
        "200604": "41.56",
        "200605": "37.44",
        "200606": "32.26",
        "200607": "28.96",
        "200608": "24.25",
        "200609": "21.96",
        "200610": "25.84",
        "200611": "25.34",
        "200612": "25.39",
        "200701": "27.32",
        "200702": "27.61",
        "200703": "31.77",
        "200704": "32.76",
        "200705": "29.72",
        "200706": "32.86",
        "200707": "35.81",
        "200708": "37.07",
        "200709": "38.83",
        "200710": "35.28",
        "200711": "29.69",
        "200712": "27.44",
        "200801": "27.17",
        "200802": "29.11",
        "200803": "28.11",
        "200804": "28.69",
        "200805": "27.78",
        "200806": "23.67",
        "200807": "22.02",
        "200808": "22.53",
        "200809": "18.40",
        "200810": "14.70",
        "200811": "11.54",
        "200812": "11.05",
        "200901": "11.61",
        "200902": "13.85",
        "200903": "17.60",
        "200904": "25.13",
        "200905": "34.37",
        "200906": "29.60",
        "200907": "34.23",
        "200908": "36.85",
        "200909": "43.38",
        "200910": "49.20",
        "200911": "54.34",
        "200912": "57.57",
        "201001": "53.24",
        "201002": "47.97",
        "201003": "54.79",
        "201004": "57.03",
        "201005": "50.27",
        "201006": "45.78",
        "201007": "47.93",
        "201008": "52.64",
        "201009": "50.69",
        "201010": "50.34",
        "201011": "46.15",
        "201012": "45.01",
        "201101": "41.87",
        "201102": "37.64",
        "201103": "41.04",
        "201104": "41.65",
        "201105": "38.49",
        "201106": "35.84",
        "201107": "38.75",
        "201108": "33.35",
        "201109": "28.93",
        "201110": "29.39",
        "201111": "30.85",
        "201112": "32.14",
        "201201": "32.94",
        "201202": "35.96",
        "201203": "34.10",
        "201204": "29.69",
        "201205": "28.95",
        "201206": "28.31",
        "201207": "28.57",
        "201208": "29.18",
        "201209": "28.80",
        "201210": "26.78",
        "201211": "23.23",
        "201212": "25.35",
        "201301": "26.27",
        "201302": "27.30",
        "201303": "27.65",
        "201304": "29.52",
        "201305": "32.31",
        "201306": "34.24",
        "201307": "39.57",
        "201308": "41.15",
        "201309": "43.56",
        "201310": "46.01",
        "201311": "44.87",
        "201312": "46.04",
        "201401": "42.16",
        "201402": "42.74",
        "201403": "43.86",
        "201404": "44.10",
        "201405": "42.08",
        "201406": "41.71",
        "201407": "38.10",
        "201408": "37.26",
        "201409": "34.84",
        "201410": "30.67",
        "201411": "32.74",
        "201412": "35.22",
        "201501": "37.60",
        "201502": "38.05",
        "201503": "37.78",
        "201504": "36.56",
        "201505": "34.18",
        "201506": "30.44",
        "201507": "31.79",
        "201508": "30.51",
        "201509": "29.63",
        "201510": "34.93",
        "201511": "37.43",
        "201512": "38.86",
        "201601": "42.70",
        "201602": "46.30",
        "201603": "46.92",
        "201604": "51.11",
        "201605": "48.14",
        "201606": "48.27",
        "201607": "52.37",
        "201608": "60.05",
        "201609": "67.35",
        "201610": "73.28",
        "201611": "66.48",
        "201612": "63.66",
        "201701": "59.37",
        "201702": "60.16",
        "201703": "57.34",
        "201704": "51.59",
        "201705": "52.14",
        "201706": "54.43",
        "201707": "58.28",
        "201708": "55.70",
        "201709": "59.75",
        "201710": "63.62",
        "201711": "58.90",
        "201712": "56.80",
        "201801": "56.30",
        "201802": "52.22",
        "201803": "52.83",
        "201804": "53.85",
        "201805": "51.50",
        "201806": "49.62",
        "201807": "44.21",
        "201808": "45.29",
        "201809": "42.41",
        "201810": "37.95",
        "201811": "38.05",
        "201812": "37.87",
        "201901": "38.64",
        "201902": "38.52",
        "201903": "39.93",
        "201904": "42.44",
        "201905": "43.16",
        "201906": "42.95",
        "201907": "46.00",
        "201908": "44.36",
        "201909": "47.60",
        "201910": "46.93",
        "201911": "45.97",
        "201912": "46.21",
        "202001": "45.57",
        "202002": "41.07",
        "202003": "33.33",
        "202004": "33.90",
        "202005": "36.14",
        "202006": "38.86",
        "202007": "36.47",
        "202008": "36.95",
        "202009": "37.46",
        "202010": "37.98",
        "202011": "38.60",
        "202012": "38.35",
        "202101": "37.36",
        "202102": "35.89",
        "202103": "36.42",
        "202104": "37.58",
        "202105": "33.73",
        "202106": "34.25",
        "202107": "36.60",
        "202108": "34.82",
        "202109": "34.11",
        "202110": "33.65",
        "202111": "33.50",
        "202112": "33.00",
        "202201": "32.51",
        "202202": "32.83",
        "202203": "31.77",
        "202204": "32.71",
        "202205": "35.49",
        "202206": "43.76",
        "202207": "48.12",
        "202208": "50.58",
        "202209": "53.29",
        "202210": "46.84",
        "202211": "45.52",
        "202212": "45.29",
        "202301": "43.21",
        "202302": "44.28",
        "202303": "44.97",
        "202304": "47.27",
        "202305": "49.26",
        "202306": "52.16",
        "202307": "53.63",
        "202308": "61.49",
        "202309": "74.13",
        "202310": "79.20",
        "202311": "76.90",
        "202312": "80.18"
    },
    "quarters": {
        "20011": {
            "year_quarter": 20011,
            "year": 2001,
            "quarter": 1,
            "eps": 0.09,
            "eps_growth_year": -40,
            "eps_4q": -0.3,
            "eps_4q_growth_year": -232.41,
            "roe": 0.81,
            "roe_4q": 0.81,
            "gross_profit": 289389,
            "gross_margin": 20.54,
            "gross_margin_4q_avg": 20.54,
            "net_income": 35802,
            "net_income_4q": null,
            "revenue": 1409050,
            "revenue_4q": null,
            "common_shares": 3883229,
            "book_valuer_per_share": 11.3,
            "book_valuer_per_share_4q_avg": 11.3,
            "equity": 4386721,
            "current_ratio": 87.8,
            "debt_ratio": 51.27,
            "inventory_turnover_ratio": 2.5,
            "account_receivable_turnover_ratio": null,
            "reinvestment_rate": null,
            "research_to_sale_ratio": null,
            "price_fair": 0,
            "eps_avg_yearly": 0,
            "eps_latest_yearly": 0,
            "eps_growth_yearly": 0
        },
        "20012": {
            "year_quarter": 20012,
            "year": 2001,
            "quarter": 2,
            "eps": 0.25,
            "eps_growth_year": null,
            "eps_4q": 0.08,
            "eps_4q_growth_year": 86.73,
            "roe": 2.16,
            "roe_4q": 2.97,
            "gross_profit": 318265,
            "gross_margin": 22.71,
            "gross_margin_4q_avg": 21.63,
            "net_income": 95111,
            "net_income_4q": null,
            "revenue": 1401328,
            "revenue_4q": null,
            "common_shares": 3883230,
            "book_valuer_per_share": 11.39,
            "book_valuer_per_share_4q_avg": 11.35,
            "equity": 4424141,
            "current_ratio": 94.34,
            "debt_ratio": 49.7,
            "inventory_turnover_ratio": 3.09,
            "account_receivable_turnover_ratio": null,
            "reinvestment_rate": null,
            "research_to_sale_ratio": null,
            "price_fair": 0,
            "eps_avg_yearly": 0,
            "eps_latest_yearly": 0,
            "eps_growth_yearly": 0
        },
        "20013": {
            "year_quarter": 20013,
            "year": 2001,
            "quarter": 3,
            "eps": 0.23,
            "eps_growth_year": null,
            "eps_4q": 0.53,
            "eps_4q_growth_year": null,
            "roe": 1.94,
            "roe_4q": 4.91,
            "gross_profit": 284352,
            "gross_margin": 22.29,
            "gross_margin_4q_avg": 21.85,
            "net_income": 86842,
            "net_income_4q": null,
            "revenue": 1275683,
            "revenue_4q": null,
            "common_shares": 3883230,
            "book_valuer_per_share": 11.65,
            "book_valuer_per_share_4q_avg": 11.45,
            "equity": 4525055,
            "current_ratio": 94.71,
            "debt_ratio": 48.42,
            "inventory_turnover_ratio": 2.96,
            "account_receivable_turnover_ratio": null,
            "reinvestment_rate": null,
            "research_to_sale_ratio": null,
            "price_fair": 0,
            "eps_avg_yearly": 0,
            "eps_latest_yearly": 0,
            "eps_growth_yearly": 0
        },
        "20014": {
            "year_quarter": 20014,
            "year": 2001,
            "quarter": 4,
            "eps": 0.13,
            "eps_growth_year": null,
            "eps_4q": 0.69,
            "eps_4q_growth_year": null,
            "roe": 1.12,
            "roe_4q": 6.030000000000001,
            "gross_profit": 301479,
            "gross_margin": 22.83,
            "gross_margin_4q_avg": 22.09,
            "net_income": 50149,
            "net_income_4q": null,
            "revenue": 1320447,
            "revenue_4q": null,
            "common_shares": 3883230,
            "book_valuer_per_share": 10.64,
            "book_valuer_per_share_4q_avg": 11.25,
            "equity": 4458509,
            "current_ratio": 67.43,
            "debt_ratio": 59.2,
            "inventory_turnover_ratio": 2.6,
            "account_receivable_turnover_ratio": null,
            "reinvestment_rate": null,
            "research_to_sale_ratio": null,
            "price_fair": 0,
            "eps_avg_yearly": 0,
            "eps_latest_yearly": 0,
            "eps_growth_yearly": 0
        },
        "20021": {
            "year_quarter": 20021,
            "year": 2002,
            "quarter": 1,
            "eps": 0.43,
            "eps_growth_year": 377.78,
            "eps_4q": 1.12,
            "eps_4q_growth_year": null,
            "roe": 3.33,
            "roe_4q": 8.55,
            "gross_profit": 347024,
            "gross_margin": 27.43,
            "gross_margin_4q_avg": 23.82,
            "net_income": 145368,
            "net_income_4q": null,
            "revenue": 1264966,
            "revenue_4q": null,
            "common_shares": 3883230,
            "book_valuer_per_share": 10.98,
            "book_valuer_per_share_4q_avg": 11.17,
            "equity": 4263856,
            "current_ratio": 102.53,
            "debt_ratio": 50.63,
            "inventory_turnover_ratio": 2.55,
            "account_receivable_turnover_ratio": null,
            "reinvestment_rate": null,
            "research_to_sale_ratio": null,
            "price_fair": 60.2,
            "eps_avg_yearly": 1.72,
            "eps_latest_yearly": 1.72,
            "eps_growth_yearly": 923.08
        },
        "20022": {
            "year_quarter": 20022,
            "year": 2002,
            "quarter": 2,
            "eps": 0.4,
            "eps_growth_year": 60,
            "eps_4q": 1.2,
            "eps_4q_growth_year": 1478.82,
            "roe": 3.3,
            "roe_4q": 9.69,
            "gross_profit": 419721,
            "gross_margin": 28.36,
            "gross_margin_4q_avg": 25.23,
            "net_income": 141071,
            "net_income_4q": null,
            "revenue": 1479894,
            "revenue_4q": null,
            "common_shares": 3883230,
            "book_valuer_per_share": 11.05,
            "book_valuer_per_share_4q_avg": 11.08,
            "equity": 4292124,
            "current_ratio": 98.52,
            "debt_ratio": 50.74,
            "inventory_turnover_ratio": 3.85,
            "account_receivable_turnover_ratio": null,
            "reinvestment_rate": null,
            "research_to_sale_ratio": null,
            "price_fair": 58.1,
            "eps_avg_yearly": 1.66,
            "eps_latest_yearly": 1.6,
            "eps_growth_yearly": 447.58
        },
        "20023": {
            "year_quarter": 20023,
            "year": 2002,
            "quarter": 3,
            "eps": 0.35,
            "eps_growth_year": 52.17,
            "eps_4q": 1.3,
            "eps_4q_growth_year": 144.82,
            "roe": 2.83,
            "roe_4q": 10.580000000000002,
            "gross_profit": 339937,
            "gross_margin": 24.76,
            "gross_margin_4q_avg": 25.85,
            "net_income": 124089,
            "net_income_4q": null,
            "revenue": 1373173,
            "revenue_4q": null,
            "common_shares": 3977186,
            "book_valuer_per_share": 11.27,
            "book_valuer_per_share_4q_avg": 10.99,
            "equity": 4482492,
            "current_ratio": 92.11,
            "debt_ratio": 48.53,
            "inventory_turnover_ratio": 3.47,
            "account_receivable_turnover_ratio": null,
            "reinvestment_rate": null,
            "research_to_sale_ratio": null,
            "price_fair": 55.07,
            "eps_avg_yearly": 1.57,
            "eps_latest_yearly": 1.4,
            "eps_growth_yearly": 281.72
        },
        "20024": {
            "year_quarter": 20024,
            "year": 2002,
            "quarter": 4,
            "eps": 0.44,
            "eps_growth_year": 238.46,
            "eps_4q": 1.61,
            "eps_4q_growth_year": 131.81,
            "roe": 3.21,
            "roe_4q": 12.67,
            "gross_profit": 413665,
            "gross_margin": 27.15,
            "gross_margin_4q_avg": 26.93,
            "net_income": 154404,
            "net_income_4q": null,
            "revenue": 1523390,
            "revenue_4q": null,
            "common_shares": 3707344,
            "book_valuer_per_share": 12.74,
            "book_valuer_per_share_4q_avg": 11.51,
            "equity": 5144445,
            "current_ratio": 88.93,
            "debt_ratio": 51.25,
            "inventory_turnover_ratio": 2.67,
            "account_receivable_turnover_ratio": null,
            "reinvestment_rate": 57,
            "research_to_sale_ratio": null,
            "price_fair": 56.7,
            "eps_avg_yearly": 1.62,
            "eps_latest_yearly": 1.76,
            "eps_growth_yearly": 237.01
        },
        "20031": {
            "year_quarter": 20031,
            "year": 2003,
            "quarter": 1,
            "eps": 0.61,
            "eps_growth_year": 41.86,
            "eps_4q": 1.78,
            "eps_4q_growth_year": 59.38,
            "roe": 4.31,
            "roe_4q": 13.649999999999999,
            "gross_profit": 438793,
            "gross_margin": 27.52,
            "gross_margin_4q_avg": 26.95,
            "net_income": 218832,
            "net_income_4q": null,
            "revenue": 1594171,
            "revenue_4q": null,
            "common_shares": 3707344,
            "book_valuer_per_share": 13.54,
            "book_valuer_per_share_4q_avg": 12.15,
            "equity": 5020943,
            "current_ratio": 97.06,
            "debt_ratio": 44.58,
            "inventory_turnover_ratio": 2.64,
            "account_receivable_turnover_ratio": null,
            "reinvestment_rate": -21.32,
            "research_to_sale_ratio": null,
            "price_fair": 62.44,
            "eps_avg_yearly": 1.78,
            "eps_latest_yearly": 2.44,
            "eps_growth_yearly": 220.51
        },
        "20032": {
            "year_quarter": 20032,
            "year": 2003,
            "quarter": 2,
            "eps": 1.25,
            "eps_growth_year": 212.5,
            "eps_4q": 2.59,
            "eps_4q_growth_year": 115.31,
            "roe": 9.14,
            "roe_4q": 19.490000000000002,
            "gross_profit": 469311,
            "gross_margin": 27.88,
            "gross_margin_4q_avg": 26.83,
            "net_income": 465632,
            "net_income_4q": null,
            "revenue": 1683348,
            "revenue_4q": null,
            "common_shares": 3707344,
            "book_valuer_per_share": 13.93,
            "book_valuer_per_share_4q_avg": 12.87,
            "equity": 5162549,
            "current_ratio": 88.95,
            "debt_ratio": 44.93,
            "inventory_turnover_ratio": 3.45,
            "account_receivable_turnover_ratio": null,
            "reinvestment_rate": -7.58,
            "research_to_sale_ratio": null,
            "price_fair": 81.2,
            "eps_avg_yearly": 2.32,
            "eps_latest_yearly": 5,
            "eps_growth_yearly": 253.71
        },
        "20033": {
            "year_quarter": 20033,
            "year": 2003,
            "quarter": 3,
            "eps": 0.56,
            "eps_growth_year": 60,
            "eps_4q": 2.82,
            "eps_4q_growth_year": 116.76,
            "roe": 3.97,
            "roe_4q": 20.630000000000003,
            "gross_profit": 463932,
            "gross_margin": 28.02,
            "gross_margin_4q_avg": 27.64,
            "net_income": 208179,
            "net_income_4q": null,
            "revenue": 1655779,
            "revenue_4q": null,
            "common_shares": 3817003,
            "book_valuer_per_share": 13.98,
            "book_valuer_per_share_4q_avg": 13.55,
            "equity": 5336909,
            "current_ratio": 109.31,
            "debt_ratio": 43.26,
            "inventory_turnover_ratio": 3.39,
            "account_receivable_turnover_ratio": null,
            "reinvestment_rate": -3.49,
            "research_to_sale_ratio": null,
            "price_fair": 80.8,
            "eps_avg_yearly": 2.31,
            "eps_latest_yearly": 2.24,
            "eps_growth_yearly": 185.92
        },
        "20034": {
            "year_quarter": 20034,
            "year": 2003,
            "quarter": 4,
            "eps": 0.6,
            "eps_growth_year": 36.36,
            "eps_4q": 2.96,
            "eps_4q_growth_year": 84.08,
            "roe": 3.77,
            "roe_4q": 21.19,
            "gross_profit": 458444,
            "gross_margin": 26.39,
            "gross_margin_4q_avg": 27.45,
            "net_income": 226617,
            "net_income_4q": null,
            "revenue": 1737490,
            "revenue_4q": null,
            "common_shares": 3877908,
            "book_valuer_per_share": 15.59,
            "book_valuer_per_share_4q_avg": 14.26,
            "equity": 6696410,
            "current_ratio": 107.29,
            "debt_ratio": 44.26,
            "inventory_turnover_ratio": 2.45,
            "account_receivable_turnover_ratio": null,
            "reinvestment_rate": 30.16,
            "research_to_sale_ratio": null,
            "price_fair": 81.2,
            "eps_avg_yearly": 2.32,
            "eps_latest_yearly": 2.4,
            "eps_growth_yearly": 166.25
        },
        "20041": {
            "year_quarter": 20041,
            "year": 2004,
            "quarter": 1,
            "eps": 0.82,
            "eps_growth_year": 34.43,
            "eps_4q": 3.16,
            "eps_4q_growth_year": 77.67,
            "roe": 4.76,
            "roe_4q": 21.64,
            "gross_profit": 531455,
            "gross_margin": 31.05,
            "gross_margin_4q_avg": 28.34,
            "net_income": 315312,
            "net_income_4q": null,
            "revenue": 1711397,
            "revenue_4q": null,
            "common_shares": 3923587,
            "book_valuer_per_share": 16.7,
            "book_valuer_per_share_4q_avg": 15.05,
            "equity": 6550882,
            "current_ratio": 125.34,
            "debt_ratio": 33.89,
            "inventory_turnover_ratio": 2.25,
            "account_receivable_turnover_ratio": null,
            "reinvestment_rate": -7.5,
            "research_to_sale_ratio": null,
            "price_fair": 84.93,
            "eps_avg_yearly": 2.43,
            "eps_latest_yearly": 3.28,
            "eps_growth_yearly": 164.08
        },
        "20042": {
            "year_quarter": 20042,
            "year": 2004,
            "quarter": 2,
            "eps": 1.1,
            "eps_growth_year": -12,
            "eps_4q": 2.97,
            "eps_4q_growth_year": 14.91,
            "roe": 6.84,
            "roe_4q": 19.34,
            "gross_profit": 567794,
            "gross_margin": 29.1,
            "gross_margin_4q_avg": 28.64,
            "net_income": 441088,
            "net_income_4q": null,
            "revenue": 1951189,
            "revenue_4q": null,
            "common_shares": 3937290,
            "book_valuer_per_share": 16.12,
            "book_valuer_per_share_4q_avg": 15.6,
            "equity": 6346416,
            "current_ratio": 98.74,
            "debt_ratio": 38.56,
            "inventory_turnover_ratio": 3.96,
            "account_receivable_turnover_ratio": null,
            "reinvestment_rate": -2.91,
            "research_to_sale_ratio": null,
            "price_fair": 91.84,
            "eps_avg_yearly": 2.62,
            "eps_latest_yearly": 4.4,
            "eps_growth_yearly": 161.33
        },
        "20043": {
            "year_quarter": 20043,
            "year": 2004,
            "quarter": 3,
            "eps": 0.73,
            "eps_growth_year": 30.36,
            "eps_4q": 3.19,
            "eps_4q_growth_year": 13.31,
            "roe": 4.45,
            "roe_4q": 19.819999999999997,
            "gross_profit": 494755,
            "gross_margin": 27.47,
            "gross_margin_4q_avg": 28.5,
            "net_income": 291529,
            "net_income_4q": null,
            "revenue": 1801397,
            "revenue_4q": null,
            "common_shares": 4070739,
            "book_valuer_per_share": 16.57,
            "book_valuer_per_share_4q_avg": 16.25,
            "equity": 6747003,
            "current_ratio": 116.55,
            "debt_ratio": 35.04,
            "inventory_turnover_ratio": 3.6,
            "account_receivable_turnover_ratio": null,
            "reinvestment_rate": -0.23,
            "research_to_sale_ratio": null,
            "price_fair": 92.78,
            "eps_avg_yearly": 2.65,
            "eps_latest_yearly": 2.92,
            "eps_growth_yearly": 134.43
        },
        "20044": {
            "year_quarter": 20044,
            "year": 2004,
            "quarter": 4,
            "eps": 0.48,
            "eps_growth_year": -20,
            "eps_4q": 3.1,
            "eps_4q_growth_year": 4.7,
            "roe": 2.7,
            "roe_4q": 18.75,
            "gross_profit": 486387,
            "gross_margin": 26.77,
            "gross_margin_4q_avg": 28.6,
            "net_income": 191791,
            "net_income_4q": null,
            "revenue": 1816677,
            "revenue_4q": null,
            "common_shares": 4089945,
            "book_valuer_per_share": 16.73,
            "book_valuer_per_share_4q_avg": 16.53,
            "equity": 7469771,
            "current_ratio": 99.4,
            "debt_ratio": 45.07,
            "inventory_turnover_ratio": 2.2,
            "account_receivable_turnover_ratio": null,
            "reinvestment_rate": 31.41,
            "research_to_sale_ratio": null,
            "price_fair": 90.65,
            "eps_avg_yearly": 2.59,
            "eps_latest_yearly": 1.92,
            "eps_growth_yearly": 111.81
        },
        "20051": {
            "year_quarter": 20051,
            "year": 2005,
            "quarter": 1,
            "eps": 0.48,
            "eps_growth_year": -41.46,
            "eps_4q": 2.75,
            "eps_4q_growth_year": -13.01,
            "roe": 2.69,
            "roe_4q": 16.68,
            "gross_profit": 491254,
            "gross_margin": 27.29,
            "gross_margin_4q_avg": 27.66,
            "net_income": 195455,
            "net_income_4q": null,
            "revenue": 1800015,
            "revenue_4q": null,
            "common_shares": 4105859,
            "book_valuer_per_share": 17.26,
            "book_valuer_per_share_4q_avg": 16.67,
            "equity": 7084959,
            "current_ratio": 95.92,
            "debt_ratio": 35.57,
            "inventory_turnover_ratio": 2.12,
            "account_receivable_turnover_ratio": null,
            "reinvestment_rate": 19.83,
            "research_to_sale_ratio": null,
            "price_fair": 88.85,
            "eps_avg_yearly": 2.54,
            "eps_latest_yearly": 1.92,
            "eps_growth_yearly": 103.21
        },
        "20052": {
            "year_quarter": 20052,
            "year": 2005,
            "quarter": 2,
            "eps": 0.66,
            "eps_growth_year": -40,
            "eps_4q": 2.38,
            "eps_4q_growth_year": -19.86,
            "roe": 3.86,
            "roe_4q": 13.7,
            "gross_profit": 535755,
            "gross_margin": 27.6,
            "gross_margin_4q_avg": 27.28,
            "net_income": 260354,
            "net_income_4q": null,
            "revenue": 1941489,
            "revenue_4q": null,
            "common_shares": 4127574,
            "book_valuer_per_share": 15.54,
            "book_valuer_per_share_4q_avg": 16.53,
            "equity": 6413718,
            "current_ratio": 93.21,
            "debt_ratio": 42.06,
            "inventory_turnover_ratio": 3.48,
            "account_receivable_turnover_ratio": null,
            "reinvestment_rate": 23.31,
            "research_to_sale_ratio": null,
            "price_fair": 89.1,
            "eps_avg_yearly": 2.55,
            "eps_latest_yearly": 2.64,
            "eps_growth_yearly": 106.55
        },
        "20053": {
            "year_quarter": 20053,
            "year": 2005,
            "quarter": 3,
            "eps": 0.47,
            "eps_growth_year": -35.62,
            "eps_4q": 2.1,
            "eps_4q_growth_year": -34.2,
            "roe": 2.83,
            "roe_4q": 12.079999999999998,
            "gross_profit": 453358,
            "gross_margin": 25.85,
            "gross_margin_4q_avg": 26.88,
            "net_income": 186712,
            "net_income_4q": null,
            "revenue": 1753579,
            "revenue_4q": null,
            "common_shares": 4135413,
            "book_valuer_per_share": 16.39,
            "book_valuer_per_share_4q_avg": 16.48,
            "equity": 6776613,
            "current_ratio": 106.21,
            "debt_ratio": 40.19,
            "inventory_turnover_ratio": 3.15,
            "account_receivable_turnover_ratio": null,
            "reinvestment_rate": 30.52,
            "research_to_sale_ratio": null,
            "price_fair": 87.55,
            "eps_avg_yearly": 2.5,
            "eps_latest_yearly": 1.88,
            "eps_growth_yearly": 91.77
        },
        "20054": {
            "year_quarter": 20054,
            "year": 2005,
            "quarter": 4,
            "eps": 1.18,
            "eps_growth_year": 145.83,
            "eps_4q": 2.8,
            "eps_4q_growth_year": -9.83,
            "roe": 5.28,
            "roe_4q": 14.659999999999998,
            "gross_profit": 538071,
            "gross_margin": 28.28,
            "gross_margin_4q_avg": 27.26,
            "net_income": 468637,
            "net_income_4q": null,
            "revenue": 1902908,
            "revenue_4q": null,
            "common_shares": 4135413,
            "book_valuer_per_share": 17.81,
            "book_valuer_per_share_4q_avg": 16.75,
            "equity": 10973934,
            "current_ratio": 98.3,
            "debt_ratio": 49.21,
            "inventory_turnover_ratio": 1.29,
            "account_receivable_turnover_ratio": null,
            "reinvestment_rate": 171.44,
            "research_to_sale_ratio": null,
            "price_fair": 92.4,
            "eps_avg_yearly": 2.64,
            "eps_latest_yearly": 4.72,
            "eps_growth_yearly": 123.8
        },
        "20061": {
            "year_quarter": 20061,
            "year": 2006,
            "quarter": 1,
            "eps": 0.49,
            "eps_growth_year": 2.08,
            "eps_4q": 2.77,
            "eps_4q_growth_year": 0.86,
            "roe": 2.12,
            "roe_4q": 14.09,
            "gross_profit": 517497,
            "gross_margin": 26.96,
            "gross_margin_4q_avg": 27.17,
            "net_income": 196475,
            "net_income_4q": null,
            "revenue": 1919418,
            "revenue_4q": null,
            "common_shares": 4135413,
            "book_valuer_per_share": 18.27,
            "book_valuer_per_share_4q_avg": 17,
            "equity": 7553639,
            "current_ratio": 126.55,
            "debt_ratio": 35.56,
            "inventory_turnover_ratio": 1.33,
            "account_receivable_turnover_ratio": null,
            "reinvestment_rate": 27.52,
            "research_to_sale_ratio": null,
            "price_fair": 92.93,
            "eps_avg_yearly": 2.66,
            "eps_latest_yearly": 1.96,
            "eps_growth_yearly": 51.49
        },
        "20062": {
            "year_quarter": 20062,
            "year": 2006,
            "quarter": 2,
            "eps": 0.32,
            "eps_growth_year": -51.52,
            "eps_4q": 2.45,
            "eps_4q_growth_year": 3.01,
            "roe": 1.73,
            "roe_4q": 11.96,
            "gross_profit": 450708,
            "gross_margin": 25.31,
            "gross_margin_4q_avg": 26.6,
            "net_income": 127825,
            "net_income_4q": null,
            "revenue": 1780754,
            "revenue_4q": null,
            "common_shares": 4135413,
            "book_valuer_per_share": 17.51,
            "book_valuer_per_share_4q_avg": 17.5,
            "equity": 7239887,
            "current_ratio": 101.61,
            "debt_ratio": 38.96,
            "inventory_turnover_ratio": 3.18,
            "account_receivable_turnover_ratio": null,
            "reinvestment_rate": 29.56,
            "research_to_sale_ratio": null,
            "price_fair": 92.23,
            "eps_avg_yearly": 2.64,
            "eps_latest_yearly": 1.28,
            "eps_growth_yearly": 44.56
        },
        "20063": {
            "year_quarter": 20063,
            "year": 2006,
            "quarter": 3,
            "eps": 0.41,
            "eps_growth_year": -12.77,
            "eps_4q": 2.41,
            "eps_4q_growth_year": 14.64,
            "roe": 2.22,
            "roe_4q": 11.350000000000001,
            "gross_profit": 485136,
            "gross_margin": 26.13,
            "gross_margin_4q_avg": 26.67,
            "net_income": 162751,
            "net_income_4q": null,
            "revenue": 1856525,
            "revenue_4q": null,
            "common_shares": 4135413,
            "book_valuer_per_share": 18.01,
            "book_valuer_per_share_4q_avg": 17.9,
            "equity": 7448829,
            "current_ratio": 103.03,
            "debt_ratio": 38.19,
            "inventory_turnover_ratio": 3.05,
            "account_receivable_turnover_ratio": null,
            "reinvestment_rate": 27.85,
            "research_to_sale_ratio": null,
            "price_fair": 92.75,
            "eps_avg_yearly": 2.65,
            "eps_latest_yearly": 1.64,
            "eps_growth_yearly": 54.72
        },
        "20064": {
            "year_quarter": 20064,
            "year": 2006,
            "quarter": 4,
            "eps": 0.36,
            "eps_growth_year": -69.49,
            "eps_4q": 1.57,
            "eps_4q_growth_year": -43.92,
            "roe": 1.55,
            "roe_4q": 7.62,
            "gross_profit": 548686,
            "gross_margin": 27.27,
            "gross_margin_4q_avg": 26.42,
            "net_income": 145010,
            "net_income_4q": null,
            "revenue": 2012119,
            "revenue_4q": null,
            "common_shares": 4135413,
            "book_valuer_per_share": 18.17,
            "book_valuer_per_share_4q_avg": 17.99,
            "equity": 11235207,
            "current_ratio": 76.44,
            "debt_ratio": 54.27,
            "inventory_turnover_ratio": 1.17,
            "account_receivable_turnover_ratio": null,
            "reinvestment_rate": 218.95,
            "research_to_sale_ratio": null,
            "price_fair": 92.05,
            "eps_avg_yearly": 2.63,
            "eps_latest_yearly": 1.44,
            "eps_growth_yearly": 45.24
        },
        "20071": {
            "year_quarter": 20071,
            "year": 2007,
            "quarter": 1,
            "eps": 0.63,
            "eps_growth_year": 28.57,
            "eps_4q": 1.72,
            "eps_4q_growth_year": -37.93,
            "roe": 2.63,
            "roe_4q": 8.13,
            "gross_profit": 609263,
            "gross_margin": 28.49,
            "gross_margin_4q_avg": 26.8,
            "net_income": 251366,
            "net_income_4q": null,
            "revenue": 2138330,
            "revenue_4q": null,
            "common_shares": 4135413,
            "book_valuer_per_share": 19.07,
            "book_valuer_per_share_4q_avg": 18.19,
            "equity": 7885767,
            "current_ratio": 115.82,
            "debt_ratio": 36.7,
            "inventory_turnover_ratio": 1.24,
            "account_receivable_turnover_ratio": null,
            "reinvestment_rate": 28.77,
            "research_to_sale_ratio": null,
            "price_fair": 92.23,
            "eps_avg_yearly": 2.64,
            "eps_latest_yearly": 2.52,
            "eps_growth_yearly": 54.33
        },
        "20072": {
            "year_quarter": 20072,
            "year": 2007,
            "quarter": 2,
            "eps": 0.61,
            "eps_growth_year": 90.62,
            "eps_4q": 1.96,
            "eps_4q_growth_year": -20.23,
            "roe": 3.2,
            "roe_4q": 9.6,
            "gross_profit": 656663,
            "gross_margin": 29.06,
            "gross_margin_4q_avg": 27.74,
            "net_income": 253310,
            "net_income_4q": null,
            "revenue": 2259964,
            "revenue_4q": null,
            "common_shares": 4135413,
            "book_valuer_per_share": 19.16,
            "book_valuer_per_share_4q_avg": 18.6,
            "equity": 7922735,
            "current_ratio": 111.11,
            "debt_ratio": 36.22,
            "inventory_turnover_ratio": 3.63,
            "account_receivable_turnover_ratio": null,
            "reinvestment_rate": 29.82,
            "research_to_sale_ratio": null,
            "price_fair": 86.63,
            "eps_avg_yearly": 2.48,
            "eps_latest_yearly": 2.44,
            "eps_growth_yearly": 27.31
        },
        "20073": {
            "year_quarter": 20073,
            "year": 2007,
            "quarter": 3,
            "eps": 0.57,
            "eps_growth_year": 39.02,
            "eps_4q": 2.14,
            "eps_4q_growth_year": -10.99,
            "roe": 2.93,
            "roe_4q": 10.310000000000002,
            "gross_profit": 536964,
            "gross_margin": 26.4,
            "gross_margin_4q_avg": 27.81,
            "net_income": 235442,
            "net_income_4q": null,
            "revenue": 2034309,
            "revenue_4q": null,
            "common_shares": 4259475,
            "book_valuer_per_share": 19.13,
            "book_valuer_per_share_4q_avg": 18.88,
            "equity": 8148947,
            "current_ratio": 89.74,
            "debt_ratio": 37.47,
            "inventory_turnover_ratio": 3.24,
            "account_receivable_turnover_ratio": null,
            "reinvestment_rate": 29.02,
            "research_to_sale_ratio": null,
            "price_fair": 86.71,
            "eps_avg_yearly": 2.48,
            "eps_latest_yearly": 2.28,
            "eps_growth_yearly": 39.47
        },
        "20074": {
            "year_quarter": 20074,
            "year": 2007,
            "quarter": 4,
            "eps": 0.61,
            "eps_growth_year": 69.44,
            "eps_4q": 2.39,
            "eps_4q_growth_year": 52.57,
            "roe": 2.49,
            "roe_4q": 11.25,
            "gross_profit": 566465,
            "gross_margin": 26.95,
            "gross_margin_4q_avg": 27.73,
            "net_income": 253061,
            "net_income_4q": null,
            "revenue": 2102084,
            "revenue_4q": null,
            "common_shares": 4259475,
            "book_valuer_per_share": 19.76,
            "book_valuer_per_share_4q_avg": 19.28,
            "equity": 12188747,
            "current_ratio": 79.43,
            "debt_ratio": 53.08,
            "inventory_turnover_ratio": 1.25,
            "account_receivable_turnover_ratio": null,
            "reinvestment_rate": 248.05,
            "research_to_sale_ratio": null,
            "price_fair": 86.8,
            "eps_avg_yearly": 2.48,
            "eps_latest_yearly": 2.44,
            "eps_growth_yearly": 39.44
        },
        "20081": {
            "year_quarter": 20081,
            "year": 2008,
            "quarter": 1,
            "eps": 0.5,
            "eps_growth_year": -20.63,
            "eps_4q": 1.96,
            "eps_4q_growth_year": 13.92,
            "roe": 1.98,
            "roe_4q": 10.600000000000001,
            "gross_profit": 1074536,
            "gross_margin": 23.85,
            "gross_margin_4q_avg": 26.57,
            "net_income": 241698,
            "net_income_4q": null,
            "revenue": 4504817,
            "revenue_4q": null,
            "common_shares": 4259475,
            "book_valuer_per_share": 20,
            "book_valuer_per_share_4q_avg": 19.51,
            "equity": 12252733,
            "current_ratio": 78,
            "debt_ratio": 52.34,
            "inventory_turnover_ratio": 1.76,
            "account_receivable_turnover_ratio": null,
            "reinvestment_rate": 303.77,
            "research_to_sale_ratio": null,
            "price_fair": 84,
            "eps_avg_yearly": 2.4,
            "eps_latest_yearly": 2,
            "eps_growth_yearly": 25.76
        },
        "20082": {
            "year_quarter": 20082,
            "year": 2008,
            "quarter": 2,
            "eps": 0.47,
            "eps_growth_year": -22.95,
            "eps_4q": 1.55,
            "eps_4q_growth_year": -20.86,
            "roe": 2.23,
            "roe_4q": 9.63,
            "gross_profit": 1152454,
            "gross_margin": 24.88,
            "gross_margin_4q_avg": 25.52,
            "net_income": 273086,
            "net_income_4q": null,
            "revenue": 4632488,
            "revenue_4q": null,
            "common_shares": 4259475,
            "book_valuer_per_share": 19.89,
            "book_valuer_per_share_4q_avg": 19.7,
            "equity": 12273737,
            "current_ratio": 79.15,
            "debt_ratio": 53.84,
            "inventory_turnover_ratio": 1.75,
            "account_receivable_turnover_ratio": null,
            "reinvestment_rate": 321.62,
            "research_to_sale_ratio": null,
            "price_fair": 57.69,
            "eps_avg_yearly": 2.24,
            "eps_latest_yearly": 1.88,
            "eps_growth_yearly": 15.73
        },
        "20083": {
            "year_quarter": 20083,
            "year": 2008,
            "quarter": 3,
            "eps": 0.44,
            "eps_growth_year": -22.81,
            "eps_4q": 1.41,
            "eps_4q_growth_year": -34.14,
            "roe": 2.13,
            "roe_4q": 8.83,
            "gross_profit": 827412,
            "gross_margin": 21.49,
            "gross_margin_4q_avg": 24.29,
            "net_income": 266717,
            "net_income_4q": null,
            "revenue": 3850255,
            "revenue_4q": null,
            "common_shares": 4515044,
            "book_valuer_per_share": 19.46,
            "book_valuer_per_share_4q_avg": 19.78,
            "equity": 12769227,
            "current_ratio": 79.15,
            "debt_ratio": 53.47,
            "inventory_turnover_ratio": 1.43,
            "account_receivable_turnover_ratio": null,
            "reinvestment_rate": 333.86,
            "research_to_sale_ratio": null,
            "price_fair": 70.61,
            "eps_avg_yearly": 2.17,
            "eps_latest_yearly": 1.76,
            "eps_growth_yearly": 22.54
        },
        "20084": {
            "year_quarter": 20084,
            "year": 2008,
            "quarter": 4,
            "eps": -0.15,
            "eps_growth_year": -124.59,
            "eps_4q": 1.24,
            "eps_4q_growth_year": -48.21,
            "roe": -1.97,
            "roe_4q": 4.369999999999999,
            "gross_profit": 581738,
            "gross_margin": 15.34,
            "gross_margin_4q_avg": 21.39,
            "net_income": -249459,
            "net_income_4q": null,
            "revenue": 3791992,
            "revenue_4q": null,
            "common_shares": 4515044,
            "book_valuer_per_share": 19.58,
            "book_valuer_per_share_4q_avg": 19.73,
            "equity": 12609569,
            "current_ratio": 81,
            "debt_ratio": 52.96,
            "inventory_turnover_ratio": 1.59,
            "account_receivable_turnover_ratio": 2.25,
            "reinvestment_rate": 299.31,
            "research_to_sale_ratio": null,
            "price_fair": 76.53,
            "eps_avg_yearly": 2.19,
            "eps_latest_yearly": 1.76,
            "eps_growth_yearly": 33.18
        },
        "20091": {
            "year_quarter": 20091,
            "year": 2009,
            "quarter": 1,
            "eps": 0.77,
            "eps_growth_year": 54,
            "eps_4q": 1.41,
            "eps_4q_growth_year": -28.31,
            "roe": 2.83,
            "roe_4q": 5.220000000000001,
            "gross_profit": 1139589,
            "gross_margin": 27.08,
            "gross_margin_4q_avg": 22.2,
            "net_income": 364575,
            "net_income_4q": null,
            "revenue": 4207980,
            "revenue_4q": null,
            "common_shares": 4515044,
            "book_valuer_per_share": 20.6,
            "book_valuer_per_share_4q_avg": 19.88,
            "equity": 13178493,
            "current_ratio": 84.09,
            "debt_ratio": 51.83,
            "inventory_turnover_ratio": 1.67,
            "account_receivable_turnover_ratio": 1.2,
            "reinvestment_rate": 344.96,
            "research_to_sale_ratio": null,
            "price_fair": 77.2,
            "eps_avg_yearly": 2.21,
            "eps_latest_yearly": 1.76,
            "eps_growth_yearly": 35.54
        },
        "20092": {
            "year_quarter": 20092,
            "year": 2009,
            "quarter": 2,
            "eps": 0.65,
            "eps_growth_year": 38.3,
            "eps_4q": 1.17,
            "eps_4q_growth_year": -24.12,
            "roe": 3.15,
            "roe_4q": 6.140000000000001,
            "gross_profit": 1359557,
            "gross_margin": 27.46,
            "gross_margin_4q_avg": 22.84,
            "net_income": 417723,
            "net_income_4q": null,
            "revenue": 4950753,
            "revenue_4q": null,
            "common_shares": 4515044,
            "book_valuer_per_share": 20.84,
            "book_valuer_per_share_4q_avg": 20.12,
            "equity": 13317858,
            "current_ratio": 86.38,
            "debt_ratio": 51.62,
            "inventory_turnover_ratio": 2,
            "account_receivable_turnover_ratio": 1.27,
            "reinvestment_rate": 305.59,
            "research_to_sale_ratio": null,
            "price_fair": 66.92,
            "eps_avg_yearly": 2.2,
            "eps_latest_yearly": 2.6,
            "eps_growth_yearly": 20.38
        },
        "20093": {
            "year_quarter": 20093,
            "year": 2009,
            "quarter": 3,
            "eps": 1.01,
            "eps_growth_year": 129.55,
            "eps_4q": 1.72,
            "eps_4q_growth_year": 21.54,
            "roe": 4.39,
            "roe_4q": 8.399999999999999,
            "gross_profit": 1397536,
            "gross_margin": 27.17,
            "gross_margin_4q_avg": 24.26,
            "net_income": 600266,
            "net_income_4q": null,
            "revenue": 5143595,
            "revenue_4q": null,
            "common_shares": 4650495,
            "book_valuer_per_share": 21.35,
            "book_valuer_per_share_4q_avg": 20.59,
            "equity": 14018643,
            "current_ratio": 93.84,
            "debt_ratio": 49.42,
            "inventory_turnover_ratio": 2.08,
            "account_receivable_turnover_ratio": 1.17,
            "reinvestment_rate": 292.38,
            "research_to_sale_ratio": null,
            "price_fair": 82.5,
            "eps_avg_yearly": 2.36,
            "eps_latest_yearly": 4.04,
            "eps_growth_yearly": 44.43
        },
        "20094": {
            "year_quarter": 20094,
            "year": 2009,
            "quarter": 4,
            "eps": 1.06,
            "eps_growth_year": null,
            "eps_4q": 3.48,
            "eps_4q_growth_year": 180.37,
            "roe": 4.51,
            "roe_4q": 14.879999999999999,
            "gross_profit": 1515486,
            "gross_margin": 25.21,
            "gross_margin_4q_avg": 26.73,
            "net_income": 639397,
            "net_income_4q": null,
            "revenue": 6011885,
            "revenue_4q": null,
            "common_shares": 4650495,
            "book_valuer_per_share": 22.67,
            "book_valuer_per_share_4q_avg": 21.37,
            "equity": 14337414,
            "current_ratio": 100.24,
            "debt_ratio": 49.44,
            "inventory_turnover_ratio": 2.4,
            "account_receivable_turnover_ratio": 2.47,
            "reinvestment_rate": 130.76,
            "research_to_sale_ratio": null,
            "price_fair": 29.46,
            "eps_avg_yearly": 2.32,
            "eps_latest_yearly": 4.24,
            "eps_growth_yearly": 2.68
        },
        "20101": {
            "year_quarter": 20101,
            "year": 2010,
            "quarter": 1,
            "eps": 1.03,
            "eps_growth_year": 33.77,
            "eps_4q": 3.76,
            "eps_4q_growth_year": 167.19,
            "roe": 4.21,
            "roe_4q": 16.259999999999998,
            "gross_profit": 1497163,
            "gross_margin": 25.26,
            "gross_margin_4q_avg": 26.28,
            "net_income": 616620,
            "net_income_4q": null,
            "revenue": 5926589,
            "revenue_4q": null,
            "common_shares": 4650495,
            "book_valuer_per_share": 23.64,
            "book_valuer_per_share_4q_avg": 22.13,
            "equity": 14929539,
            "current_ratio": 104.8,
            "debt_ratio": 48.94,
            "inventory_turnover_ratio": 2.21,
            "account_receivable_turnover_ratio": 1.17,
            "reinvestment_rate": 336.59,
            "research_to_sale_ratio": 1.68,
            "price_fair": 70.79,
            "eps_avg_yearly": 2.48,
            "eps_latest_yearly": 4.12,
            "eps_growth_yearly": 18.58
        },
        "20102": {
            "year_quarter": 20102,
            "year": 2010,
            "quarter": 2,
            "eps": 0.74,
            "eps_growth_year": 14.23,
            "eps_4q": 3.85,
            "eps_4q_growth_year": 227.34,
            "roe": 3.16,
            "roe_4q": 16.27,
            "gross_profit": 1422407,
            "gross_margin": 24.61,
            "gross_margin_4q_avg": 25.56,
            "net_income": 463292,
            "net_income_4q": null,
            "revenue": 5778777,
            "revenue_4q": null,
            "common_shares": 4650495,
            "book_valuer_per_share": 22.88,
            "book_valuer_per_share_4q_avg": 22.64,
            "equity": 14400280,
            "current_ratio": 106.84,
            "debt_ratio": 49.8,
            "inventory_turnover_ratio": 2,
            "account_receivable_turnover_ratio": 1.13,
            "reinvestment_rate": 311.81,
            "research_to_sale_ratio": 1.57,
            "price_fair": 79.08,
            "eps_avg_yearly": 2.6,
            "eps_latest_yearly": 2.96,
            "eps_growth_yearly": 20.45
        },
        "20103": {
            "year_quarter": 20103,
            "year": 2010,
            "quarter": 3,
            "eps": 0.6,
            "eps_growth_year": -40.89,
            "eps_4q": 3.07,
            "eps_4q_growth_year": 78.95,
            "roe": 2.34,
            "roe_4q": 14.22,
            "gross_profit": 1086790,
            "gross_margin": 23.22,
            "gross_margin_4q_avg": 24.58,
            "net_income": 348549,
            "net_income_4q": null,
            "revenue": 4680452,
            "revenue_4q": null,
            "common_shares": 5185575,
            "book_valuer_per_share": 27.03,
            "book_valuer_per_share_4q_avg": 24.06,
            "equity": 15370258,
            "current_ratio": 118.19,
            "debt_ratio": 44.75,
            "inventory_turnover_ratio": 1.54,
            "account_receivable_turnover_ratio": 1.08,
            "reinvestment_rate": 311.02,
            "research_to_sale_ratio": 2.84,
            "price_fair": 45.09,
            "eps_avg_yearly": 2.65,
            "eps_latest_yearly": 2.4,
            "eps_growth_yearly": 7.01
        },
        "20104": {
            "year_quarter": 20104,
            "year": 2010,
            "quarter": 4,
            "eps": 0.16,
            "eps_growth_year": -85.05,
            "eps_4q": 2.3,
            "eps_4q_growth_year": -33.85,
            "roe": 0.83,
            "roe_4q": 10.54,
            "gross_profit": 1083843,
            "gross_margin": 23.85,
            "gross_margin_4q_avg": 24.24,
            "net_income": 126898,
            "net_income_4q": null,
            "revenue": 4543990,
            "revenue_4q": null,
            "common_shares": 5185575,
            "book_valuer_per_share": 26.73,
            "book_valuer_per_share_4q_avg": 25.07,
            "equity": 15187278,
            "current_ratio": 105.32,
            "debt_ratio": 45.62,
            "inventory_turnover_ratio": 1.48,
            "account_receivable_turnover_ratio": 1.29,
            "reinvestment_rate": 91.89,
            "research_to_sale_ratio": 2.06,
            "price_fair": 7.78,
            "eps_avg_yearly": 2.59,
            "eps_latest_yearly": 0.64,
            "eps_growth_yearly": -10.46
        },
        "20111": {
            "year_quarter": 20111,
            "year": 2011,
            "quarter": 1,
            "eps": 0.66,
            "eps_growth_year": -35.92,
            "eps_4q": 2.07,
            "eps_4q_growth_year": -45,
            "roe": 2.58,
            "roe_4q": 8.91,
            "gross_profit": 1108753,
            "gross_margin": 24.1,
            "gross_margin_4q_avg": 23.95,
            "net_income": 398160,
            "net_income_4q": null,
            "revenue": 4600411,
            "revenue_4q": null,
            "common_shares": 5185575,
            "book_valuer_per_share": 27.63,
            "book_valuer_per_share_4q_avg": 26.07,
            "equity": 15636610,
            "current_ratio": 115.41,
            "debt_ratio": 46.97,
            "inventory_turnover_ratio": 1.52,
            "account_receivable_turnover_ratio": 1.32,
            "reinvestment_rate": 319.45,
            "research_to_sale_ratio": 2.23,
            "price_fair": 91.1,
            "eps_avg_yearly": 2.6,
            "eps_latest_yearly": 2.64,
            "eps_growth_yearly": 57.4
        },
        "20112": {
            "year_quarter": 20112,
            "year": 2011,
            "quarter": 2,
            "eps": 0.45,
            "eps_growth_year": -38.85,
            "eps_4q": 1.78,
            "eps_4q_growth_year": -53.74,
            "roe": 2.08,
            "roe_4q": 7.83,
            "gross_profit": 1040189,
            "gross_margin": 23.84,
            "gross_margin_4q_avg": 23.75,
            "net_income": 324306,
            "net_income_4q": null,
            "revenue": 4362583,
            "revenue_4q": null,
            "common_shares": 5185575,
            "book_valuer_per_share": 27.41,
            "book_valuer_per_share_4q_avg": 27.2,
            "equity": 15548487,
            "current_ratio": 120.64,
            "debt_ratio": 45.81,
            "inventory_turnover_ratio": 1.41,
            "account_receivable_turnover_ratio": 1.23,
            "reinvestment_rate": 324.34,
            "research_to_sale_ratio": 2.35,
            "price_fair": 89.5,
            "eps_avg_yearly": 2.56,
            "eps_latest_yearly": 1.8,
            "eps_growth_yearly": 49.21
        },
        "20113": {
            "year_quarter": 20113,
            "year": 2011,
            "quarter": 3,
            "eps": 0.59,
            "eps_growth_year": -0.85,
            "eps_4q": 1.81,
            "eps_4q_growth_year": -40.91,
            "roe": 2.08,
            "roe_4q": 7.57,
            "gross_profit": 871736,
            "gross_margin": 20.09,
            "gross_margin_4q_avg": 22.97,
            "net_income": 331463,
            "net_income_4q": null,
            "revenue": 4340219,
            "revenue_4q": null,
            "common_shares": 5548565,
            "book_valuer_per_share": 26.72,
            "book_valuer_per_share_4q_avg": 27.12,
            "equity": 16278365,
            "current_ratio": 123.1,
            "debt_ratio": 46.31,
            "inventory_turnover_ratio": 1.4,
            "account_receivable_turnover_ratio": 1.16,
            "reinvestment_rate": 343.83,
            "research_to_sale_ratio": 2.86,
            "price_fair": 89.7,
            "eps_avg_yearly": 2.56,
            "eps_latest_yearly": 2.36,
            "eps_growth_yearly": 59.97
        },
        "20114": {
            "year_quarter": 20114,
            "year": 2011,
            "quarter": 4,
            "eps": 0.47,
            "eps_growth_year": 199.21,
            "eps_4q": 2.14,
            "eps_4q_growth_year": -6.95,
            "roe": 1.9,
            "roe_4q": 8.64,
            "gross_profit": 1106200,
            "gross_margin": 22.23,
            "gross_margin_4q_avg": 22.57,
            "net_income": 311143,
            "net_income_4q": null,
            "revenue": 4976104,
            "revenue_4q": null,
            "common_shares": 5548565,
            "book_valuer_per_share": 27.1,
            "book_valuer_per_share_4q_avg": 27.22,
            "equity": 16532122,
            "current_ratio": 116.46,
            "debt_ratio": 45.8,
            "inventory_turnover_ratio": 1.5,
            "account_receivable_turnover_ratio": 1.23,
            "reinvestment_rate": 105.5,
            "research_to_sale_ratio": 2.02,
            "price_fair": 88.3,
            "eps_avg_yearly": 2.52,
            "eps_latest_yearly": 1.88,
            "eps_growth_yearly": 52.16
        },
        "20121": {
            "year_quarter": 20121,
            "year": 2012,
            "quarter": 1,
            "eps": 0.52,
            "eps_growth_year": -21.21,
            "eps_4q": 2.03,
            "eps_4q_growth_year": -1.66,
            "roe": 1.9,
            "roe_4q": 7.96,
            "gross_profit": 922222,
            "gross_margin": 22.48,
            "gross_margin_4q_avg": 22.16,
            "net_income": 314901,
            "net_income_4q": null,
            "revenue": 4102088,
            "revenue_4q": null,
            "common_shares": 5548565,
            "book_valuer_per_share": 27.4,
            "book_valuer_per_share_4q_avg": 27.16,
            "equity": 16604592,
            "current_ratio": 134.04,
            "debt_ratio": 42.16,
            "inventory_turnover_ratio": 1.27,
            "account_receivable_turnover_ratio": 1.05,
            "reinvestment_rate": 95.76,
            "research_to_sale_ratio": 2.82,
            "price_fair": 88.5,
            "eps_avg_yearly": 2.53,
            "eps_latest_yearly": 2.08,
            "eps_growth_yearly": 60.35
        },
        "20122": {
            "year_quarter": 20122,
            "year": 2012,
            "quarter": 2,
            "eps": 0.24,
            "eps_growth_year": -46.81,
            "eps_4q": 1.76,
            "eps_4q_growth_year": -1.17,
            "roe": 0.9,
            "roe_4q": 6.779999999999999,
            "gross_profit": 867138,
            "gross_margin": 20.9,
            "gross_margin_4q_avg": 21.43,
            "net_income": 148245,
            "net_income_4q": null,
            "revenue": 4148729,
            "revenue_4q": null,
            "common_shares": 5548565,
            "book_valuer_per_share": 27.28,
            "book_valuer_per_share_4q_avg": 27.13,
            "equity": 16522852,
            "current_ratio": 148.38,
            "debt_ratio": 42.18,
            "inventory_turnover_ratio": 1.36,
            "account_receivable_turnover_ratio": 1.15,
            "reinvestment_rate": 91.03,
            "research_to_sale_ratio": 2,
            "price_fair": 86.2,
            "eps_avg_yearly": 2.46,
            "eps_latest_yearly": 0.96,
            "eps_growth_yearly": 46.68
        },
        "20123": {
            "year_quarter": 20123,
            "year": 2012,
            "quarter": 3,
            "eps": 0.4,
            "eps_growth_year": -32.48,
            "eps_4q": 1.59,
            "eps_4q_growth_year": -12.38,
            "roe": 1.39,
            "roe_4q": 6.09,
            "gross_profit": 932000,
            "gross_margin": 21.55,
            "gross_margin_4q_avg": 21.79,
            "net_income": 230333,
            "net_income_4q": null,
            "revenue": 4324290,
            "revenue_4q": null,
            "common_shares": 5770508,
            "book_valuer_per_share": 26.52,
            "book_valuer_per_share_4q_avg": 27.08,
            "equity": 16660256,
            "current_ratio": 131.28,
            "debt_ratio": 41.61,
            "inventory_turnover_ratio": 1.45,
            "account_receivable_turnover_ratio": 1.22,
            "reinvestment_rate": 82.12,
            "research_to_sale_ratio": 2.61,
            "price_fair": 85.8,
            "eps_avg_yearly": 2.45,
            "eps_latest_yearly": 1.6,
            "eps_growth_yearly": 67.55
        },
        "20124": {
            "year_quarter": 20124,
            "year": 2012,
            "quarter": 4,
            "eps": 0.28,
            "eps_growth_year": -41.2,
            "eps_4q": 1.41,
            "eps_4q_growth_year": -34.01,
            "roe": 0.99,
            "roe_4q": 5.18,
            "gross_profit": 1009626,
            "gross_margin": 22.79,
            "gross_margin_4q_avg": 21.93,
            "net_income": 164802,
            "net_income_4q": null,
            "revenue": 4429715,
            "revenue_4q": null,
            "common_shares": 5770508,
            "book_valuer_per_share": 26.62,
            "book_valuer_per_share_4q_avg": 26.96,
            "equity": 16720138,
            "current_ratio": 135.22,
            "debt_ratio": 41.13,
            "inventory_turnover_ratio": 1.49,
            "account_receivable_turnover_ratio": 1.24,
            "reinvestment_rate": 75.62,
            "research_to_sale_ratio": 2.15,
            "price_fair": 82.69,
            "eps_avg_yearly": 2.36,
            "eps_latest_yearly": 1.12,
            "eps_growth_yearly": 55.05
        },
        "20131": {
            "year_quarter": 20131,
            "year": 2013,
            "quarter": 1,
            "eps": 0.57,
            "eps_growth_year": 9.62,
            "eps_4q": 1.49,
            "eps_4q_growth_year": -26.75,
            "roe": 1.99,
            "roe_4q": 5.2700000000000005,
            "gross_profit": 1037690,
            "gross_margin": 22.48,
            "gross_margin_4q_avg": 21.93,
            "net_income": 334919,
            "net_income_4q": null,
            "revenue": 4617094,
            "revenue_4q": null,
            "common_shares": 5770508,
            "book_valuer_per_share": 26.91,
            "book_valuer_per_share_4q_avg": 26.83,
            "equity": 16926887,
            "current_ratio": 140.57,
            "debt_ratio": 42.45,
            "inventory_turnover_ratio": 1.56,
            "account_receivable_turnover_ratio": 1.23,
            "reinvestment_rate": 52.41,
            "research_to_sale_ratio": 2.03,
            "price_fair": 82.51,
            "eps_avg_yearly": 2.36,
            "eps_latest_yearly": 2.28,
            "eps_growth_yearly": 77.5
        },
        "20132": {
            "year_quarter": 20132,
            "year": 2013,
            "quarter": 2,
            "eps": 0.68,
            "eps_growth_year": 181.55,
            "eps_4q": 1.88,
            "eps_4q_growth_year": 6.97,
            "roe": 2.39,
            "roe_4q": 6.76,
            "gross_profit": 1181029,
            "gross_margin": 24.11,
            "gross_margin_4q_avg": 22.73,
            "net_income": 408593,
            "net_income_4q": null,
            "revenue": 4897631,
            "revenue_4q": null,
            "common_shares": 5770508,
            "book_valuer_per_share": 27.39,
            "book_valuer_per_share_4q_avg": 26.86,
            "equity": 17263206,
            "current_ratio": 132.45,
            "debt_ratio": 43.12,
            "inventory_turnover_ratio": 1.56,
            "account_receivable_turnover_ratio": 1.2,
            "reinvestment_rate": 78.3,
            "research_to_sale_ratio": 2.36,
            "price_fair": 82.78,
            "eps_avg_yearly": 2.37,
            "eps_latest_yearly": 2.72,
            "eps_growth_yearly": 86.22
        },
        "20133": {
            "year_quarter": 20133,
            "year": 2013,
            "quarter": 3,
            "eps": 0.55,
            "eps_growth_year": 37.62,
            "eps_4q": 2.04,
            "eps_4q_growth_year": 28.43,
            "roe": 2,
            "roe_4q": 7.370000000000001,
            "gross_profit": 1105033,
            "gross_margin": 23.21,
            "gross_margin_4q_avg": 23.15,
            "net_income": 349797,
            "net_income_4q": null,
            "revenue": 4761892,
            "revenue_4q": null,
            "common_shares": 5914771,
            "book_valuer_per_share": 27.25,
            "book_valuer_per_share_4q_avg": 27.04,
            "equity": 17637250,
            "current_ratio": 121.03,
            "debt_ratio": 42.17,
            "inventory_turnover_ratio": 1.44,
            "account_receivable_turnover_ratio": 1.16,
            "reinvestment_rate": 68.83,
            "research_to_sale_ratio": 2.53,
            "price_fair": 78.75,
            "eps_avg_yearly": 2.25,
            "eps_latest_yearly": 2.2,
            "eps_growth_yearly": 67.59
        },
        "20134": {
            "year_quarter": 20134,
            "year": 2013,
            "quarter": 4,
            "eps": 0.51,
            "eps_growth_year": 81.75,
            "eps_4q": 2.28,
            "eps_4q_growth_year": 61.26,
            "roe": 1.72,
            "roe_4q": 8.1,
            "gross_profit": 1198048,
            "gross_margin": 22.44,
            "gross_margin_4q_avg": 23.06,
            "net_income": 305306,
            "net_income_4q": null,
            "revenue": 5339741,
            "revenue_4q": null,
            "common_shares": 5914771,
            "book_valuer_per_share": 28.02,
            "book_valuer_per_share_4q_avg": 27.39,
            "equity": 17843443,
            "current_ratio": 127.37,
            "debt_ratio": 42.88,
            "inventory_turnover_ratio": 1.57,
            "account_receivable_turnover_ratio": 1.29,
            "reinvestment_rate": 36.68,
            "research_to_sale_ratio": 2.27,
            "price_fair": 73.94,
            "eps_avg_yearly": 2.11,
            "eps_latest_yearly": 2.04,
            "eps_growth_yearly": 64.54
        },
        "20141": {
            "year_quarter": 20141,
            "year": 2014,
            "quarter": 1,
            "eps": 0.67,
            "eps_growth_year": 17.54,
            "eps_4q": 2.4,
            "eps_4q_growth_year": 61,
            "roe": 2.24,
            "roe_4q": 8.35,
            "gross_profit": 1207838,
            "gross_margin": 23.22,
            "gross_margin_4q_avg": 23.25,
            "net_income": 404685,
            "net_income_4q": null,
            "revenue": 5200849,
            "revenue_4q": null,
            "common_shares": 5914771,
            "book_valuer_per_share": 28.67,
            "book_valuer_per_share_4q_avg": 27.83,
            "equity": 18231417,
            "current_ratio": 135.15,
            "debt_ratio": 42.5,
            "inventory_turnover_ratio": 1.54,
            "account_receivable_turnover_ratio": 1.2,
            "reinvestment_rate": 33.26,
            "research_to_sale_ratio": 2.64,
            "price_fair": 70.79,
            "eps_avg_yearly": 2.02,
            "eps_latest_yearly": 2.68,
            "eps_growth_yearly": 73.09
        },
        "20142": {
            "year_quarter": 20142,
            "year": 2014,
            "quarter": 2,
            "eps": 0.44,
            "eps_growth_year": -35.29,
            "eps_4q": 2.17,
            "eps_4q_growth_year": 15.53,
            "roe": 1.51,
            "roe_4q": 7.47,
            "gross_profit": 1237064,
            "gross_margin": 23.28,
            "gross_margin_4q_avg": 23.04,
            "net_income": 268348,
            "net_income_4q": null,
            "revenue": 5314394,
            "revenue_4q": null,
            "common_shares": 5914771,
            "book_valuer_per_share": 27.73,
            "book_valuer_per_share_4q_avg": 27.92,
            "equity": 17376524,
            "current_ratio": 113.95,
            "debt_ratio": 46.59,
            "inventory_turnover_ratio": 1.6,
            "account_receivable_turnover_ratio": 1.22,
            "reinvestment_rate": 47.35,
            "research_to_sale_ratio": 2.66,
            "price_fair": 68.16,
            "eps_avg_yearly": 1.95,
            "eps_latest_yearly": 1.76,
            "eps_growth_yearly": 71.55
        },
        "20143": {
            "year_quarter": 20143,
            "year": 2014,
            "quarter": 3,
            "eps": 0.38,
            "eps_growth_year": -30.91,
            "eps_4q": 2,
            "eps_4q_growth_year": -1.9,
            "roe": 1.38,
            "roe_4q": 6.85,
            "gross_profit": 1071930,
            "gross_margin": 21.09,
            "gross_margin_4q_avg": 22.51,
            "net_income": 241481,
            "net_income_4q": null,
            "revenue": 5082064,
            "revenue_4q": null,
            "common_shares": 5914771,
            "book_valuer_per_share": 28.29,
            "book_valuer_per_share_4q_avg": 28.18,
            "equity": 17729295,
            "current_ratio": 127.14,
            "debt_ratio": 46.26,
            "inventory_turnover_ratio": 1.53,
            "account_receivable_turnover_ratio": 1.15,
            "reinvestment_rate": 48.78,
            "research_to_sale_ratio": 2.84,
            "price_fair": 66.24,
            "eps_avg_yearly": 1.89,
            "eps_latest_yearly": 1.52,
            "eps_growth_yearly": 72.87
        },
        "20144": {
            "year_quarter": 20144,
            "year": 2014,
            "quarter": 4,
            "eps": 0.04,
            "eps_growth_year": -91.56,
            "eps_4q": 1.54,
            "eps_4q_growth_year": -32.44,
            "roe": 0.21,
            "roe_4q": 5.34,
            "gross_profit": 1212076,
            "gross_margin": 21.86,
            "gross_margin_4q_avg": 22.36,
            "net_income": 38009,
            "net_income_4q": null,
            "revenue": 5544351,
            "revenue_4q": null,
            "common_shares": 5914771,
            "book_valuer_per_share": 28.62,
            "book_valuer_per_share_4q_avg": 28.33,
            "equity": 17962990,
            "current_ratio": 117.31,
            "debt_ratio": 48.08,
            "inventory_turnover_ratio": 1.59,
            "account_receivable_turnover_ratio": 1.17,
            "reinvestment_rate": 57.6,
            "research_to_sale_ratio": 2.78,
            "price_fair": 65.19,
            "eps_avg_yearly": 1.86,
            "eps_latest_yearly": 0.16,
            "eps_growth_yearly": 68.83
        },
        "20151": {
            "year_quarter": 20151,
            "year": 2015,
            "quarter": 1,
            "eps": 0.7,
            "eps_growth_year": 4.48,
            "eps_4q": 1.57,
            "eps_4q_growth_year": -34.68,
            "roe": 2.38,
            "roe_4q": 5.4799999999999995,
            "gross_profit": 1304869,
            "gross_margin": 23.25,
            "gross_margin_4q_avg": 22.37,
            "net_income": 430698,
            "net_income_4q": null,
            "revenue": 5612549,
            "revenue_4q": null,
            "common_shares": 5914771,
            "book_valuer_per_share": 29.23,
            "book_valuer_per_share_4q_avg": 28.47,
            "equity": 18290598,
            "current_ratio": 114.9,
            "debt_ratio": 47.42,
            "inventory_turnover_ratio": 1.54,
            "account_receivable_turnover_ratio": 1.14,
            "reinvestment_rate": 51.56,
            "research_to_sale_ratio": 2.33,
            "price_fair": 65.54,
            "eps_avg_yearly": 1.87,
            "eps_latest_yearly": 2.8,
            "eps_growth_yearly": 403.21
        },
        "20152": {
            "year_quarter": 20152,
            "year": 2015,
            "quarter": 2,
            "eps": 0.22,
            "eps_growth_year": -50,
            "eps_4q": 1.34,
            "eps_4q_growth_year": -38.21,
            "roe": 0.74,
            "roe_4q": 4.71,
            "gross_profit": 1214376,
            "gross_margin": 22.14,
            "gross_margin_4q_avg": 22.09,
            "net_income": 134619,
            "net_income_4q": null,
            "revenue": 5485092,
            "revenue_4q": null,
            "common_shares": 5914771,
            "book_valuer_per_share": 28.62,
            "book_valuer_per_share_4q_avg": 28.69,
            "equity": 17903379,
            "current_ratio": 114.85,
            "debt_ratio": 48.28,
            "inventory_turnover_ratio": 1.55,
            "account_receivable_turnover_ratio": 1.16,
            "reinvestment_rate": 50.42,
            "research_to_sale_ratio": 2.88,
            "price_fair": 63.53,
            "eps_avg_yearly": 1.82,
            "eps_latest_yearly": 0.88,
            "eps_growth_yearly": 394.02
        },
        "20153": {
            "year_quarter": 20153,
            "year": 2015,
            "quarter": 3,
            "eps": 0.82,
            "eps_growth_year": 115.79,
            "eps_4q": 1.78,
            "eps_4q_growth_year": -11.17,
            "roe": 2.64,
            "roe_4q": 5.97,
            "gross_profit": 1161880,
            "gross_margin": 22.18,
            "gross_margin_4q_avg": 22.36,
            "net_income": 482521,
            "net_income_4q": null,
            "revenue": 5237296,
            "revenue_4q": null,
            "common_shares": 5914771,
            "book_valuer_per_share": 29.8,
            "book_valuer_per_share_4q_avg": 29.07,
            "equity": 18634484,
            "current_ratio": 113.64,
            "debt_ratio": 46.76,
            "inventory_turnover_ratio": 1.49,
            "account_receivable_turnover_ratio": 1.12,
            "reinvestment_rate": 31.16,
            "research_to_sale_ratio": 3.01,
            "price_fair": 65.54,
            "eps_avg_yearly": 1.87,
            "eps_latest_yearly": 3.28,
            "eps_growth_yearly": 454.42
        },
        "20154": {
            "year_quarter": 20154,
            "year": 2015,
            "quarter": 4,
            "eps": 1.13,
            "eps_growth_year": 2544.75,
            "eps_4q": 2.87,
            "eps_4q_growth_year": 86.35,
            "roe": 3.62,
            "roe_4q": 9.379999999999999,
            "gross_profit": 1500131,
            "gross_margin": 24.51,
            "gross_margin_4q_avg": 23.02,
            "net_income": 683098,
            "net_income_4q": null,
            "revenue": 6121319,
            "revenue_4q": null,
            "common_shares": 5914771,
            "book_valuer_per_share": 30.64,
            "book_valuer_per_share_4q_avg": 29.57,
            "equity": 19129896,
            "current_ratio": 114.42,
            "debt_ratio": 47.26,
            "inventory_turnover_ratio": 1.71,
            "account_receivable_turnover_ratio": 1.29,
            "reinvestment_rate": 43.74,
            "research_to_sale_ratio": 2.35,
            "price_fair": 71.31,
            "eps_avg_yearly": 2.04,
            "eps_latest_yearly": 4.52,
            "eps_growth_yearly": 468.96
        },
        "20161": {
            "year_quarter": 20161,
            "year": 2016,
            "quarter": 1,
            "eps": 1.04,
            "eps_growth_year": 48.57,
            "eps_4q": 3.21,
            "eps_4q_growth_year": 105.07,
            "roe": 3.28,
            "roe_4q": 10.280000000000001,
            "gross_profit": 1551065,
            "gross_margin": 26.02,
            "gross_margin_4q_avg": 23.71,
            "net_income": 635667,
            "net_income_4q": null,
            "revenue": 5961500,
            "revenue_4q": null,
            "common_shares": 5914771,
            "book_valuer_per_share": 31.52,
            "book_valuer_per_share_4q_avg": 30.15,
            "equity": 19652390,
            "current_ratio": 113.65,
            "debt_ratio": 44.45,
            "inventory_turnover_ratio": 1.68,
            "account_receivable_turnover_ratio": 1.29,
            "reinvestment_rate": 45.5,
            "research_to_sale_ratio": 2.21,
            "price_fair": 75.86,
            "eps_avg_yearly": 2.17,
            "eps_latest_yearly": 4.16,
            "eps_growth_yearly": 464.31
        },
        "20162": {
            "year_quarter": 20162,
            "year": 2016,
            "quarter": 2,
            "eps": 0.87,
            "eps_growth_year": 295.45,
            "eps_4q": 3.86,
            "eps_4q_growth_year": 187.44,
            "roe": 2.72,
            "roe_4q": 12.260000000000002,
            "gross_profit": 1422760,
            "gross_margin": 24.36,
            "gross_margin_4q_avg": 24.27,
            "net_income": 527215,
            "net_income_4q": null,
            "revenue": 5839424,
            "revenue_4q": null,
            "common_shares": 5914771,
            "book_valuer_per_share": 30.74,
            "book_valuer_per_share_4q_avg": 30.68,
            "equity": 19155808,
            "current_ratio": 112.65,
            "debt_ratio": 46.04,
            "inventory_turnover_ratio": 1.66,
            "account_receivable_turnover_ratio": 1.33,
            "reinvestment_rate": 44.14,
            "research_to_sale_ratio": 2.66,
            "price_fair": 81.38,
            "eps_avg_yearly": 2.33,
            "eps_latest_yearly": 3.48,
            "eps_growth_yearly": 473.68
        },
        "20163": {
            "year_quarter": 20163,
            "year": 2016,
            "quarter": 3,
            "eps": 0.94,
            "eps_growth_year": 14.63,
            "eps_4q": 3.98,
            "eps_4q_growth_year": 123.61,
            "roe": 2.94,
            "roe_4q": 12.559999999999999,
            "gross_profit": 1453492,
            "gross_margin": 25.06,
            "gross_margin_4q_avg": 24.99,
            "net_income": 569031,
            "net_income_4q": null,
            "revenue": 5801075,
            "revenue_4q": null,
            "common_shares": 5914771,
            "book_valuer_per_share": 31.38,
            "book_valuer_per_share_4q_avg": 31.07,
            "equity": 19522428,
            "current_ratio": 120.43,
            "debt_ratio": 44.75,
            "inventory_turnover_ratio": 1.59,
            "account_receivable_turnover_ratio": 1.34,
            "reinvestment_rate": 41.49,
            "research_to_sale_ratio": 2.74,
            "price_fair": 86.1,
            "eps_avg_yearly": 2.46,
            "eps_latest_yearly": 3.76,
            "eps_growth_yearly": 459.03
        },
        "20164": {
            "year_quarter": 20164,
            "year": 2016,
            "quarter": 4,
            "eps": 1.24,
            "eps_growth_year": 9.44,
            "eps_4q": 4.08,
            "eps_4q_growth_year": 42.46,
            "roe": 3.76,
            "roe_4q": 12.7,
            "gross_profit": 1676759,
            "gross_margin": 25.49,
            "gross_margin_4q_avg": 25.23,
            "net_income": 746551,
            "net_income_4q": null,
            "revenue": 6579283,
            "revenue_4q": null,
            "common_shares": 5914771,
            "book_valuer_per_share": 32.47,
            "book_valuer_per_share_4q_avg": 31.53,
            "equity": 20152151,
            "current_ratio": 111.46,
            "debt_ratio": 44.74,
            "inventory_turnover_ratio": 1.79,
            "account_receivable_turnover_ratio": 1.43,
            "reinvestment_rate": 46.36,
            "research_to_sale_ratio": 2.36,
            "price_fair": 94.5,
            "eps_avg_yearly": 2.7,
            "eps_latest_yearly": 4.96,
            "eps_growth_yearly": 474.51
        },
        "20171": {
            "year_quarter": 20171,
            "year": 2017,
            "quarter": 1,
            "eps": 0.86,
            "eps_growth_year": -17.31,
            "eps_4q": 3.9,
            "eps_4q_growth_year": 21.66,
            "roe": 2.61,
            "roe_4q": 12.03,
            "gross_profit": 1540825,
            "gross_margin": 25.69,
            "gross_margin_4q_avg": 25.15,
            "net_income": 527116,
            "net_income_4q": null,
            "revenue": 5998647,
            "revenue_4q": null,
            "common_shares": 5914771,
            "book_valuer_per_share": 32.7,
            "book_valuer_per_share_4q_avg": 31.82,
            "equity": 20235941,
            "current_ratio": 116.07,
            "debt_ratio": 43.2,
            "inventory_turnover_ratio": 1.61,
            "account_receivable_turnover_ratio": 1.32,
            "reinvestment_rate": 57.54,
            "research_to_sale_ratio": 2.37,
            "price_fair": 97.04,
            "eps_avg_yearly": 2.77,
            "eps_latest_yearly": 3.44,
            "eps_growth_yearly": 440.95
        },
        "20172": {
            "year_quarter": 20172,
            "year": 2017,
            "quarter": 2,
            "eps": 0.99,
            "eps_growth_year": 13.79,
            "eps_4q": 4.02,
            "eps_4q_growth_year": 4.21,
            "roe": 3.05,
            "roe_4q": 12.36,
            "gross_profit": 1476556,
            "gross_margin": 24.76,
            "gross_margin_4q_avg": 25.25,
            "net_income": 610464,
            "net_income_4q": null,
            "revenue": 5963378,
            "revenue_4q": null,
            "common_shares": 5914771,
            "book_valuer_per_share": 31.79,
            "book_valuer_per_share_4q_avg": 32.09,
            "equity": 19731576,
            "current_ratio": 103.31,
            "debt_ratio": 45.87,
            "inventory_turnover_ratio": 1.57,
            "account_receivable_turnover_ratio": 1.38,
            "reinvestment_rate": 58.32,
            "research_to_sale_ratio": 2.63,
            "price_fair": 99.75,
            "eps_avg_yearly": 2.85,
            "eps_latest_yearly": 3.96,
            "eps_growth_yearly": 439.91
        },
        "20173": {
            "year_quarter": 20173,
            "year": 2017,
            "quarter": 3,
            "eps": 1,
            "eps_growth_year": 6.38,
            "eps_4q": 4.09,
            "eps_4q_growth_year": 2.74,
            "roe": 2.94,
            "roe_4q": 12.36,
            "gross_profit": 1376063,
            "gross_margin": 22.84,
            "gross_margin_4q_avg": 24.7,
            "net_income": 591095,
            "net_income_4q": null,
            "revenue": 6025201,
            "revenue_4q": null,
            "common_shares": 5914771,
            "book_valuer_per_share": 32.95,
            "book_valuer_per_share_4q_avg": 32.48,
            "equity": 20427187,
            "current_ratio": 119.79,
            "debt_ratio": 45.07,
            "inventory_turnover_ratio": 1.55,
            "account_receivable_turnover_ratio": 1.32,
            "reinvestment_rate": 64.38,
            "research_to_sale_ratio": 2.64,
            "price_fair": 103.69,
            "eps_avg_yearly": 2.96,
            "eps_latest_yearly": 4,
            "eps_growth_yearly": 444.94
        },
        "20174": {
            "year_quarter": 20174,
            "year": 2017,
            "quarter": 4,
            "eps": 1.11,
            "eps_growth_year": -10.32,
            "eps_4q": 3.96,
            "eps_4q_growth_year": -3.07,
            "roe": 3.19,
            "roe_4q": 11.79,
            "gross_profit": 1532067,
            "gross_margin": 23.7,
            "gross_margin_4q_avg": 24.25,
            "net_income": 666806,
            "net_income_4q": null,
            "revenue": 6465657,
            "revenue_4q": null,
            "common_shares": 5914771,
            "book_valuer_per_share": 34.46,
            "book_valuer_per_share_4q_avg": 32.98,
            "equity": 21335968,
            "current_ratio": 119.73,
            "debt_ratio": 43.37,
            "inventory_turnover_ratio": 1.63,
            "account_receivable_turnover_ratio": 1.35,
            "reinvestment_rate": 63.94,
            "research_to_sale_ratio": 2.31,
            "price_fair": 108.94,
            "eps_avg_yearly": 3.11,
            "eps_latest_yearly": 4.44,
            "eps_growth_yearly": 449.51
        },
        "20181": {
            "year_quarter": 20181,
            "year": 2018,
            "quarter": 1,
            "eps": 0.84,
            "eps_growth_year": -2.33,
            "eps_4q": 3.94,
            "eps_4q_growth_year": 0.92,
            "roe": 2.32,
            "roe_4q": 11.5,
            "gross_profit": 1463316,
            "gross_margin": 23.43,
            "gross_margin_4q_avg": 23.68,
            "net_income": 503065,
            "net_income_4q": null,
            "revenue": 6245138,
            "revenue_4q": null,
            "common_shares": 5914771,
            "book_valuer_per_share": 35.56,
            "book_valuer_per_share_4q_avg": 33.69,
            "equity": 22000948,
            "current_ratio": 117.54,
            "debt_ratio": 42.64,
            "inventory_turnover_ratio": 1.6,
            "account_receivable_turnover_ratio": 1.26,
            "reinvestment_rate": 59.06,
            "research_to_sale_ratio": 2.45,
            "price_fair": 110.43,
            "eps_avg_yearly": 3.16,
            "eps_latest_yearly": 3.36,
            "eps_growth_yearly": 435.58
        },
        "20182": {
            "year_quarter": 20182,
            "year": 2018,
            "quarter": 2,
            "eps": 0.98,
            "eps_growth_year": -1.01,
            "eps_4q": 3.94,
            "eps_4q_growth_year": -2.14,
            "roe": 2.73,
            "roe_4q": 11.18,
            "gross_profit": 1257574,
            "gross_margin": 21.66,
            "gross_margin_4q_avg": 22.91,
            "net_income": 590597,
            "net_income_4q": null,
            "revenue": 5806340,
            "revenue_4q": null,
            "common_shares": 5914771,
            "book_valuer_per_share": 34.4,
            "book_valuer_per_share_4q_avg": 34.34,
            "equity": 21309871,
            "current_ratio": 104.63,
            "debt_ratio": 44.06,
            "inventory_turnover_ratio": 1.51,
            "account_receivable_turnover_ratio": 1.18,
            "reinvestment_rate": 55.05,
            "research_to_sale_ratio": 2.76,
            "price_fair": 115.15,
            "eps_avg_yearly": 3.29,
            "eps_latest_yearly": 3.92,
            "eps_growth_yearly": 448.33
        },
        "20183": {
            "year_quarter": 20183,
            "year": 2018,
            "quarter": 3,
            "eps": 0.61,
            "eps_growth_year": -39,
            "eps_4q": 3.55,
            "eps_4q_growth_year": -13.19,
            "roe": 1.68,
            "roe_4q": 9.92,
            "gross_profit": 1214582,
            "gross_margin": 22.52,
            "gross_margin_4q_avg": 22.83,
            "net_income": 358052,
            "net_income_4q": null,
            "revenue": 5394502,
            "revenue_4q": null,
            "common_shares": 5914771,
            "book_valuer_per_share": 34.48,
            "book_valuer_per_share_4q_avg": 34.73,
            "equity": 21316321,
            "current_ratio": 120.87,
            "debt_ratio": 42.49,
            "inventory_turnover_ratio": 1.4,
            "account_receivable_turnover_ratio": 1.17,
            "reinvestment_rate": 48.55,
            "research_to_sale_ratio": 3.04,
            "price_fair": 117.16,
            "eps_avg_yearly": 3.35,
            "eps_latest_yearly": 2.44,
            "eps_growth_yearly": 442.3
        },
        "20184": {
            "year_quarter": 20184,
            "year": 2018,
            "quarter": 4,
            "eps": 0.82,
            "eps_growth_year": -26.23,
            "eps_4q": 3.26,
            "eps_4q_growth_year": -17.74,
            "roe": 2.22,
            "roe_4q": 8.950000000000001,
            "gross_profit": 1326417,
            "gross_margin": 23.85,
            "gross_margin_4q_avg": 22.87,
            "net_income": 480234,
            "net_income_4q": null,
            "revenue": 5560604,
            "revenue_4q": null,
            "common_shares": 5914771,
            "book_valuer_per_share": 35.42,
            "book_valuer_per_share_4q_avg": 34.97,
            "equity": 21873327,
            "current_ratio": 120.74,
            "debt_ratio": 41.29,
            "inventory_turnover_ratio": 1.46,
            "account_receivable_turnover_ratio": 1.28,
            "reinvestment_rate": 42.55,
            "research_to_sale_ratio": 2.88,
            "price_fair": 123.99,
            "eps_avg_yearly": 3.54,
            "eps_latest_yearly": 3.28,
            "eps_growth_yearly": 473.28
        },
        "20191": {
            "year_quarter": 20191,
            "year": 2019,
            "quarter": 1,
            "eps": 0.85,
            "eps_growth_year": 1.19,
            "eps_4q": 3.26,
            "eps_4q_growth_year": -17.33,
            "roe": 2.12,
            "roe_4q": 8.75,
            "gross_profit": 1294198,
            "gross_margin": 24.37,
            "gross_margin_4q_avg": 23.1,
            "net_income": 469987,
            "net_income_4q": null,
            "revenue": 5309893,
            "revenue_4q": null,
            "common_shares": 5914771,
            "book_valuer_per_share": 36.54,
            "book_valuer_per_share_4q_avg": 35.21,
            "equity": 22527889,
            "current_ratio": 118.62,
            "debt_ratio": 39.51,
            "inventory_turnover_ratio": 1.44,
            "account_receivable_turnover_ratio": 1.24,
            "reinvestment_rate": 41.19,
            "research_to_sale_ratio": 2.39,
            "price_fair": 125.3,
            "eps_avg_yearly": 3.58,
            "eps_latest_yearly": 3.4,
            "eps_growth_yearly": 61.69
        },
        "20192": {
            "year_quarter": 20192,
            "year": 2019,
            "quarter": 2,
            "eps": 0.9,
            "eps_growth_year": -8.16,
            "eps_4q": 3.18,
            "eps_4q_growth_year": -19.26,
            "roe": 2.21,
            "roe_4q": 8.23,
            "gross_profit": 1327970,
            "gross_margin": 25.15,
            "gross_margin_4q_avg": 23.97,
            "net_income": 492052,
            "net_income_4q": null,
            "revenue": 5281076,
            "revenue_4q": null,
            "common_shares": 5914771,
            "book_valuer_per_share": 35.67,
            "book_valuer_per_share_4q_avg": 35.53,
            "equity": 21952614,
            "current_ratio": 111.16,
            "debt_ratio": 41.43,
            "inventory_turnover_ratio": 1.43,
            "account_receivable_turnover_ratio": 1.25,
            "reinvestment_rate": 38.84,
            "research_to_sale_ratio": 2.83,
            "price_fair": 131.25,
            "eps_avg_yearly": 3.75,
            "eps_latest_yearly": 3.6,
            "eps_growth_yearly": 80.3
        },
        "20193": {
            "year_quarter": 20193,
            "year": 2019,
            "quarter": 3,
            "eps": 0.76,
            "eps_growth_year": 24.59,
            "eps_4q": 3.32,
            "eps_4q_growth_year": -6.31,
            "roe": 1.93,
            "roe_4q": 8.48,
            "gross_profit": 1295365,
            "gross_margin": 25.01,
            "gross_margin_4q_avg": 24.6,
            "net_income": 425523,
            "net_income_4q": null,
            "revenue": 5178731,
            "revenue_4q": null,
            "common_shares": 5914771,
            "book_valuer_per_share": 36.21,
            "book_valuer_per_share_4q_avg": 35.96,
            "equity": 22227285,
            "current_ratio": 123.2,
            "debt_ratio": 39.74,
            "inventory_turnover_ratio": 1.39,
            "account_receivable_turnover_ratio": 1.23,
            "reinvestment_rate": 31.35,
            "research_to_sale_ratio": 3.22,
            "price_fair": 68.1,
            "eps_avg_yearly": 3.74,
            "eps_latest_yearly": 3.04,
            "eps_growth_yearly": 8.23
        },
        "20194": {
            "year_quarter": 20194,
            "year": 2019,
            "quarter": 4,
            "eps": 0.85,
            "eps_growth_year": 3.84,
            "eps_4q": 3.36,
            "eps_4q_growth_year": 3.03,
            "roe": 2.08,
            "roe_4q": 8.34,
            "gross_profit": 1485245,
            "gross_margin": 25.42,
            "gross_margin_4q_avg": 24.99,
            "net_income": 467759,
            "net_income_4q": null,
            "revenue": 5843980,
            "revenue_4q": null,
            "common_shares": 5914771,
            "book_valuer_per_share": 37.15,
            "book_valuer_per_share_4q_avg": 36.39,
            "equity": 22738837,
            "current_ratio": 115.97,
            "debt_ratio": 38.72,
            "inventory_turnover_ratio": 1.6,
            "account_receivable_turnover_ratio": 1.35,
            "reinvestment_rate": 22.82,
            "research_to_sale_ratio": 2.77,
            "price_fair": 43.04,
            "eps_avg_yearly": 3.67,
            "eps_latest_yearly": 3.4,
            "eps_growth_yearly": 1.74
        },
        "20201": {
            "year_quarter": 20201,
            "year": 2020,
            "quarter": 1,
            "eps": 0.63,
            "eps_growth_year": -25.88,
            "eps_4q": 3.14,
            "eps_4q_growth_year": -3.5,
            "roe": 1.42,
            "roe_4q": 7.64,
            "gross_profit": 1242257,
            "gross_margin": 25.9,
            "gross_margin_4q_avg": 25.37,
            "net_income": 324416,
            "net_income_4q": null,
            "revenue": 4795964,
            "revenue_4q": null,
            "common_shares": 5914771,
            "book_valuer_per_share": 37.33,
            "book_valuer_per_share_4q_avg": 36.59,
            "equity": 22792009,
            "current_ratio": 120.06,
            "debt_ratio": 37.8,
            "inventory_turnover_ratio": 1.36,
            "account_receivable_turnover_ratio": 1.11,
            "reinvestment_rate": 21.12,
            "research_to_sale_ratio": 2.66,
            "price_fair": 10.69,
            "eps_avg_yearly": 3.56,
            "eps_latest_yearly": 2.52,
            "eps_growth_yearly": -2.74
        },
        "20202": {
            "year_quarter": 20202,
            "year": 2020,
            "quarter": 2,
            "eps": -0.02,
            "eps_growth_year": -102.22,
            "eps_4q": 2.23,
            "eps_4q_growth_year": -29.89,
            "roe": -0.09,
            "roe_4q": 5.34,
            "gross_profit": 285239,
            "gross_margin": 8.63,
            "gross_margin_4q_avg": 21.24,
            "net_income": -19297,
            "net_income_4q": null,
            "revenue": 3305242,
            "revenue_4q": null,
            "common_shares": 5914771,
            "book_valuer_per_share": 35.37,
            "book_valuer_per_share_4q_avg": 36.52,
            "equity": 21606268,
            "current_ratio": 109.65,
            "debt_ratio": 39.23,
            "inventory_turnover_ratio": 1.13,
            "account_receivable_turnover_ratio": 0.9,
            "reinvestment_rate": 17.6,
            "research_to_sale_ratio": 3.61,
            "price_fair": 40.82,
            "eps_avg_yearly": 3.57,
            "eps_latest_yearly": 2.52,
            "eps_growth_yearly": 1.44
        },
        "20203": {
            "year_quarter": 20203,
            "year": 2020,
            "quarter": 3,
            "eps": 0.45,
            "eps_growth_year": -40.79,
            "eps_4q": 1.92,
            "eps_4q_growth_year": -42.31,
            "roe": 1.2,
            "roe_4q": 4.609999999999999,
            "gross_profit": 952051,
            "gross_margin": 21.03,
            "gross_margin_4q_avg": 20.25,
            "net_income": 262678,
            "net_income_4q": null,
            "revenue": 4526048,
            "revenue_4q": null,
            "common_shares": 5914771,
            "book_valuer_per_share": 36.24,
            "book_valuer_per_share_4q_avg": 36.52,
            "equity": 22126872,
            "current_ratio": 113.94,
            "debt_ratio": 37.74,
            "inventory_turnover_ratio": 1.33,
            "account_receivable_turnover_ratio": 1.39,
            "reinvestment_rate": 18.41,
            "research_to_sale_ratio": 2.87,
            "price_fair": 10.66,
            "eps_avg_yearly": 3.55,
            "eps_latest_yearly": 2.52,
            "eps_growth_yearly": -0.76
        },
        "20204": {
            "year_quarter": 20204,
            "year": 2020,
            "quarter": 4,
            "eps": 0.32,
            "eps_growth_year": -62.52,
            "eps_4q": 1.39,
            "eps_4q_growth_year": -58.7,
            "roe": 0.79,
            "roe_4q": 3.32,
            "gross_profit": 963101,
            "gross_margin": 20.51,
            "gross_margin_4q_avg": 19.02,
            "net_income": 174790,
            "net_income_4q": null,
            "revenue": 4695732,
            "revenue_4q": null,
            "common_shares": 5914771,
            "book_valuer_per_share": 36.64,
            "book_valuer_per_share_4q_avg": 36.4,
            "equity": 22359392,
            "current_ratio": 127.76,
            "debt_ratio": 37.11,
            "inventory_turnover_ratio": 1.39,
            "account_receivable_turnover_ratio": 1.38,
            "reinvestment_rate": 14,
            "research_to_sale_ratio": 2.82,
            "price_fair": 9.87,
            "eps_avg_yearly": 3.29,
            "eps_latest_yearly": 1.28,
            "eps_growth_yearly": -18.13
        },
        "20211": {
            "year_quarter": 20211,
            "year": 2021,
            "quarter": 1,
            "eps": 0.42,
            "eps_growth_year": -33.33,
            "eps_4q": 1.17,
            "eps_4q_growth_year": -62.63,
            "roe": 1.09,
            "roe_4q": 2.99,
            "gross_profit": 928729,
            "gross_margin": 20.55,
            "gross_margin_4q_avg": 17.68,
            "net_income": 244920,
            "net_income_4q": null,
            "revenue": 4518336,
            "revenue_4q": null,
            "common_shares": 5914771,
            "book_valuer_per_share": 36.99,
            "book_valuer_per_share_4q_avg": 36.31,
            "equity": 22559938,
            "current_ratio": 137.97,
            "debt_ratio": 36.46,
            "inventory_turnover_ratio": 1.33,
            "account_receivable_turnover_ratio": 1.24,
            "reinvestment_rate": 8.59,
            "research_to_sale_ratio": 2.5,
            "price_fair": 9.5,
            "eps_avg_yearly": 3.17,
            "eps_latest_yearly": 1.68,
            "eps_growth_yearly": -0.44
        },
        "20212": {
            "year_quarter": 20212,
            "year": 2021,
            "quarter": 2,
            "eps": 0.24,
            "eps_growth_year": null,
            "eps_4q": 1.43,
            "eps_4q_growth_year": -35.83,
            "roe": 0.56,
            "roe_4q": 3.6400000000000006,
            "gross_profit": 834542,
            "gross_margin": 18.72,
            "gross_margin_4q_avg": 20.2,
            "net_income": 124382,
            "net_income_4q": null,
            "revenue": 4458341,
            "revenue_4q": null,
            "common_shares": 5914771,
            "book_valuer_per_share": 36.25,
            "book_valuer_per_share_4q_avg": 36.53,
            "equity": 22097887,
            "current_ratio": 126.56,
            "debt_ratio": 36.43,
            "inventory_turnover_ratio": 1.29,
            "account_receivable_turnover_ratio": 1.24,
            "reinvestment_rate": -2.07,
            "research_to_sale_ratio": 2.87,
            "price_fair": 8.85,
            "eps_avg_yearly": 2.95,
            "eps_latest_yearly": 0.96,
            "eps_growth_yearly": -17.01
        },
        "20213": {
            "year_quarter": 20213,
            "year": 2021,
            "quarter": 3,
            "eps": 0.19,
            "eps_growth_year": -57.78,
            "eps_4q": 1.17,
            "eps_4q_growth_year": -39.01,
            "roe": 0.42,
            "roe_4q": 2.8600000000000003,
            "gross_profit": 844277,
            "gross_margin": 18.9,
            "gross_margin_4q_avg": 19.67,
            "net_income": 93220,
            "net_income_4q": null,
            "revenue": 4467546,
            "revenue_4q": null,
            "common_shares": 5914771,
            "book_valuer_per_share": 36.21,
            "book_valuer_per_share_4q_avg": 36.52,
            "equity": 22050639,
            "current_ratio": 129.22,
            "debt_ratio": 35.18,
            "inventory_turnover_ratio": 1.21,
            "account_receivable_turnover_ratio": 1.31,
            "reinvestment_rate": -16.63,
            "research_to_sale_ratio": 2.87,
            "price_fair": 8.16,
            "eps_avg_yearly": 2.72,
            "eps_latest_yearly": 0.76,
            "eps_growth_yearly": -23.25
        },
        "20214": {
            "year_quarter": 20214,
            "year": 2021,
            "quarter": 4,
            "eps": 0.31,
            "eps_growth_year": -2.17,
            "eps_4q": 1.16,
            "eps_4q_growth_year": -16.11,
            "roe": 0.79,
            "roe_4q": 2.8600000000000003,
            "gross_profit": 879597,
            "gross_margin": 17.82,
            "gross_margin_4q_avg": 19,
            "net_income": 174642,
            "net_income_4q": null,
            "revenue": 4936072,
            "revenue_4q": null,
            "common_shares": 5914771,
            "book_valuer_per_share": 36.58,
            "book_valuer_per_share_4q_avg": 36.51,
            "equity": 22267853,
            "current_ratio": 125.12,
            "debt_ratio": 35.37,
            "inventory_turnover_ratio": 1.32,
            "account_receivable_turnover_ratio": 1.39,
            "reinvestment_rate": -24.46,
            "research_to_sale_ratio": 2.85,
            "price_fair": 7.47,
            "eps_avg_yearly": 2.49,
            "eps_latest_yearly": 1.24,
            "eps_growth_yearly": -8.35
        },
        "20221": {
            "year_quarter": 20221,
            "year": 2022,
            "quarter": 1,
            "eps": 0.51,
            "eps_growth_year": 21.43,
            "eps_4q": 1.25,
            "eps_4q_growth_year": 6.26,
            "roe": 1.33,
            "roe_4q": 3.1,
            "gross_profit": 992497,
            "gross_margin": 19.75,
            "gross_margin_4q_avg": 18.8,
            "net_income": 300467,
            "net_income_4q": null,
            "revenue": 5024238,
            "revenue_4q": null,
            "common_shares": 5914771,
            "book_valuer_per_share": 37.45,
            "book_valuer_per_share_4q_avg": 36.62,
            "equity": 22795328,
            "current_ratio": 120.42,
            "debt_ratio": 35.95,
            "inventory_turnover_ratio": 1.36,
            "account_receivable_turnover_ratio": 1.28,
            "reinvestment_rate": -19.27,
            "research_to_sale_ratio": 2.25,
            "price_fair": 64.81,
            "eps_avg_yearly": 2.4,
            "eps_latest_yearly": 2.04,
            "eps_growth_yearly": 17.04
        },
        "20222": {
            "year_quarter": 20222,
            "year": 2022,
            "quarter": 2,
            "eps": 1.36,
            "eps_growth_year": 466.67,
            "eps_4q": 2.37,
            "eps_4q_growth_year": 66.08,
            "roe": 3.14,
            "roe_4q": 5.680000000000001,
            "gross_profit": 1258354,
            "gross_margin": 23.22,
            "gross_margin_4q_avg": 19.92,
            "net_income": 717915,
            "net_income_4q": null,
            "revenue": 5418894,
            "revenue_4q": null,
            "common_shares": 5914771,
            "book_valuer_per_share": 37.95,
            "book_valuer_per_share_4q_avg": 37.05,
            "equity": 22989740,
            "current_ratio": 134.44,
            "debt_ratio": 32.14,
            "inventory_turnover_ratio": 1.48,
            "account_receivable_turnover_ratio": 1.31,
            "reinvestment_rate": -49.8,
            "research_to_sale_ratio": 2.25,
            "price_fair": 87.7,
            "eps_avg_yearly": 2.51,
            "eps_latest_yearly": 5.44,
            "eps_growth_yearly": 59.89
        },
        "20223": {
            "year_quarter": 20223,
            "year": 2022,
            "quarter": 3,
            "eps": 1.19,
            "eps_growth_year": 526.32,
            "eps_4q": 3.37,
            "eps_4q_growth_year": 188.03,
            "roe": 2.92,
            "roe_4q": 8.18,
            "gross_profit": 1360287,
            "gross_margin": 24.61,
            "gross_margin_4q_avg": 21.35,
            "net_income": 682223,
            "net_income_4q": null,
            "revenue": 5526946,
            "revenue_4q": null,
            "common_shares": 5914771,
            "book_valuer_per_share": 39.32,
            "book_valuer_per_share_4q_avg": 37.83,
            "equity": 23785659,
            "current_ratio": 139.3,
            "debt_ratio": 29.64,
            "inventory_turnover_ratio": 1.45,
            "account_receivable_turnover_ratio": 1.31,
            "reinvestment_rate": -47.49,
            "research_to_sale_ratio": 2.48,
            "price_fair": 93.5,
            "eps_avg_yearly": 2.67,
            "eps_latest_yearly": 4.76,
            "eps_growth_yearly": 67.11
        },
        "20224": {
            "year_quarter": 20224,
            "year": 2022,
            "quarter": 4,
            "eps": 0.58,
            "eps_growth_year": 86.31,
            "eps_4q": 3.64,
            "eps_4q_growth_year": 212.9,
            "roe": 1.4,
            "roe_4q": 8.790000000000001,
            "gross_profit": 1416936,
            "gross_margin": 26.67,
            "gross_margin_4q_avg": 23.56,
            "net_income": 336115,
            "net_income_4q": null,
            "revenue": 5312528,
            "revenue_4q": null,
            "common_shares": 5914771,
            "book_valuer_per_share": 40.15,
            "book_valuer_per_share_4q_avg": 38.72,
            "equity": 24265487,
            "current_ratio": 144.95,
            "debt_ratio": 27.65,
            "inventory_turnover_ratio": 1.29,
            "account_receivable_turnover_ratio": 1.27,
            "reinvestment_rate": -59.74,
            "research_to_sale_ratio": 2.47,
            "price_fair": 91.1,
            "eps_avg_yearly": 2.6,
            "eps_latest_yearly": 2.32,
            "eps_growth_yearly": 42.63
        },
        "20231": {
            "year_quarter": 20231,
            "year": 2023,
            "quarter": 1,
            "eps": 0.83,
            "eps_growth_year": 62.75,
            "eps_4q": 3.96,
            "eps_4q_growth_year": 216.97,
            "roe": 2.01,
            "roe_4q": 9.47,
            "gross_profit": 1488834,
            "gross_margin": 26.59,
            "gross_margin_4q_avg": 25.27,
            "net_income": 494019,
            "net_income_4q": null,
            "revenue": 5598265,
            "revenue_4q": null,
            "common_shares": 5914771,
            "book_valuer_per_share": 41.2,
            "book_valuer_per_share_4q_avg": 39.66,
            "equity": 24817644,
            "current_ratio": 156.73,
            "debt_ratio": 26.88,
            "inventory_turnover_ratio": 1.39,
            "account_receivable_turnover_ratio": 1.3,
            "reinvestment_rate": -65.26,
            "research_to_sale_ratio": 2.27,
            "price_fair": 90.9,
            "eps_avg_yearly": 2.6,
            "eps_latest_yearly": 3.32,
            "eps_growth_yearly": 53.9
        },
        "20232": {
            "year_quarter": 20232,
            "year": 2023,
            "quarter": 2,
            "eps": 1.28,
            "eps_growth_year": -5.88,
            "eps_4q": 3.87,
            "eps_4q_growth_year": 63.15,
            "roe": 3.11,
            "roe_4q": 9.44,
            "gross_profit": 1611212,
            "gross_margin": 29.02,
            "gross_margin_4q_avg": 26.72,
            "net_income": 759194,
            "net_income_4q": null,
            "revenue": 5551192,
            "revenue_4q": null,
            "common_shares": 5914771,
            "book_valuer_per_share": 39.95,
            "book_valuer_per_share_4q_avg": 40.16,
            "equity": 24063707,
            "current_ratio": 143.72,
            "debt_ratio": 29.55,
            "inventory_turnover_ratio": 1.39,
            "account_receivable_turnover_ratio": 1.25,
            "reinvestment_rate": -73.61,
            "research_to_sale_ratio": 2.36,
            "price_fair": 94.7,
            "eps_avg_yearly": 2.71,
            "eps_latest_yearly": 5.12,
            "eps_growth_yearly": 67.71
        },
        "20233": {
            "year_quarter": 20233,
            "year": 2023,
            "quarter": 3,
            "eps": 1.65,
            "eps_growth_year": 38.66,
            "eps_4q": 4.34,
            "eps_4q_growth_year": 28.82,
            "roe": 4,
            "roe_4q": 10.52,
            "gross_profit": 1858001,
            "gross_margin": 30.19,
            "gross_margin_4q_avg": 28.12,
            "net_income": 987956,
            "net_income_4q": null,
            "revenue": 6154072,
            "revenue_4q": null,
            "common_shares": 5914771,
            "book_valuer_per_share": 42.06,
            "book_valuer_per_share_4q_avg": 40.84,
            "equity": 25333907,
            "current_ratio": 166.02,
            "debt_ratio": 26.06,
            "inventory_turnover_ratio": 1.57,
            "account_receivable_turnover_ratio": 1.35,
            "reinvestment_rate": -66.57,
            "research_to_sale_ratio": 2.18,
            "price_fair": 103.6,
            "eps_avg_yearly": 2.96,
            "eps_latest_yearly": 6.6,
            "eps_growth_yearly": 80.41
        }
    },
    "months": {
        "2001-06": {
            "month": "2001-06",
            "price": "13.42",
            "revenue": 448115
        },
        "2001-07": {
            "month": "2001-07",
            "price": "13.35",
            "revenue": 411769
        },
        "2001-08": {
            "month": "2001-08",
            "price": "14.00",
            "revenue": 431252
        },
        "2001-09": {
            "month": "2001-09",
            "price": "13.35",
            "revenue": 432662
        },
        "2001-10": {
            "month": "2001-10",
            "price": "12.85",
            "revenue": 439315
        },
        "2001-11": {
            "month": "2001-11",
            "price": "13.37",
            "revenue": 422501
        },
        "2001-12": {
            "month": "2001-12",
            "price": "14.54",
            "revenue": 447094
        },
        "2002-01": {
            "month": "2002-01",
            "price": "14.39",
            "revenue": 459657
        },
        "2002-02": {
            "month": "2002-02",
            "price": "14.38",
            "revenue": 334907
        },
        "2002-03": {
            "month": "2002-03",
            "price": "16.39",
            "revenue": 535649
        },
        "2002-04": {
            "month": "2002-04",
            "price": "20.55",
            "revenue": 468093
        },
        "2002-05": {
            "month": "2002-05",
            "price": "20.45",
            "revenue": 474554
        },
        "2002-06": {
            "month": "2002-06",
            "price": "22.66",
            "revenue": 464786
        },
        "2002-07": {
            "month": "2002-07",
            "price": "23.03",
            "revenue": 487650
        },
        "2002-08": {
            "month": "2002-08",
            "price": "22.79",
            "revenue": 435499
        },
        "2002-09": {
            "month": "2002-09",
            "price": "23.92",
            "revenue": 448394
        },
        "2002-10": {
            "month": "2002-10",
            "price": "26.00",
            "revenue": 499353
        },
        "2002-11": {
            "month": "2002-11",
            "price": "27.31",
            "revenue": 518727
        },
        "2002-12": {
            "month": "2002-12",
            "price": "29.51",
            "revenue": 504569
        },
        "2003-01": {
            "month": "2003-01",
            "price": "34.11",
            "revenue": 530799
        },
        "2003-02": {
            "month": "2003-02",
            "price": "37.92",
            "revenue": 461559
        },
        "2003-03": {
            "month": "2003-03",
            "price": "38.91",
            "revenue": 603123
        },
        "2003-04": {
            "month": "2003-04",
            "price": "42.89",
            "revenue": 615400
        },
        "2003-05": {
            "month": "2003-05",
            "price": "44.42",
            "revenue": 535642
        },
        "2003-06": {
            "month": "2003-06",
            "price": "43.62",
            "revenue": 530996
        },
        "2003-07": {
            "month": "2003-07",
            "price": "44.97",
            "revenue": 598494
        },
        "2003-08": {
            "month": "2003-08",
            "price": "45.66",
            "revenue": 512393
        },
        "2003-09": {
            "month": "2003-09",
            "price": "42.69",
            "revenue": 544891
        },
        "2003-10": {
            "month": "2003-10",
            "price": "51.28",
            "revenue": 579273
        },
        "2003-11": {
            "month": "2003-11",
            "price": "54.38",
            "revenue": 540139
        },
        "2003-12": {
            "month": "2003-12",
            "price": "52.28",
            "revenue": 619824
        },
        "2004-01": {
            "month": "2004-01",
            "price": "51.25",
            "revenue": 491862
        },
        "2004-02": {
            "month": "2004-02",
            "price": "53.56",
            "revenue": 572519
        },
        "2004-03": {
            "month": "2004-03",
            "price": "56.48",
            "revenue": 647017
        },
        "2004-04": {
            "month": "2004-04",
            "price": "57.02",
            "revenue": 675675
        },
        "2004-05": {
            "month": "2004-05",
            "price": "53.19",
            "revenue": 638049
        },
        "2004-06": {
            "month": "2004-06",
            "price": "54.40",
            "revenue": 637466
        },
        "2004-07": {
            "month": "2004-07",
            "price": "54.05",
            "revenue": 603048
        },
        "2004-08": {
            "month": "2004-08",
            "price": "50.48",
            "revenue": 594864
        },
        "2004-09": {
            "month": "2004-09",
            "price": "50.57",
            "revenue": 603485
        },
        "2004-10": {
            "month": "2004-10",
            "price": "47.62",
            "revenue": 626330
        },
        "2004-11": {
            "month": "2004-11",
            "price": "47.55",
            "revenue": 599068
        },
        "2004-12": {
            "month": "2004-12",
            "price": "48.52",
            "revenue": 591280
        },
        "2005-01": {
            "month": "2005-01",
            "price": "48.15",
            "revenue": 575130
        },
        "2005-02": {
            "month": "2005-02",
            "price": "46.35",
            "revenue": 464410
        },
        "2005-03": {
            "month": "2005-03",
            "price": "44.18",
            "revenue": 760475
        },
        "2005-04": {
            "month": "2005-04",
            "price": "43.12",
            "revenue": 685288
        },
        "2005-05": {
            "month": "2005-05",
            "price": "42.49",
            "revenue": 660248
        },
        "2005-06": {
            "month": "2005-06",
            "price": "46.21",
            "revenue": 595954
        },
        "2005-07": {
            "month": "2005-07",
            "price": "44.32",
            "revenue": 573870
        },
        "2005-08": {
            "month": "2005-08",
            "price": "42.90",
            "revenue": 619016
        },
        "2005-09": {
            "month": "2005-09",
            "price": "41.15",
            "revenue": 560692
        },
        "2005-10": {
            "month": "2005-10",
            "price": "41.16",
            "revenue": 619838
        },
        "2005-11": {
            "month": "2005-11",
            "price": "40.19",
            "revenue": 657415
        },
        "2005-12": {
            "month": "2005-12",
            "price": "40.19",
            "revenue": 625654
        },
        "2006-01": {
            "month": "2006-01",
            "price": "38.66",
            "revenue": 604866
        },
        "2006-02": {
            "month": "2006-02",
            "price": "38.18",
            "revenue": 590004
        },
        "2006-03": {
            "month": "2006-03",
            "price": "38.04",
            "revenue": 724548
        },
        "2006-04": {
            "month": "2006-04",
            "price": "41.56",
            "revenue": 632676
        },
        "2006-05": {
            "month": "2006-05",
            "price": "37.44",
            "revenue": 578744
        },
        "2006-06": {
            "month": "2006-06",
            "price": "32.26",
            "revenue": 569334
        },
        "2006-07": {
            "month": "2006-07",
            "price": "28.96",
            "revenue": 590992
        },
        "2006-08": {
            "month": "2006-08",
            "price": "24.25",
            "revenue": 630586
        },
        "2006-09": {
            "month": "2006-09",
            "price": "21.96",
            "revenue": 634948
        },
        "2006-10": {
            "month": "2006-10",
            "price": "25.84",
            "revenue": 610974
        },
        "2006-11": {
            "month": "2006-11",
            "price": "25.34",
            "revenue": 708287
        },
        "2006-12": {
            "month": "2006-12",
            "price": "25.39",
            "revenue": 692858
        },
        "2007-01": {
            "month": "2007-01",
            "price": "27.32",
            "revenue": 754610
        },
        "2007-02": {
            "month": "2007-02",
            "price": "27.61",
            "revenue": 566600
        },
        "2007-03": {
            "month": "2007-03",
            "price": "31.77",
            "revenue": 817120
        },
        "2007-04": {
            "month": "2007-04",
            "price": "32.76",
            "revenue": 742843
        },
        "2007-05": {
            "month": "2007-05",
            "price": "29.72",
            "revenue": 797910
        },
        "2007-06": {
            "month": "2007-06",
            "price": "32.86",
            "revenue": 719210
        },
        "2007-07": {
            "month": "2007-07",
            "price": "35.81",
            "revenue": 707082
        },
        "2007-08": {
            "month": "2007-08",
            "price": "37.07",
            "revenue": 653602
        },
        "2007-09": {
            "month": "2007-09",
            "price": "38.83",
            "revenue": 673625
        },
        "2007-10": {
            "month": "2007-10",
            "price": "35.28",
            "revenue": 723121
        },
        "2007-11": {
            "month": "2007-11",
            "price": "29.69",
            "revenue": 692328
        },
        "2007-12": {
            "month": "2007-12",
            "price": "27.44",
            "revenue": 686635
        },
        "2008-01": {
            "month": "2008-01",
            "price": "27.17",
            "revenue": 749064
        },
        "2008-02": {
            "month": "2008-02",
            "price": "29.11",
            "revenue": 584900
        },
        "2008-03": {
            "month": "2008-03",
            "price": "28.11",
            "revenue": 824966
        },
        "2008-04": {
            "month": "2008-04",
            "price": "28.69",
            "revenue": 777910
        },
        "2008-05": {
            "month": "2008-05",
            "price": "27.78",
            "revenue": 782820
        },
        "2008-06": {
            "month": "2008-06",
            "price": "23.67",
            "revenue": 736566
        },
        "2008-07": {
            "month": "2008-07",
            "price": "22.02",
            "revenue": 744842
        },
        "2008-08": {
            "month": "2008-08",
            "price": "22.53",
            "revenue": 674485
        },
        "2008-09": {
            "month": "2008-09",
            "price": "18.40",
            "revenue": 596955
        },
        "2008-10": {
            "month": "2008-10",
            "price": "14.70",
            "revenue": 616463
        },
        "2008-11": {
            "month": "2008-11",
            "price": "11.54",
            "revenue": 506351
        },
        "2008-12": {
            "month": "2008-12",
            "price": "11.05",
            "revenue": 589794
        },
        "2009-01": {
            "month": "2009-01",
            "price": "11.61",
            "revenue": 450556
        },
        "2009-02": {
            "month": "2009-02",
            "price": "13.85",
            "revenue": 665805
        },
        "2009-03": {
            "month": "2009-03",
            "price": "17.60",
            "revenue": 736556
        },
        "2009-04": {
            "month": "2009-04",
            "price": "25.13",
            "revenue": 748841
        },
        "2009-05": {
            "month": "2009-05",
            "price": "34.37",
            "revenue": 694874
        },
        "2009-06": {
            "month": "2009-06",
            "price": "29.60",
            "revenue": 678540
        },
        "2009-07": {
            "month": "2009-07",
            "price": "34.23",
            "revenue": 680162
        },
        "2009-08": {
            "month": "2009-08",
            "price": "36.85",
            "revenue": 652353
        },
        "2009-09": {
            "month": "2009-09",
            "price": "43.38",
            "revenue": 724511
        },
        "2009-10": {
            "month": "2009-10",
            "price": "49.20",
            "revenue": 767708
        },
        "2009-11": {
            "month": "2009-11",
            "price": "54.34",
            "revenue": 790590
        },
        "2009-12": {
            "month": "2009-12",
            "price": "57.57",
            "revenue": 791763
        },
        "2010-01": {
            "month": "2010-01",
            "price": "53.24",
            "revenue": 779482
        },
        "2010-02": {
            "month": "2010-02",
            "price": "47.97",
            "revenue": 573946
        },
        "2010-03": {
            "month": "2010-03",
            "price": "54.79",
            "revenue": 907322
        },
        "2010-04": {
            "month": "2010-04",
            "price": "57.03",
            "revenue": 831014
        },
        "2010-05": {
            "month": "2010-05",
            "price": "50.27",
            "revenue": 801973
        },
        "2010-06": {
            "month": "2010-06",
            "price": "45.78",
            "revenue": 744696
        },
        "2010-07": {
            "month": "2010-07",
            "price": "47.93",
            "revenue": 830904
        },
        "2010-08": {
            "month": "2010-08",
            "price": "52.64",
            "revenue": 785622
        },
        "2010-09": {
            "month": "2010-09",
            "price": "50.69",
            "revenue": 1050342
        },
        "2010-10": {
            "month": "2010-10",
            "price": "50.34",
            "revenue": 1089798
        },
        "2010-11": {
            "month": "2010-11",
            "price": "46.15",
            "revenue": 1078090
        },
        "2010-12": {
            "month": "2010-12",
            "price": "45.01",
            "revenue": 1079235
        },
        "2011-01": {
            "month": "2011-01",
            "price": "41.87",
            "revenue": 1054117
        },
        "2011-02": {
            "month": "2011-02",
            "price": "37.64",
            "revenue": 903875
        },
        "2011-03": {
            "month": "2011-03",
            "price": "41.04",
            "revenue": 1209168
        },
        "2011-04": {
            "month": "2011-04",
            "price": "41.65",
            "revenue": 1023855
        },
        "2011-05": {
            "month": "2011-05",
            "price": "38.49",
            "revenue": 1077926
        },
        "2011-06": {
            "month": "2011-06",
            "price": "35.84",
            "revenue": 985404
        },
        "2011-07": {
            "month": "2011-07",
            "price": "38.75",
            "revenue": 1095784
        },
        "2011-08": {
            "month": "2011-08",
            "price": "33.35",
            "revenue": 1035638
        },
        "2011-09": {
            "month": "2011-09",
            "price": "28.93",
            "revenue": 1051958
        },
        "2011-10": {
            "month": "2011-10",
            "price": "29.39",
            "revenue": 1115655
        },
        "2011-11": {
            "month": "2011-11",
            "price": "30.85",
            "revenue": 1193333
        },
        "2011-12": {
            "month": "2011-12",
            "price": "32.14",
            "revenue": 1176325
        },
        "2012-01": {
            "month": "2012-01",
            "price": "32.94",
            "revenue": 885416
        },
        "2012-02": {
            "month": "2012-02",
            "price": "35.96",
            "revenue": 1049472
        },
        "2012-03": {
            "month": "2012-03",
            "price": "34.10",
            "revenue": 1172392
        },
        "2012-04": {
            "month": "2012-04",
            "price": "29.69",
            "revenue": 1029319
        },
        "2012-05": {
            "month": "2012-05",
            "price": "28.95",
            "revenue": 1104705
        },
        "2012-06": {
            "month": "2012-06",
            "price": "28.31",
            "revenue": 1029158
        },
        "2012-07": {
            "month": "2012-07",
            "price": "28.57",
            "revenue": 1110921
        },
        "2012-08": {
            "month": "2012-08",
            "price": "29.18",
            "revenue": 1126323
        },
        "2012-09": {
            "month": "2012-09",
            "price": "28.80",
            "revenue": 1060255
        },
        "2012-10": {
            "month": "2012-10",
            "price": "26.78",
            "revenue": 1148439
        },
        "2012-11": {
            "month": "2012-11",
            "price": "23.23",
            "revenue": 1191087
        },
        "2012-12": {
            "month": "2012-12",
            "price": "25.35",
            "revenue": 1093230
        },
        "2013-01": {
            "month": "2013-01",
            "price": "26.27",
            "revenue": 1572349
        },
        "2013-02": {
            "month": "2013-02",
            "price": "27.30",
            "revenue": 1263649
        },
        "2013-03": {
            "month": "2013-03",
            "price": "27.65",
            "revenue": 1781160
        },
        "2013-04": {
            "month": "2013-04",
            "price": "29.52",
            "revenue": 1665754
        },
        "2013-05": {
            "month": "2013-05",
            "price": "32.31",
            "revenue": 1668463
        },
        "2013-06": {
            "month": "2013-06",
            "price": "34.24",
            "revenue": 1563410
        },
        "2013-07": {
            "month": "2013-07",
            "price": "39.57",
            "revenue": 1660990
        },
        "2013-08": {
            "month": "2013-08",
            "price": "41.15",
            "revenue": 1576649
        },
        "2013-09": {
            "month": "2013-09",
            "price": "43.56",
            "revenue": 1524253
        },
        "2013-10": {
            "month": "2013-10",
            "price": "46.01",
            "revenue": 1718070
        },
        "2013-11": {
            "month": "2013-11",
            "price": "44.87",
            "revenue": 1759695
        },
        "2013-12": {
            "month": "2013-12",
            "price": "46.04",
            "revenue": 1864379
        },
        "2014-01": {
            "month": "2014-01",
            "price": "42.16",
            "revenue": 1743428
        },
        "2014-02": {
            "month": "2014-02",
            "price": "42.74",
            "revenue": 1562065
        },
        "2014-03": {
            "month": "2014-03",
            "price": "43.86",
            "revenue": 1895356
        },
        "2014-04": {
            "month": "2014-04",
            "price": "44.10",
            "revenue": 1814574
        },
        "2014-05": {
            "month": "2014-05",
            "price": "42.08",
            "revenue": 1837427
        },
        "2014-06": {
            "month": "2014-06",
            "price": "41.71",
            "revenue": 1662901
        },
        "2014-07": {
            "month": "2014-07",
            "price": "38.10",
            "revenue": 1753885
        },
        "2014-08": {
            "month": "2014-08",
            "price": "37.26",
            "revenue": 1660486
        },
        "2014-09": {
            "month": "2014-09",
            "price": "34.84",
            "revenue": 1667693
        },
        "2014-10": {
            "month": "2014-10",
            "price": "30.67",
            "revenue": 1821772
        },
        "2014-11": {
            "month": "2014-11",
            "price": "32.74",
            "revenue": 1824852
        },
        "2014-12": {
            "month": "2014-12",
            "price": "35.22",
            "revenue": 1900927
        },
        "2015-01": {
            "month": "2015-01",
            "price": "37.60",
            "revenue": 1859758
        },
        "2015-02": {
            "month": "2015-02",
            "price": "38.05",
            "revenue": 1650380
        },
        "2015-03": {
            "month": "2015-03",
            "price": "37.78",
            "revenue": 2102084
        },
        "2015-04": {
            "month": "2015-04",
            "price": "36.56",
            "revenue": 1915042
        },
        "2015-05": {
            "month": "2015-05",
            "price": "34.18",
            "revenue": 1791625
        },
        "2015-06": {
            "month": "2015-06",
            "price": "30.44",
            "revenue": 1778425
        },
        "2015-07": {
            "month": "2015-07",
            "price": "31.79",
            "revenue": 1818390
        },
        "2015-08": {
            "month": "2015-08",
            "price": "30.51",
            "revenue": 1656375
        },
        "2015-09": {
            "month": "2015-09",
            "price": "29.63",
            "revenue": 1762531
        },
        "2015-10": {
            "month": "2015-10",
            "price": "34.93",
            "revenue": 1948652
        },
        "2015-11": {
            "month": "2015-11",
            "price": "37.43",
            "revenue": 2003875
        },
        "2015-12": {
            "month": "2015-12",
            "price": "38.86",
            "revenue": 2172353
        },
        "2016-01": {
            "month": "2016-01",
            "price": "42.70",
            "revenue": 2138524
        },
        "2016-02": {
            "month": "2016-02",
            "price": "46.30",
            "revenue": 1576356
        },
        "2016-03": {
            "month": "2016-03",
            "price": "46.92",
            "revenue": 2248448
        },
        "2016-04": {
            "month": "2016-04",
            "price": "51.11",
            "revenue": 1899426
        },
        "2016-05": {
            "month": "2016-05",
            "price": "48.14",
            "revenue": 2043873
        },
        "2016-06": {
            "month": "2016-06",
            "price": "48.27",
            "revenue": 1896218
        },
        "2016-07": {
            "month": "2016-07",
            "price": "52.37",
            "revenue": 1952096
        },
        "2016-08": {
            "month": "2016-08",
            "price": "60.05",
            "revenue": 1950974
        },
        "2016-09": {
            "month": "2016-09",
            "price": "67.35",
            "revenue": 1898005
        },
        "2016-10": {
            "month": "2016-10",
            "price": "73.28",
            "revenue": 2202785
        },
        "2016-11": {
            "month": "2016-11",
            "price": "66.48",
            "revenue": 2173601
        },
        "2016-12": {
            "month": "2016-12",
            "price": "63.66",
            "revenue": 2202897
        },
        "2017-01": {
            "month": "2017-01",
            "price": "59.37",
            "revenue": 1928354
        },
        "2017-02": {
            "month": "2017-02",
            "price": "60.16",
            "revenue": 1875930
        },
        "2017-03": {
            "month": "2017-03",
            "price": "57.34",
            "revenue": 2194363
        },
        "2017-04": {
            "month": "2017-04",
            "price": "51.59",
            "revenue": 1871860
        },
        "2017-05": {
            "month": "2017-05",
            "price": "52.14",
            "revenue": 1949889
        },
        "2017-06": {
            "month": "2017-06",
            "price": "54.43",
            "revenue": 2141629
        },
        "2017-07": {
            "month": "2017-07",
            "price": "58.28",
            "revenue": 1973881
        },
        "2017-08": {
            "month": "2017-08",
            "price": "55.70",
            "revenue": 2046385
        },
        "2017-09": {
            "month": "2017-09",
            "price": "59.75",
            "revenue": 2005463
        },
        "2017-10": {
            "month": "2017-10",
            "price": "63.62",
            "revenue": 2021742
        },
        "2017-11": {
            "month": "2017-11",
            "price": "58.90",
            "revenue": 2326706
        },
        "2017-12": {
            "month": "2017-12",
            "price": "56.80",
            "revenue": 2109480
        },
        "2018-01": {
            "month": "2018-01",
            "price": "56.30",
            "revenue": 2224016
        },
        "2018-02": {
            "month": "2018-02",
            "price": "52.22",
            "revenue": 1752953
        },
        "2018-03": {
            "month": "2018-03",
            "price": "52.83",
            "revenue": 2268169
        },
        "2018-04": {
            "month": "2018-04",
            "price": "53.85",
            "revenue": 1878025
        },
        "2018-05": {
            "month": "2018-05",
            "price": "51.50",
            "revenue": 2099362
        },
        "2018-06": {
            "month": "2018-06",
            "price": "49.62",
            "revenue": 1828953
        },
        "2018-07": {
            "month": "2018-07",
            "price": "44.21",
            "revenue": 1788599
        },
        "2018-08": {
            "month": "2018-08",
            "price": "45.29",
            "revenue": 1747154
        },
        "2018-09": {
            "month": "2018-09",
            "price": "42.41",
            "revenue": 1858746
        },
        "2018-10": {
            "month": "2018-10",
            "price": "37.95",
            "revenue": 1847980
        },
        "2018-11": {
            "month": "2018-11",
            "price": "38.05",
            "revenue": 1960424
        },
        "2018-12": {
            "month": "2018-12",
            "price": "37.87",
            "revenue": 1749904
        },
        "2019-01": {
            "month": "2019-01",
            "price": "38.64",
            "revenue": 1921791
        },
        "2019-02": {
            "month": "2019-02",
            "price": "38.52",
            "revenue": 1415045
        },
        "2019-03": {
            "month": "2019-03",
            "price": "39.93",
            "revenue": 1973057
        },
        "2019-04": {
            "month": "2019-04",
            "price": "42.44",
            "revenue": 1817693
        },
        "2019-05": {
            "month": "2019-05",
            "price": "43.16",
            "revenue": 1818753
        },
        "2019-06": {
            "month": "2019-06",
            "price": "42.95",
            "revenue": 1644630
        },
        "2019-07": {
            "month": "2019-07",
            "price": "46.00",
            "revenue": 1834203
        },
        "2019-08": {
            "month": "2019-08",
            "price": "44.36",
            "revenue": 1673581
        },
        "2019-09": {
            "month": "2019-09",
            "price": "47.60",
            "revenue": 1670947
        },
        "2019-10": {
            "month": "2019-10",
            "price": "46.93",
            "revenue": 1807560
        },
        "2019-11": {
            "month": "2019-11",
            "price": "45.97",
            "revenue": 2110602
        },
        "2019-12": {
            "month": "2019-12",
            "price": "46.21",
            "revenue": 1923831
        },
        "2020-01": {
            "month": "2020-01",
            "price": "45.57",
            "revenue": 1559320
        },
        "2020-02": {
            "month": "2020-02",
            "price": "41.07",
            "revenue": 1624986
        },
        "2020-03": {
            "month": "2020-03",
            "price": "33.33",
            "revenue": 1611658
        },
        "2020-04": {
            "month": "2020-04",
            "price": "33.90",
            "revenue": 1016803
        },
        "2020-05": {
            "month": "2020-05",
            "price": "36.14",
            "revenue": 1023551
        },
        "2020-06": {
            "month": "2020-06",
            "price": "38.86",
            "revenue": 1264888
        },
        "2020-07": {
            "month": "2020-07",
            "price": "36.47",
            "revenue": 1468402
        },
        "2020-08": {
            "month": "2020-08",
            "price": "36.95",
            "revenue": 1430624
        },
        "2020-09": {
            "month": "2020-09",
            "price": "37.46",
            "revenue": 1627022
        },
        "2020-10": {
            "month": "2020-10",
            "price": "37.98",
            "revenue": 1488561
        },
        "2020-11": {
            "month": "2020-11",
            "price": "38.60",
            "revenue": 1610814
        },
        "2020-12": {
            "month": "2020-12",
            "price": "38.35",
            "revenue": 1593441
        },
        "2021-01": {
            "month": "2021-01",
            "price": "37.36",
            "revenue": 1486448
        },
        "2021-02": {
            "month": "2021-02",
            "price": "35.89",
            "revenue": 1342805
        },
        "2021-03": {
            "month": "2021-03",
            "price": "36.42",
            "revenue": 1689085
        },
        "2021-04": {
            "month": "2021-04",
            "price": "37.58",
            "revenue": 1463614
        },
        "2021-05": {
            "month": "2021-05",
            "price": "33.73",
            "revenue": 1382944
        },
        "2021-06": {
            "month": "2021-06",
            "price": "34.25",
            "revenue": 1611783
        },
        "2021-07": {
            "month": "2021-07",
            "price": "36.60",
            "revenue": 1477738
        },
        "2021-08": {
            "month": "2021-08",
            "price": "34.82",
            "revenue": 1488482
        },
        "2021-09": {
            "month": "2021-09",
            "price": "34.11",
            "revenue": 1501236
        },
        "2021-10": {
            "month": "2021-10",
            "price": "33.65",
            "revenue": 1570975
        },
        "2021-11": {
            "month": "2021-11",
            "price": "33.50",
            "revenue": 1668856
        },
        "2021-12": {
            "month": "2021-12",
            "price": "33.00",
            "revenue": 1692914
        },
        "2022-01": {
            "month": "2022-01",
            "price": "32.51",
            "revenue": 1743989
        },
        "2022-02": {
            "month": "2022-02",
            "price": "32.83",
            "revenue": 1389990
        },
        "2022-03": {
            "month": "2022-03",
            "price": "31.77",
            "revenue": 1890259
        },
        "2022-04": {
            "month": "2022-04",
            "price": "32.71",
            "revenue": 1793723
        },
        "2022-05": {
            "month": "2022-05",
            "price": "35.49",
            "revenue": 1681870
        },
        "2022-06": {
            "month": "2022-06",
            "price": "43.76",
            "revenue": 1943301
        },
        "2022-07": {
            "month": "2022-07",
            "price": "48.12",
            "revenue": 1859349
        },
        "2022-08": {
            "month": "2022-08",
            "price": "50.58",
            "revenue": 1767684
        },
        "2022-09": {
            "month": "2022-09",
            "price": "53.29",
            "revenue": 1899913
        },
        "2022-10": {
            "month": "2022-10",
            "price": "46.84",
            "revenue": 1793527
        },
        "2022-11": {
            "month": "2022-11",
            "price": "45.52",
            "revenue": 1791645
        },
        "2022-12": {
            "month": "2022-12",
            "price": "45.29",
            "revenue": 1724639
        },
        "2023-01": {
            "month": "2023-01",
            "price": "43.21",
            "revenue": 1498170
        },
        "2023-02": {
            "month": "2023-02",
            "price": "44.28",
            "revenue": 1931211
        },
        "2023-03": {
            "month": "2023-03",
            "price": "44.97",
            "revenue": 2168884
        },
        "2023-04": {
            "month": "2023-04",
            "price": "47.27",
            "revenue": 1755176
        },
        "2023-05": {
            "month": "2023-05",
            "price": "49.26",
            "revenue": 1869457
        },
        "2023-06": {
            "month": "2023-06",
            "price": "52.16",
            "revenue": 1926559
        },
        "2023-07": {
            "month": "2023-07",
            "price": "53.63",
            "revenue": 1920265
        },
        "2023-08": {
            "month": "2023-08",
            "price": "61.49",
            "revenue": 2077579
        },
        "2023-09": {
            "month": "2023-09",
            "price": "74.13",
            "revenue": 2156228
        },
        "2023-10": {
            "month": "2023-10",
            "price": "79.20",
            "revenue": 2125831
        },
        "2023-11": {
            "month": "2023-11",
            "price": "76.90",
            "revenue": 2293925
        },
        "2023-12": {
            "month": "2023-12",
            "price": "80.18",
            "revenue": 2135521
        }
    }
}
