{
    "summary": {
        "stock_name": "大洋",
        "stock_id": "1321",
        "category": "塑膠",
        "main_business": "塑膠原料之製造及銷售<br>塑膠製品之製造及銷售<br>塑膠工業附帶原料之製造及銷售",
        "website_url": "http://www.opc.com.tw",
        "ceo": "陳欽明",
        "pe_ratio": 74,
        "report_year_from": 2001,
        "report_year_to": 2023,
        "age": 22,
        "eps_negative_percentage": 57,
        "eps_growth_avg": {
            "last_all": -38.42,
            "last_2y": -18.42,
            "last_4y": -18.42,
            "last_8y": -51.05,
            "last_12y": -59.21,
            "last_16y": -65.04,
            "last_20y": -38.42,
            "at_2006_last_3y": 3.15,
            "at_2007_last_3y": 3.15,
            "at_2008_last_3y": -42.75,
            "at_2009_last_3y": -100,
            "at_2010_last_3y": -100,
            "at_2011_last_3y": -100,
            "at_2012_last_3y": -100,
            "at_2013_last_3y": -100,
            "at_2014_last_3y": -100,
            "at_2015_last_3y": -100,
            "at_2016_last_3y": -100,
            "at_2017_last_3y": -100,
            "at_2018_last_3y": -100,
            "at_2019_last_3y": -100,
            "at_2020_last_3y": 100,
            "at_2021_last_3y": 22.38,
            "at_2022_last_3y": -18.42,
            "at_2023_last_3y": -18.42,
            "at_2006_last_all": 3.15,
            "at_2007_last_all": 3.15,
            "at_2008_last_all": 3.15,
            "at_2009_last_all": 3.15,
            "at_2010_last_all": -22.64,
            "at_2011_last_all": -22.64,
            "at_2012_last_all": -22.64,
            "at_2013_last_all": -22.64,
            "at_2014_last_all": -38.11,
            "at_2015_last_all": -38.11,
            "at_2016_last_all": -48.42,
            "at_2017_last_all": -48.42,
            "at_2018_last_all": -48.42,
            "at_2019_last_all": -48.42,
            "at_2020_last_all": -27.22,
            "at_2021_last_all": -30.72,
            "at_2022_last_all": -38.42,
            "at_2023_last_all": -38.42
        },
        "latest_eps": 0.47,
        "latest_price": 34.6,
        "latest_roe": 1.66,
        "latest_gross_margin": 12.23,
        "latest_equity": 5715162,
        "latest_revenue": 1331591,
        "latest_gross_profit": 162912,
        "latest_net_income": 130848,
        "latest_debt_ratio": 52.97,
        "latest_current_ratio": 185.15,
        "latest_account_receivable_turnover_ratio": 1.95,
        "latest_inventory_turnover_ratio": 2.14,
        "latest_reinvestment_rate": -32.14,
        "latest_research_to_sale_ratio": 0.27
    },
    "eps_dividends": {
        "1998": {
            "cash": 1.5,
            "stock": 2.21,
            "eps": 0
        },
        "2001": {
            "cash": 0,
            "stock": 0,
            "eps": -0.51
        },
        "2002": {
            "cash": 0,
            "stock": 0,
            "eps": -0.21
        },
        "2003": {
            "cash": 0,
            "stock": 0,
            "eps": 0.99
        },
        "2004": {
            "cash": 0.5,
            "stock": 0,
            "eps": 1.93
        },
        "2005": {
            "cash": 0.5,
            "stock": 0.5,
            "eps": 2.21
        },
        "2006": {
            "cash": 0.6,
            "stock": 0.4,
            "eps": -0.1
        },
        "2007": {
            "cash": 0.2,
            "stock": 0,
            "eps": -1.03
        },
        "2008": {
            "cash": 0,
            "stock": 0,
            "eps": -1.2
        },
        "2009": {
            "cash": 0,
            "stock": 0,
            "eps": 0.36
        },
        "2010": {
            "cash": 0,
            "stock": 0,
            "eps": -0.62
        },
        "2011": {
            "cash": 0,
            "stock": 0,
            "eps": -0.77
        },
        "2012": {
            "cash": 0,
            "stock": 0,
            "eps": -0.58
        },
        "2013": {
            "cash": 0,
            "stock": 0,
            "eps": 0.06
        },
        "2014": {
            "cash": 0,
            "stock": 0,
            "eps": -0.65
        },
        "2015": {
            "cash": 0,
            "stock": 0,
            "eps": 0.17
        },
        "2016": {
            "cash": 0,
            "stock": 0,
            "eps": -0.06
        },
        "2017": {
            "cash": 0,
            "stock": 0,
            "eps": -0.38
        },
        "2018": {
            "cash": 0,
            "stock": 0,
            "eps": -0.32
        },
        "2019": {
            "cash": 0,
            "stock": 0,
            "eps": 0.53
        },
        "2020": {
            "cash": 0,
            "stock": 0,
            "eps": 3.24
        },
        "2021": {
            "cash": 1,
            "stock": 0,
            "eps": 1.45
        },
        "2022": {
            "cash": 0.7,
            "stock": 0,
            "eps": -0.19
        },
        "2023": {
            "cash": 0,
            "stock": 0,
            "eps": 0.59
        }
    },
    "dividends": {
        "1998-05-26": {
            "cash": 1.5,
            "stock": 2.21
        },
        "2004-03-19": {
            "cash": 0.5,
            "stock": 0
        },
        "2005-03-25": {
            "cash": 0.5,
            "stock": 0.5
        },
        "2006-03-22": {
            "cash": 0.6,
            "stock": 0.4
        },
        "2007-03-21": {
            "cash": 0.2,
            "stock": 0
        },
        "2021-09-15": {
            "cash": 1,
            "stock": 0
        },
        "2022-09-15": {
            "cash": 0.7,
            "stock": 0
        }
    },
    "prices": {
        "200101": "10.03",
        "200102": "9.96",
        "200103": "8.53",
        "200104": "8.11",
        "200105": "7.00",
        "200106": "6.52",
        "200107": "5.54",
        "200108": "5.17",
        "200109": "5.88",
        "200110": "5.73",
        "200111": "5.34",
        "200112": "6.04",
        "200201": "6.75",
        "200202": "8.35",
        "200203": "10.11",
        "200204": "10.25",
        "200205": "9.01",
        "200206": "8.48",
        "200207": "9.23",
        "200208": "8.54",
        "200209": "8.67",
        "200210": "7.90",
        "200211": "8.37",
        "200212": "8.88",
        "200301": "9.77",
        "200302": "9.66",
        "200303": "8.59",
        "200304": "7.79",
        "200305": "7.34",
        "200306": "7.81",
        "200307": "8.86",
        "200308": "9.40",
        "200309": "9.35",
        "200310": "10.06",
        "200311": "10.56",
        "200312": "11.66",
        "200401": "12.60",
        "200402": "14.49",
        "200403": "19.96",
        "200404": "20.91",
        "200405": "19.14",
        "200406": "17.70",
        "200407": "16.38",
        "200408": "15.00",
        "200409": "16.01",
        "200410": "16.00",
        "200411": "15.35",
        "200412": "14.78",
        "200501": "15.09",
        "200502": "14.86",
        "200503": "15.91",
        "200504": "13.71",
        "200505": "12.05",
        "200506": "12.45",
        "200507": "12.26",
        "200508": "11.55",
        "200509": "10.26",
        "200510": "10.13",
        "200511": "10.16",
        "200512": "10.30",
        "200601": "10.81",
        "200602": "10.44",
        "200603": "10.33",
        "200604": "11.37",
        "200605": "19.19",
        "200606": "17.45",
        "200607": "18.01",
        "200608": "15.37",
        "200609": "12.83",
        "200610": "14.62",
        "200611": "14.82",
        "200612": "20.14",
        "200701": "18.25",
        "200702": "17.64",
        "200703": "18.17",
        "200704": "19.62",
        "200705": "22.12",
        "200706": "22.28",
        "200707": "27.75",
        "200708": "23.11",
        "200709": "21.89",
        "200710": "22.55",
        "200711": "18.73",
        "200712": "18.66",
        "200801": "18.62",
        "200802": "20.12",
        "200803": "23.50",
        "200804": "28.33",
        "200805": "29.55",
        "200806": "26.88",
        "200807": "22.37",
        "200808": "19.11",
        "200809": "15.92",
        "200810": "10.55",
        "200811": "9.91",
        "200812": "9.87",
        "200901": "9.92",
        "200902": "10.01",
        "200903": "11.26",
        "200904": "13.98",
        "200905": "17.92",
        "200906": "19.37",
        "200907": "24.54",
        "200908": "23.45",
        "200909": "24.18",
        "200910": "24.38",
        "200911": "22.85",
        "200912": "22.84",
        "201001": "24.32",
        "201002": "21.29",
        "201003": "22.52",
        "201004": "23.38",
        "201005": "20.64",
        "201006": "19.78",
        "201007": "20.77",
        "201008": "22.49",
        "201009": "22.26",
        "201010": "22.80",
        "201011": "23.11",
        "201012": "24.33",
        "201101": "23.32",
        "201102": "21.64",
        "201103": "20.10",
        "201104": "20.64",
        "201105": "20.66",
        "201106": "20.31",
        "201107": "20.58",
        "201108": "21.76",
        "201109": "19.81",
        "201110": "18.88",
        "201111": "19.78",
        "201112": "19.06",
        "201201": "19.10",
        "201202": "21.24",
        "201203": "22.71",
        "201204": "21.92",
        "201205": "21.67",
        "201206": "20.45",
        "201207": "20.80",
        "201208": "23.19",
        "201209": "29.33",
        "201210": "26.61",
        "201211": "24.30",
        "201212": "24.95",
        "201301": "25.90",
        "201302": "24.95",
        "201303": "28.75",
        "201304": "30.90",
        "201305": "32.28",
        "201306": "38.14",
        "201307": "37.79",
        "201308": "34.56",
        "201309": "33.76",
        "201310": "36.39",
        "201311": "34.63",
        "201312": "34.67",
        "201401": "36.12",
        "201402": "37.05",
        "201403": "42.82",
        "201404": "44.19",
        "201405": "43.21",
        "201406": "45.38",
        "201407": "42.57",
        "201408": "39.76",
        "201409": "40.15",
        "201410": "36.27",
        "201411": "35.95",
        "201412": "36.32",
        "201501": "34.92",
        "201502": "34.24",
        "201503": "34.87",
        "201504": "36.98",
        "201505": "36.17",
        "201506": "31.03",
        "201507": "27.40",
        "201508": "23.96",
        "201509": "28.29",
        "201510": "29.04",
        "201511": "28.08",
        "201512": "25.90",
        "201601": "24.50",
        "201602": "25.83",
        "201603": "26.95",
        "201604": "26.60",
        "201605": "25.32",
        "201606": "25.34",
        "201607": "25.58",
        "201608": "26.20",
        "201609": "25.70",
        "201610": "25.86",
        "201611": "25.20",
        "201612": "24.91",
        "201701": "24.94",
        "201702": "27.33",
        "201703": "26.65",
        "201704": "25.17",
        "201705": "25.22",
        "201706": "25.74",
        "201707": "26.01",
        "201708": "30.74",
        "201709": "29.45",
        "201710": "29.19",
        "201711": "28.81",
        "201712": "28.20",
        "201801": "29.39",
        "201802": "28.28",
        "201803": "27.72",
        "201804": "27.19",
        "201805": "28.10",
        "201806": "27.78",
        "201807": "27.00",
        "201808": "26.73",
        "201809": "27.19",
        "201810": "26.04",
        "201811": "25.92",
        "201812": "26.60",
        "201901": "25.93",
        "201902": "26.07",
        "201903": "26.21",
        "201904": "26.76",
        "201905": "27.42",
        "201906": "28.22",
        "201907": "27.95",
        "201908": "28.59",
        "201909": "29.83",
        "201910": "33.97",
        "201911": "36.85",
        "201912": "37.08",
        "202001": "37.35",
        "202002": "32.03",
        "202003": "26.20",
        "202004": "28.15",
        "202005": "30.16",
        "202006": "31.97",
        "202007": "33.05",
        "202008": "34.30",
        "202009": "35.51",
        "202010": "35.05",
        "202011": "35.35",
        "202012": "35.19",
        "202101": "34.68",
        "202102": "33.47",
        "202103": "35.24",
        "202104": "38.82",
        "202105": "36.33",
        "202106": "37.15",
        "202107": "36.65",
        "202108": "35.10",
        "202109": "32.69",
        "202110": "33.20",
        "202111": "34.32",
        "202112": "34.92",
        "202201": "34.10",
        "202202": "33.95",
        "202203": "34.02",
        "202204": "34.13",
        "202205": "32.56",
        "202206": "32.32",
        "202207": "31.85",
        "202208": "36.23",
        "202209": "36.05",
        "202210": "33.53",
        "202211": "33.22",
        "202212": "33.59",
        "202301": "33.31",
        "202302": "34.70",
        "202303": "36.90",
        "202304": "36.20",
        "202305": "34.12",
        "202306": "34.56"
    },
    "quarters": {
        "20011": {
            "year_quarter": 20011,
            "year": 2001,
            "quarter": 1,
            "eps": -0.04,
            "eps_growth_year": -200,
            "eps_4q": -1.16,
            "eps_4q_growth_year": -386.37,
            "roe": -0.3,
            "roe_4q": -0.3,
            "gross_profit": 57737,
            "gross_margin": 5.96,
            "gross_margin_4q_avg": 5.96,
            "net_income": -7787,
            "revenue": 967981,
            "common_shares": 2080845,
            "book_valuer_per_share": 12.64,
            "book_valuer_per_share_4q_avg": 12.64,
            "equity": 2631146,
            "current_ratio": 174.27,
            "debt_ratio": 37.58,
            "inventory_turnover_ratio": 1.81,
            "account_receivable_turnover_ratio": null,
            "reinvestment_rate": null,
            "research_to_sale_ratio": null,
            "price_fair": 0,
            "eps_avg_yearly": 0,
            "eps_latest_yearly": 0,
            "eps_growth_yearly": 0
        },
        "20012": {
            "year_quarter": 20012,
            "year": 2001,
            "quarter": 2,
            "eps": -0.12,
            "eps_growth_year": null,
            "eps_4q": -0.97,
            "eps_4q_growth_year": null,
            "roe": -0.96,
            "roe_4q": -1.26,
            "gross_profit": 61807,
            "gross_margin": 6.45,
            "gross_margin_4q_avg": 6.21,
            "net_income": -25097,
            "revenue": 958691,
            "common_shares": 2080845,
            "book_valuer_per_share": 12.54,
            "book_valuer_per_share_4q_avg": 12.59,
            "equity": 2608623,
            "current_ratio": 177.01,
            "debt_ratio": 36.79,
            "inventory_turnover_ratio": 1.7,
            "account_receivable_turnover_ratio": null,
            "reinvestment_rate": null,
            "research_to_sale_ratio": null,
            "price_fair": 0,
            "eps_avg_yearly": 0,
            "eps_latest_yearly": 0,
            "eps_growth_yearly": 0
        },
        "20013": {
            "year_quarter": 20013,
            "year": 2001,
            "quarter": 3,
            "eps": -0.56,
            "eps_growth_year": null,
            "eps_4q": -1.1,
            "eps_4q_growth_year": null,
            "roe": -4.55,
            "roe_4q": -5.81,
            "gross_profit": 21068,
            "gross_margin": 2.36,
            "gross_margin_4q_avg": 4.92,
            "net_income": -116085,
            "revenue": 894360,
            "common_shares": 2080845,
            "book_valuer_per_share": 11.97,
            "book_valuer_per_share_4q_avg": 12.38,
            "equity": 2491271,
            "current_ratio": 144.98,
            "debt_ratio": 39.15,
            "inventory_turnover_ratio": 1.76,
            "account_receivable_turnover_ratio": null,
            "reinvestment_rate": null,
            "research_to_sale_ratio": null,
            "price_fair": 0,
            "eps_avg_yearly": 0,
            "eps_latest_yearly": 0,
            "eps_growth_yearly": 0
        },
        "20014": {
            "year_quarter": 20014,
            "year": 2001,
            "quarter": 4,
            "eps": 0.21,
            "eps_growth_year": null,
            "eps_4q": -0.51,
            "eps_4q_growth_year": null,
            "roe": 1.73,
            "roe_4q": -4.08,
            "gross_profit": 104384,
            "gross_margin": 10.57,
            "gross_margin_4q_avg": 6.34,
            "net_income": 43547,
            "revenue": 987290,
            "common_shares": 2080845,
            "book_valuer_per_share": 12.19,
            "book_valuer_per_share_4q_avg": 12.34,
            "equity": 2537287,
            "current_ratio": 157.36,
            "debt_ratio": 38.3,
            "inventory_turnover_ratio": 1.88,
            "account_receivable_turnover_ratio": null,
            "reinvestment_rate": null,
            "research_to_sale_ratio": null,
            "price_fair": 0,
            "eps_avg_yearly": 0,
            "eps_latest_yearly": 0,
            "eps_growth_yearly": 0
        },
        "20021": {
            "year_quarter": 20021,
            "year": 2002,
            "quarter": 1,
            "eps": 0.09,
            "eps_growth_year": null,
            "eps_4q": -0.41,
            "eps_4q_growth_year": null,
            "roe": 0.7,
            "roe_4q": -3.08,
            "gross_profit": 83864,
            "gross_margin": 8.58,
            "gross_margin_4q_avg": 6.99,
            "net_income": 17685,
            "revenue": 977637,
            "common_shares": 2080845,
            "book_valuer_per_share": 12.12,
            "book_valuer_per_share_4q_avg": 12.21,
            "equity": 2521895,
            "current_ratio": 153.85,
            "debt_ratio": 40.29,
            "inventory_turnover_ratio": 1.73,
            "account_receivable_turnover_ratio": null,
            "reinvestment_rate": null,
            "research_to_sale_ratio": null,
            "price_fair": 1.08,
            "eps_avg_yearly": 0.36,
            "eps_latest_yearly": 0.36,
            "eps_growth_yearly": -228.57
        },
        "20022": {
            "year_quarter": 20022,
            "year": 2002,
            "quarter": 2,
            "eps": -0.11,
            "eps_growth_year": null,
            "eps_4q": -0.37,
            "eps_4q_growth_year": null,
            "roe": -0.88,
            "roe_4q": -3,
            "gross_profit": 80106,
            "gross_margin": 7.45,
            "gross_margin_4q_avg": 7.24,
            "net_income": -22075,
            "revenue": 1075034,
            "common_shares": 2080845,
            "book_valuer_per_share": 12.01,
            "book_valuer_per_share_4q_avg": 12.07,
            "equity": 2499472,
            "current_ratio": 188.02,
            "debt_ratio": 41.79,
            "inventory_turnover_ratio": 1.73,
            "account_receivable_turnover_ratio": null,
            "reinvestment_rate": null,
            "research_to_sale_ratio": null,
            "price_fair": 1.08,
            "eps_avg_yearly": 0.36,
            "eps_latest_yearly": 0.36,
            "eps_growth_yearly": -228.57
        },
        "20023": {
            "year_quarter": 20023,
            "year": 2002,
            "quarter": 3,
            "eps": -0.5,
            "eps_growth_year": null,
            "eps_4q": -0.3,
            "eps_4q_growth_year": null,
            "roe": -4.14,
            "roe_4q": -2.5899999999999994,
            "gross_profit": 9393,
            "gross_margin": 0.95,
            "gross_margin_4q_avg": 6.89,
            "net_income": -101316,
            "revenue": 985454,
            "common_shares": 2080845,
            "book_valuer_per_share": 11.53,
            "book_valuer_per_share_4q_avg": 11.96,
            "equity": 2399309,
            "current_ratio": 160.68,
            "debt_ratio": 42.86,
            "inventory_turnover_ratio": 1.64,
            "account_receivable_turnover_ratio": null,
            "reinvestment_rate": null,
            "research_to_sale_ratio": null,
            "price_fair": 1.08,
            "eps_avg_yearly": 0.36,
            "eps_latest_yearly": 0.36,
            "eps_growth_yearly": -228.57
        },
        "20024": {
            "year_quarter": 20024,
            "year": 2002,
            "quarter": 4,
            "eps": 0.31,
            "eps_growth_year": 47.62,
            "eps_4q": -0.22,
            "eps_4q_growth_year": null,
            "roe": 2.53,
            "roe_4q": -1.7899999999999998,
            "gross_profit": 10806,
            "gross_margin": 1.07,
            "gross_margin_4q_avg": 4.51,
            "net_income": 61586,
            "revenue": 1007704,
            "common_shares": 2080845,
            "book_valuer_per_share": 11.82,
            "book_valuer_per_share_4q_avg": 11.87,
            "equity": 2460587,
            "current_ratio": 193.19,
            "debt_ratio": 41.33,
            "inventory_turnover_ratio": 1.86,
            "account_receivable_turnover_ratio": null,
            "reinvestment_rate": null,
            "research_to_sale_ratio": null,
            "price_fair": 1.08,
            "eps_avg_yearly": 0.36,
            "eps_latest_yearly": 0.36,
            "eps_growth_yearly": -228.57
        },
        "20031": {
            "year_quarter": 20031,
            "year": 2003,
            "quarter": 1,
            "eps": -0.39,
            "eps_growth_year": -533.33,
            "eps_4q": -0.7,
            "eps_4q_growth_year": null,
            "roe": -3.23,
            "roe_4q": -5.72,
            "gross_profit": -11761,
            "gross_margin": -1.19,
            "gross_margin_4q_avg": 2.07,
            "net_income": -78278,
            "revenue": 989433,
            "common_shares": 2080845,
            "book_valuer_per_share": 11.46,
            "book_valuer_per_share_4q_avg": 11.71,
            "equity": 2383984,
            "current_ratio": 154.35,
            "debt_ratio": 44.87,
            "inventory_turnover_ratio": 1.85,
            "account_receivable_turnover_ratio": null,
            "reinvestment_rate": null,
            "research_to_sale_ratio": null,
            "price_fair": 1.08,
            "eps_avg_yearly": 0.36,
            "eps_latest_yearly": 0.36,
            "eps_growth_yearly": -228.57
        },
        "20032": {
            "year_quarter": 20032,
            "year": 2003,
            "quarter": 2,
            "eps": -0.06,
            "eps_growth_year": null,
            "eps_4q": -0.62,
            "eps_4q_growth_year": null,
            "roe": -0.49,
            "roe_4q": -5.33,
            "gross_profit": -16067,
            "gross_margin": -1.83,
            "gross_margin_4q_avg": -0.25,
            "net_income": -11667,
            "revenue": 880061,
            "common_shares": 2080845,
            "book_valuer_per_share": 11.4,
            "book_valuer_per_share_4q_avg": 11.55,
            "equity": 2371434,
            "current_ratio": 147.52,
            "debt_ratio": 42.65,
            "inventory_turnover_ratio": 1.65,
            "account_receivable_turnover_ratio": null,
            "reinvestment_rate": null,
            "research_to_sale_ratio": null,
            "price_fair": 1.08,
            "eps_avg_yearly": 0.36,
            "eps_latest_yearly": 0.36,
            "eps_growth_yearly": -228.57
        },
        "20033": {
            "year_quarter": 20033,
            "year": 2003,
            "quarter": 3,
            "eps": 0.66,
            "eps_growth_year": null,
            "eps_4q": 0.52,
            "eps_4q_growth_year": null,
            "roe": 5.45,
            "roe_4q": 4.26,
            "gross_profit": 5682,
            "gross_margin": 0.63,
            "gross_margin_4q_avg": -0.33,
            "net_income": 132853,
            "revenue": 907383,
            "common_shares": 2080845,
            "book_valuer_per_share": 12.01,
            "book_valuer_per_share_4q_avg": 11.67,
            "equity": 2500078,
            "current_ratio": 144.92,
            "debt_ratio": 41.57,
            "inventory_turnover_ratio": 1.79,
            "account_receivable_turnover_ratio": null,
            "reinvestment_rate": null,
            "research_to_sale_ratio": null,
            "price_fair": 1.08,
            "eps_avg_yearly": 0.36,
            "eps_latest_yearly": 0.36,
            "eps_growth_yearly": -228.57
        },
        "20034": {
            "year_quarter": 20034,
            "year": 2003,
            "quarter": 4,
            "eps": 0.78,
            "eps_growth_year": 151.61,
            "eps_4q": 0.99,
            "eps_4q_growth_year": null,
            "roe": 6.13,
            "roe_4q": 7.859999999999999,
            "gross_profit": 33695,
            "gross_margin": 3.22,
            "gross_margin_4q_avg": 0.21,
            "net_income": 157967,
            "revenue": 1046248,
            "common_shares": 2080845,
            "book_valuer_per_share": 12.77,
            "book_valuer_per_share_4q_avg": 11.91,
            "equity": 2656739,
            "current_ratio": 200.14,
            "debt_ratio": 41.64,
            "inventory_turnover_ratio": 2.09,
            "account_receivable_turnover_ratio": null,
            "reinvestment_rate": null,
            "research_to_sale_ratio": null,
            "price_fair": 5.22,
            "eps_avg_yearly": 1.74,
            "eps_latest_yearly": 3.12,
            "eps_growth_yearly": -77.92
        },
        "20041": {
            "year_quarter": 20041,
            "year": 2004,
            "quarter": 1,
            "eps": 2.49,
            "eps_growth_year": null,
            "eps_4q": 3.87,
            "eps_4q_growth_year": null,
            "roe": 17.29,
            "roe_4q": 28.38,
            "gross_profit": 17229,
            "gross_margin": 1.64,
            "gross_margin_4q_avg": 0.92,
            "net_income": 503034,
            "revenue": 1052233,
            "common_shares": 2080845,
            "book_valuer_per_share": 15.19,
            "book_valuer_per_share_4q_avg": 12.84,
            "equity": 3161476,
            "current_ratio": 178.38,
            "debt_ratio": 27.05,
            "inventory_turnover_ratio": 2.05,
            "account_receivable_turnover_ratio": null,
            "reinvestment_rate": -173.49,
            "research_to_sale_ratio": null,
            "price_fair": 156.8,
            "eps_avg_yearly": 4.48,
            "eps_latest_yearly": 9.96,
            "eps_growth_yearly": 240.36
        },
        "20042": {
            "year_quarter": 20042,
            "year": 2004,
            "quarter": 2,
            "eps": -0.71,
            "eps_growth_year": null,
            "eps_4q": 3.13,
            "eps_4q_growth_year": null,
            "roe": -4.7,
            "roe_4q": 24.169999999999998,
            "gross_profit": 11931,
            "gross_margin": 1.04,
            "gross_margin_4q_avg": 1.63,
            "net_income": -142720,
            "revenue": 1152495,
            "common_shares": 2080845,
            "book_valuer_per_share": 13.99,
            "book_valuer_per_share_4q_avg": 13.49,
            "equity": 2911382,
            "current_ratio": 155.58,
            "debt_ratio": 31.81,
            "inventory_turnover_ratio": 1.97,
            "account_receivable_turnover_ratio": null,
            "reinvestment_rate": -272.4,
            "research_to_sale_ratio": null,
            "price_fair": 156.8,
            "eps_avg_yearly": 4.48,
            "eps_latest_yearly": 9.96,
            "eps_growth_yearly": 240.36
        },
        "20043": {
            "year_quarter": 20043,
            "year": 2004,
            "quarter": 3,
            "eps": 0.05,
            "eps_growth_year": -92.42,
            "eps_4q": 2.48,
            "eps_4q_growth_year": 377.39,
            "roe": 0.37,
            "roe_4q": 19.09,
            "gross_profit": 42404,
            "gross_margin": 3.43,
            "gross_margin_4q_avg": 2.33,
            "net_income": 10672,
            "revenue": 1237015,
            "common_shares": 2080845,
            "book_valuer_per_share": 14.04,
            "book_valuer_per_share_4q_avg": 14,
            "equity": 2922054,
            "current_ratio": 150.28,
            "debt_ratio": 32.72,
            "inventory_turnover_ratio": 1.89,
            "account_receivable_turnover_ratio": null,
            "reinvestment_rate": -210.44,
            "research_to_sale_ratio": null,
            "price_fair": 156.8,
            "eps_avg_yearly": 4.48,
            "eps_latest_yearly": 9.96,
            "eps_growth_yearly": 240.36
        },
        "20044": {
            "year_quarter": 20044,
            "year": 2004,
            "quarter": 4,
            "eps": 0.1,
            "eps_growth_year": -87.18,
            "eps_4q": 1.88,
            "eps_4q_growth_year": 89.18,
            "roe": 0.71,
            "roe_4q": 13.669999999999998,
            "gross_profit": 69347,
            "gross_margin": 5.37,
            "gross_margin_4q_avg": 2.87,
            "net_income": 20884,
            "revenue": 1291416,
            "common_shares": 2080845,
            "book_valuer_per_share": 14.07,
            "book_valuer_per_share_4q_avg": 14.32,
            "equity": 2926993,
            "current_ratio": 155.96,
            "debt_ratio": 31.81,
            "inventory_turnover_ratio": 1.91,
            "account_receivable_turnover_ratio": null,
            "reinvestment_rate": -170.66,
            "research_to_sale_ratio": null,
            "price_fair": 121.1,
            "eps_avg_yearly": 3.46,
            "eps_latest_yearly": 0.4,
            "eps_growth_yearly": 280.27
        },
        "20051": {
            "year_quarter": 20051,
            "year": 2005,
            "quarter": 1,
            "eps": 0.72,
            "eps_growth_year": -71.08,
            "eps_4q": 0.17,
            "eps_4q_growth_year": -95.56,
            "roe": 4.87,
            "roe_4q": 1.25,
            "gross_profit": 74547,
            "gross_margin": 6.2,
            "gross_margin_4q_avg": 4.01,
            "net_income": 146039,
            "revenue": 1202954,
            "common_shares": 2080845,
            "book_valuer_per_share": 14.77,
            "book_valuer_per_share_4q_avg": 14.22,
            "equity": 3073032,
            "current_ratio": 168.67,
            "debt_ratio": 29.58,
            "inventory_turnover_ratio": 1.74,
            "account_receivable_turnover_ratio": null,
            "reinvestment_rate": -130.44,
            "research_to_sale_ratio": null,
            "price_fair": 117.04,
            "eps_avg_yearly": 3.34,
            "eps_latest_yearly": 2.88,
            "eps_growth_yearly": 720.22
        },
        "20052": {
            "year_quarter": 20052,
            "year": 2005,
            "quarter": 2,
            "eps": 0,
            "eps_growth_year": null,
            "eps_4q": 0.86,
            "eps_4q_growth_year": -72.59,
            "roe": 0.03,
            "roe_4q": 5.98,
            "gross_profit": 65603,
            "gross_margin": 5.73,
            "gross_margin_4q_avg": 5.18,
            "net_income": 876,
            "revenue": 1144422,
            "common_shares": 2080845,
            "book_valuer_per_share": 14.24,
            "book_valuer_per_share_4q_avg": 14.28,
            "equity": 2962871,
            "current_ratio": 162.24,
            "debt_ratio": 29.79,
            "inventory_turnover_ratio": 1.73,
            "account_receivable_turnover_ratio": null,
            "reinvestment_rate": -120.86,
            "research_to_sale_ratio": null,
            "price_fair": 117.04,
            "eps_avg_yearly": 3.34,
            "eps_latest_yearly": 2.88,
            "eps_growth_yearly": 720.22
        },
        "20053": {
            "year_quarter": 20053,
            "year": 2005,
            "quarter": 3,
            "eps": 0.63,
            "eps_growth_year": 1160,
            "eps_4q": 1.42,
            "eps_4q_growth_year": -42.82,
            "roe": 4.42,
            "roe_4q": 10.030000000000001,
            "gross_profit": 147771,
            "gross_margin": 11.75,
            "gross_margin_4q_avg": 7.26,
            "net_income": 134337,
            "revenue": 1257356,
            "common_shares": 2184887,
            "book_valuer_per_share": 14.28,
            "book_valuer_per_share_4q_avg": 14.34,
            "equity": 3120165,
            "current_ratio": 208.8,
            "debt_ratio": 27.53,
            "inventory_turnover_ratio": 1.95,
            "account_receivable_turnover_ratio": null,
            "reinvestment_rate": -85.11,
            "research_to_sale_ratio": null,
            "price_fair": 117.04,
            "eps_avg_yearly": 3.34,
            "eps_latest_yearly": 2.88,
            "eps_growth_yearly": 720.22
        },
        "20054": {
            "year_quarter": 20054,
            "year": 2005,
            "quarter": 4,
            "eps": 0.86,
            "eps_growth_year": 760,
            "eps_4q": 2.18,
            "eps_4q_growth_year": 16.4,
            "roe": 5.69,
            "roe_4q": 15.009999999999998,
            "gross_profit": 147912,
            "gross_margin": 11.51,
            "gross_margin_4q_avg": 8.8,
            "net_income": 182660,
            "revenue": 1285126,
            "common_shares": 2184887,
            "book_valuer_per_share": 15.12,
            "book_valuer_per_share_4q_avg": 14.6,
            "equity": 3305512,
            "current_ratio": 270.07,
            "debt_ratio": 27.64,
            "inventory_turnover_ratio": 1.92,
            "account_receivable_turnover_ratio": null,
            "reinvestment_rate": -50.47,
            "research_to_sale_ratio": null,
            "price_fair": 117.6,
            "eps_avg_yearly": 3.36,
            "eps_latest_yearly": 3.44,
            "eps_growth_yearly": 624.52
        },
        "20061": {
            "year_quarter": 20061,
            "year": 2006,
            "quarter": 1,
            "eps": 1.06,
            "eps_growth_year": 47.22,
            "eps_4q": 2.56,
            "eps_4q_growth_year": 1387.63,
            "roe": 6.59,
            "roe_4q": 16.730000000000004,
            "gross_profit": 150678,
            "gross_margin": 12.3,
            "gross_margin_4q_avg": 10.32,
            "net_income": 224955,
            "revenue": 1225118,
            "common_shares": 2184887,
            "book_valuer_per_share": 16.12,
            "book_valuer_per_share_4q_avg": 14.94,
            "equity": 3522146,
            "current_ratio": 237.93,
            "debt_ratio": 23.73,
            "inventory_turnover_ratio": 1.72,
            "account_receivable_turnover_ratio": null,
            "reinvestment_rate": -54.3,
            "research_to_sale_ratio": null,
            "price_fair": 140.23,
            "eps_avg_yearly": 4.01,
            "eps_latest_yearly": 4.24,
            "eps_growth_yearly": 678.12
        },
        "20062": {
            "year_quarter": 20062,
            "year": 2006,
            "quarter": 2,
            "eps": -0.68,
            "eps_growth_year": null,
            "eps_4q": 1.82,
            "eps_4q_growth_year": 112.37,
            "roe": -4.26,
            "roe_4q": 12.44,
            "gross_profit": 164065,
            "gross_margin": 11.9,
            "gross_margin_4q_avg": 11.87,
            "net_income": -143986,
            "revenue": 1378373,
            "common_shares": 2184887,
            "book_valuer_per_share": 14.83,
            "book_valuer_per_share_4q_avg": 15.09,
            "equity": 3240313,
            "current_ratio": 189.88,
            "debt_ratio": 27.99,
            "inventory_turnover_ratio": 2.03,
            "account_receivable_turnover_ratio": null,
            "reinvestment_rate": -57.57,
            "research_to_sale_ratio": null,
            "price_fair": 140.23,
            "eps_avg_yearly": 4.01,
            "eps_latest_yearly": 4.24,
            "eps_growth_yearly": 678.12
        },
        "20063": {
            "year_quarter": 20063,
            "year": 2006,
            "quarter": 3,
            "eps": -0.36,
            "eps_growth_year": -157.14,
            "eps_4q": 0.81,
            "eps_4q_growth_year": -42.93,
            "roe": -2.49,
            "roe_4q": 5.53,
            "gross_profit": 148843,
            "gross_margin": 10.97,
            "gross_margin_4q_avg": 11.67,
            "net_income": -79888,
            "revenue": 1356720,
            "common_shares": 2272283,
            "book_valuer_per_share": 13.97,
            "book_valuer_per_share_4q_avg": 15.01,
            "equity": 3175161,
            "current_ratio": 192.98,
            "debt_ratio": 27.6,
            "inventory_turnover_ratio": 2.02,
            "account_receivable_turnover_ratio": null,
            "reinvestment_rate": -54.67,
            "research_to_sale_ratio": null,
            "price_fair": 140.23,
            "eps_avg_yearly": 4.01,
            "eps_latest_yearly": 4.24,
            "eps_growth_yearly": 678.12
        },
        "20064": {
            "year_quarter": 20064,
            "year": 2006,
            "quarter": 4,
            "eps": -0.12,
            "eps_growth_year": -113.95,
            "eps_4q": -0.11,
            "eps_4q_growth_year": -104.89,
            "roe": -0.82,
            "roe_4q": -0.9800000000000004,
            "gross_profit": 72594,
            "gross_margin": 5.67,
            "gross_margin_4q_avg": 10.21,
            "net_income": -25917,
            "revenue": 1280354,
            "common_shares": 2272282,
            "book_valuer_per_share": 13.85,
            "book_valuer_per_share_4q_avg": 14.69,
            "equity": 3148493,
            "current_ratio": 225.4,
            "debt_ratio": 30.28,
            "inventory_turnover_ratio": 1.86,
            "account_receivable_turnover_ratio": null,
            "reinvestment_rate": -57.39,
            "research_to_sale_ratio": null,
            "price_fair": 140.23,
            "eps_avg_yearly": 4.01,
            "eps_latest_yearly": 4.24,
            "eps_growth_yearly": 678.12
        },
        "20071": {
            "year_quarter": 20071,
            "year": 2007,
            "quarter": 1,
            "eps": -0.65,
            "eps_growth_year": -161.32,
            "eps_4q": -1.77,
            "eps_4q_growth_year": -169.39,
            "roe": -4.68,
            "roe_4q": -12.25,
            "gross_profit": 112357,
            "gross_margin": 9.03,
            "gross_margin_4q_avg": 9.39,
            "net_income": -144332,
            "revenue": 1244788,
            "common_shares": 2272283,
            "book_valuer_per_share": 13.3,
            "book_valuer_per_share_4q_avg": 13.99,
            "equity": 3021861,
            "current_ratio": 164.57,
            "debt_ratio": 30.01,
            "inventory_turnover_ratio": 1.73,
            "account_receivable_turnover_ratio": null,
            "reinvestment_rate": -85.87,
            "research_to_sale_ratio": null,
            "price_fair": 140.23,
            "eps_avg_yearly": 4.01,
            "eps_latest_yearly": 4.24,
            "eps_growth_yearly": 678.12
        },
        "20072": {
            "year_quarter": 20072,
            "year": 2007,
            "quarter": 2,
            "eps": 0.43,
            "eps_growth_year": null,
            "eps_4q": -0.7,
            "eps_4q_growth_year": -138.66,
            "roe": 3.12,
            "roe_4q": -4.869999999999999,
            "gross_profit": 159768,
            "gross_margin": 10.48,
            "gross_margin_4q_avg": 9.04,
            "net_income": 94831,
            "revenue": 1524374,
            "common_shares": 2272282,
            "book_valuer_per_share": 13.46,
            "book_valuer_per_share_4q_avg": 13.65,
            "equity": 3057840,
            "current_ratio": 161.62,
            "debt_ratio": 31.11,
            "inventory_turnover_ratio": 2.17,
            "account_receivable_turnover_ratio": null,
            "reinvestment_rate": -75.12,
            "research_to_sale_ratio": null,
            "price_fair": 140.23,
            "eps_avg_yearly": 4.01,
            "eps_latest_yearly": 4.24,
            "eps_growth_yearly": 678.12
        },
        "20073": {
            "year_quarter": 20073,
            "year": 2007,
            "quarter": 3,
            "eps": -0.02,
            "eps_growth_year": null,
            "eps_4q": -0.35,
            "eps_4q_growth_year": -143.56,
            "roe": -0.15,
            "roe_4q": -2.5299999999999994,
            "gross_profit": 143457,
            "gross_margin": 9.42,
            "gross_margin_4q_avg": 8.65,
            "net_income": -4624,
            "revenue": 1522639,
            "common_shares": 2272283,
            "book_valuer_per_share": 13.45,
            "book_valuer_per_share_4q_avg": 13.52,
            "equity": 3056667,
            "current_ratio": 161.89,
            "debt_ratio": 33.36,
            "inventory_turnover_ratio": 2.02,
            "account_receivable_turnover_ratio": null,
            "reinvestment_rate": -86.54,
            "research_to_sale_ratio": null,
            "price_fair": 140.23,
            "eps_avg_yearly": 4.01,
            "eps_latest_yearly": 4.24,
            "eps_growth_yearly": 678.12
        },
        "20074": {
            "year_quarter": 20074,
            "year": 2007,
            "quarter": 4,
            "eps": -0.79,
            "eps_growth_year": null,
            "eps_4q": -1.03,
            "eps_4q_growth_year": null,
            "roe": -5.88,
            "roe_4q": -7.59,
            "gross_profit": 93968,
            "gross_margin": 6.69,
            "gross_margin_4q_avg": 8.91,
            "net_income": -174815,
            "revenue": 1405311,
            "common_shares": 2272283,
            "book_valuer_per_share": 12.72,
            "book_valuer_per_share_4q_avg": 13.23,
            "equity": 2891969,
            "current_ratio": 181.59,
            "debt_ratio": 36.55,
            "inventory_turnover_ratio": 1.62,
            "account_receivable_turnover_ratio": null,
            "reinvestment_rate": -40.36,
            "research_to_sale_ratio": null,
            "price_fair": 146.44,
            "eps_avg_yearly": 4.18,
            "eps_latest_yearly": 4.24,
            "eps_growth_yearly": 799.2
        },
        "20081": {
            "year_quarter": 20081,
            "year": 2008,
            "quarter": 1,
            "eps": -0.12,
            "eps_growth_year": null,
            "eps_4q": -0.54,
            "eps_4q_growth_year": null,
            "roe": -0.86,
            "roe_4q": -3.7700000000000005,
            "gross_profit": 114679,
            "gross_margin": 7.86,
            "gross_margin_4q_avg": 8.61,
            "net_income": -24737,
            "revenue": 1459664,
            "common_shares": 2272283,
            "book_valuer_per_share": 12.58,
            "book_valuer_per_share_4q_avg": 13.05,
            "equity": 2860145,
            "current_ratio": 188.3,
            "debt_ratio": 36.47,
            "inventory_turnover_ratio": 1.58,
            "account_receivable_turnover_ratio": null,
            "reinvestment_rate": -210.66,
            "research_to_sale_ratio": null,
            "price_fair": 95.9,
            "eps_avg_yearly": 2.74,
            "eps_latest_yearly": 4.24,
            "eps_growth_yearly": 779.76
        },
        "20082": {
            "year_quarter": 20082,
            "year": 2008,
            "quarter": 2,
            "eps": -0.01,
            "eps_growth_year": -102.33,
            "eps_4q": -0.91,
            "eps_4q_growth_year": null,
            "roe": -0.12,
            "roe_4q": -7.01,
            "gross_profit": 112930,
            "gross_margin": 6.92,
            "gross_margin_4q_avg": 7.72,
            "net_income": -3452,
            "revenue": 1632993,
            "common_shares": 2272283,
            "book_valuer_per_share": 12.7,
            "book_valuer_per_share_4q_avg": 12.86,
            "equity": 2886205,
            "current_ratio": 179.22,
            "debt_ratio": 40.59,
            "inventory_turnover_ratio": 1.72,
            "account_receivable_turnover_ratio": null,
            "reinvestment_rate": 0.75,
            "research_to_sale_ratio": null,
            "price_fair": 95.9,
            "eps_avg_yearly": 2.74,
            "eps_latest_yearly": 4.24,
            "eps_growth_yearly": 779.76
        },
        "20083": {
            "year_quarter": 20083,
            "year": 2008,
            "quarter": 3,
            "eps": 0.04,
            "eps_growth_year": null,
            "eps_4q": -0.81,
            "eps_4q_growth_year": null,
            "roe": 0.34,
            "roe_4q": -6.52,
            "gross_profit": 96287,
            "gross_margin": 6.82,
            "gross_margin_4q_avg": 7.07,
            "net_income": 9546,
            "revenue": 1411351,
            "common_shares": 2272283,
            "book_valuer_per_share": 12.25,
            "book_valuer_per_share_4q_avg": 12.56,
            "equity": 2784576,
            "current_ratio": 158.13,
            "debt_ratio": 42.05,
            "inventory_turnover_ratio": 1.34,
            "account_receivable_turnover_ratio": null,
            "reinvestment_rate": 62.73,
            "research_to_sale_ratio": null,
            "price_fair": 95.9,
            "eps_avg_yearly": 2.74,
            "eps_latest_yearly": 4.24,
            "eps_growth_yearly": 779.76
        },
        "20084": {
            "year_quarter": 20084,
            "year": 2008,
            "quarter": 4,
            "eps": -1.11,
            "eps_growth_year": null,
            "eps_4q": -1.2,
            "eps_4q_growth_year": null,
            "roe": -9.15,
            "roe_4q": -9.79,
            "gross_profit": -9779,
            "gross_margin": -0.87,
            "gross_margin_4q_avg": 5.18,
            "net_income": -245275,
            "revenue": 1124842,
            "common_shares": 2272283,
            "book_valuer_per_share": 11.35,
            "book_valuer_per_share_4q_avg": 12.22,
            "equity": 2578892,
            "current_ratio": 156.75,
            "debt_ratio": 40.68,
            "inventory_turnover_ratio": 1.3,
            "account_receivable_turnover_ratio": 4.37,
            "reinvestment_rate": null,
            "research_to_sale_ratio": null,
            "price_fair": 123.2,
            "eps_avg_yearly": 3.52,
            "eps_latest_yearly": 4.24,
            "eps_growth_yearly": 906.35
        },
        "20091": {
            "year_quarter": 20091,
            "year": 2009,
            "quarter": 1,
            "eps": -0.11,
            "eps_growth_year": null,
            "eps_4q": -1.16,
            "eps_4q_growth_year": null,
            "roe": -0.96,
            "roe_4q": -9.889999999999999,
            "gross_profit": 59601,
            "gross_margin": 5.35,
            "gross_margin_4q_avg": 4.56,
            "net_income": -24891,
            "revenue": 1114574,
            "common_shares": 2272283,
            "book_valuer_per_share": 11.4,
            "book_valuer_per_share_4q_avg": 11.93,
            "equity": 2590821,
            "current_ratio": 146.76,
            "debt_ratio": 39.98,
            "inventory_turnover_ratio": 1.54,
            "account_receivable_turnover_ratio": 2.14,
            "reinvestment_rate": null,
            "research_to_sale_ratio": null,
            "price_fair": 134.4,
            "eps_avg_yearly": 3.84,
            "eps_latest_yearly": 4.24,
            "eps_growth_yearly": 119.53
        },
        "20092": {
            "year_quarter": 20092,
            "year": 2009,
            "quarter": 2,
            "eps": 0.12,
            "eps_growth_year": null,
            "eps_4q": -1.07,
            "eps_4q_growth_year": null,
            "roe": 1.02,
            "roe_4q": -8.75,
            "gross_profit": 149865,
            "gross_margin": 10.9,
            "gross_margin_4q_avg": 5.55,
            "net_income": 26294,
            "revenue": 1375182,
            "common_shares": 2272283,
            "book_valuer_per_share": 11.3,
            "book_valuer_per_share_4q_avg": 11.58,
            "equity": 2568360,
            "current_ratio": 144.15,
            "debt_ratio": 42.11,
            "inventory_turnover_ratio": 1.8,
            "account_receivable_turnover_ratio": 2.28,
            "reinvestment_rate": null,
            "research_to_sale_ratio": null,
            "price_fair": 134.4,
            "eps_avg_yearly": 3.84,
            "eps_latest_yearly": 4.24,
            "eps_growth_yearly": 119.53
        },
        "20093": {
            "year_quarter": 20093,
            "year": 2009,
            "quarter": 3,
            "eps": 0.26,
            "eps_growth_year": 550,
            "eps_4q": -0.84,
            "eps_4q_growth_year": null,
            "roe": 2.22,
            "roe_4q": -6.87,
            "gross_profit": 161939,
            "gross_margin": 11.02,
            "gross_margin_4q_avg": 6.6,
            "net_income": 57712,
            "revenue": 1468996,
            "common_shares": 2272283,
            "book_valuer_per_share": 11.6,
            "book_valuer_per_share_4q_avg": 11.41,
            "equity": 2635233,
            "current_ratio": 137.94,
            "debt_ratio": 43.01,
            "inventory_turnover_ratio": 1.83,
            "account_receivable_turnover_ratio": 2.08,
            "reinvestment_rate": null,
            "research_to_sale_ratio": null,
            "price_fair": 101.73,
            "eps_avg_yearly": 2.91,
            "eps_latest_yearly": 1.04,
            "eps_growth_yearly": 235.24
        },
        "20094": {
            "year_quarter": 20094,
            "year": 2009,
            "quarter": 4,
            "eps": 0.09,
            "eps_growth_year": null,
            "eps_4q": 0.36,
            "eps_4q_growth_year": null,
            "roe": 0.76,
            "roe_4q": 3.04,
            "gross_profit": 124266,
            "gross_margin": 8.06,
            "gross_margin_4q_avg": 8.83,
            "net_income": 20298,
            "revenue": 1542629,
            "common_shares": 2272283,
            "book_valuer_per_share": 12.13,
            "book_valuer_per_share_4q_avg": 11.61,
            "equity": 2676412,
            "current_ratio": 142.28,
            "debt_ratio": 41.22,
            "inventory_turnover_ratio": 1.98,
            "account_receivable_turnover_ratio": 3.78,
            "reinvestment_rate": null,
            "research_to_sale_ratio": null,
            "price_fair": 65.8,
            "eps_avg_yearly": 1.88,
            "eps_latest_yearly": 0.36,
            "eps_growth_yearly": 99.38
        },
        "20101": {
            "year_quarter": 20101,
            "year": 2010,
            "quarter": 1,
            "eps": -0.03,
            "eps_growth_year": null,
            "eps_4q": 0.45,
            "eps_4q_growth_year": null,
            "roe": -0.21,
            "roe_4q": 3.7900000000000005,
            "gross_profit": 92006,
            "gross_margin": 6.32,
            "gross_margin_4q_avg": 9.08,
            "net_income": -5539,
            "revenue": 1456749,
            "common_shares": 2272283,
            "book_valuer_per_share": 12.14,
            "book_valuer_per_share_4q_avg": 11.79,
            "equity": 2678983,
            "current_ratio": 141.48,
            "debt_ratio": 41.6,
            "inventory_turnover_ratio": 1.74,
            "account_receivable_turnover_ratio": 1.96,
            "reinvestment_rate": null,
            "research_to_sale_ratio": null,
            "price_fair": 24.5,
            "eps_avg_yearly": 0.7,
            "eps_latest_yearly": 0.36,
            "eps_growth_yearly": 102.56
        },
        "20102": {
            "year_quarter": 20102,
            "year": 2010,
            "quarter": 2,
            "eps": -0.35,
            "eps_growth_year": -387.66,
            "eps_4q": -0.02,
            "eps_4q_growth_year": null,
            "roe": -2.85,
            "roe_4q": -0.07999999999999963,
            "gross_profit": 81223,
            "gross_margin": 5,
            "gross_margin_4q_avg": 7.6,
            "net_income": -76178,
            "revenue": 1625199,
            "common_shares": 2272283,
            "book_valuer_per_share": 12.09,
            "book_valuer_per_share_4q_avg": 11.99,
            "equity": 2668230,
            "current_ratio": 138.71,
            "debt_ratio": 41.16,
            "inventory_turnover_ratio": 1.88,
            "account_receivable_turnover_ratio": 2.32,
            "reinvestment_rate": null,
            "research_to_sale_ratio": null,
            "price_fair": 24.5,
            "eps_avg_yearly": 0.7,
            "eps_latest_yearly": 0.36,
            "eps_growth_yearly": 102.56
        },
        "20103": {
            "year_quarter": 20103,
            "year": 2010,
            "quarter": 3,
            "eps": -0.1,
            "eps_growth_year": -138.39,
            "eps_4q": -0.38,
            "eps_4q_growth_year": null,
            "roe": -0.82,
            "roe_4q": -3.12,
            "gross_profit": 73108,
            "gross_margin": 4.42,
            "gross_margin_4q_avg": 5.95,
            "net_income": -22027,
            "revenue": 1652621,
            "common_shares": 2272283,
            "book_valuer_per_share": 12.11,
            "book_valuer_per_share_4q_avg": 12.12,
            "equity": 2671838,
            "current_ratio": 150.83,
            "debt_ratio": 42.65,
            "inventory_turnover_ratio": 1.94,
            "account_receivable_turnover_ratio": 2.28,
            "reinvestment_rate": null,
            "research_to_sale_ratio": null,
            "price_fair": 24.5,
            "eps_avg_yearly": 0.7,
            "eps_latest_yearly": 0.36,
            "eps_growth_yearly": 102.56
        },
        "20104": {
            "year_quarter": 20104,
            "year": 2010,
            "quarter": 4,
            "eps": -0.14,
            "eps_growth_year": -257.36,
            "eps_4q": -0.61,
            "eps_4q_growth_year": -269.99,
            "roe": -1.19,
            "roe_4q": -5.069999999999999,
            "gross_profit": 72528,
            "gross_margin": 5.23,
            "gross_margin_4q_avg": 5.24,
            "net_income": -31254,
            "revenue": 1387933,
            "common_shares": 2272283,
            "book_valuer_per_share": 11.74,
            "book_valuer_per_share_4q_avg": 12.02,
            "equity": 2590237,
            "current_ratio": 144.72,
            "debt_ratio": 43.44,
            "inventory_turnover_ratio": 1.47,
            "account_receivable_turnover_ratio": 2.27,
            "reinvestment_rate": null,
            "research_to_sale_ratio": null,
            "price_fair": 24.5,
            "eps_avg_yearly": 0.7,
            "eps_latest_yearly": 0.36,
            "eps_growth_yearly": 102.56
        },
        "20111": {
            "year_quarter": 20111,
            "year": 2011,
            "quarter": 1,
            "eps": -0.29,
            "eps_growth_year": null,
            "eps_4q": -0.87,
            "eps_4q_growth_year": -294.92,
            "roe": -2.46,
            "roe_4q": -7.32,
            "gross_profit": 25619,
            "gross_margin": 1.72,
            "gross_margin_4q_avg": 4.09,
            "net_income": -63054,
            "revenue": 1485842,
            "common_shares": 2272283,
            "book_valuer_per_share": 11.45,
            "book_valuer_per_share_4q_avg": 11.85,
            "equity": 2527843,
            "current_ratio": 159.93,
            "debt_ratio": 45.15,
            "inventory_turnover_ratio": 1.58,
            "account_receivable_turnover_ratio": 2.63,
            "reinvestment_rate": null,
            "research_to_sale_ratio": null,
            "price_fair": 24.5,
            "eps_avg_yearly": 0.7,
            "eps_latest_yearly": 0.36,
            "eps_growth_yearly": 102.56
        },
        "20112": {
            "year_quarter": 20112,
            "year": 2011,
            "quarter": 2,
            "eps": -0.2,
            "eps_growth_year": null,
            "eps_4q": -0.72,
            "eps_4q_growth_year": null,
            "roe": -1.74,
            "roe_4q": -6.210000000000001,
            "gross_profit": 48837,
            "gross_margin": 3.21,
            "gross_margin_4q_avg": 3.65,
            "net_income": -43240,
            "revenue": 1522933,
            "common_shares": 2272283,
            "book_valuer_per_share": 11.09,
            "book_valuer_per_share_4q_avg": 11.6,
            "equity": 2448254,
            "current_ratio": 149.22,
            "debt_ratio": 46.62,
            "inventory_turnover_ratio": 1.7,
            "account_receivable_turnover_ratio": 2.57,
            "reinvestment_rate": null,
            "research_to_sale_ratio": null,
            "price_fair": 24.5,
            "eps_avg_yearly": 0.7,
            "eps_latest_yearly": 0.36,
            "eps_growth_yearly": 102.56
        },
        "20113": {
            "year_quarter": 20113,
            "year": 2011,
            "quarter": 3,
            "eps": -0.39,
            "eps_growth_year": null,
            "eps_4q": -1.01,
            "eps_4q_growth_year": null,
            "roe": -3.51,
            "roe_4q": -8.9,
            "gross_profit": 7300,
            "gross_margin": 0.53,
            "gross_margin_4q_avg": 2.67,
            "net_income": -85018,
            "revenue": 1388724,
            "common_shares": 2272283,
            "book_valuer_per_share": 10.88,
            "book_valuer_per_share_4q_avg": 11.29,
            "equity": 2400989,
            "current_ratio": 137.58,
            "debt_ratio": 48.2,
            "inventory_turnover_ratio": 1.63,
            "account_receivable_turnover_ratio": 2.51,
            "reinvestment_rate": null,
            "research_to_sale_ratio": null,
            "price_fair": 24.5,
            "eps_avg_yearly": 0.7,
            "eps_latest_yearly": 0.36,
            "eps_growth_yearly": 102.56
        },
        "20114": {
            "year_quarter": 20114,
            "year": 2011,
            "quarter": 4,
            "eps": 0.11,
            "eps_growth_year": null,
            "eps_4q": -0.76,
            "eps_4q_growth_year": null,
            "roe": 0.61,
            "roe_4q": -7.1,
            "gross_profit": -31506,
            "gross_margin": -2.38,
            "gross_margin_4q_avg": 0.77,
            "net_income": 23545,
            "revenue": 1321358,
            "common_shares": 2272283,
            "book_valuer_per_share": 23.87,
            "book_valuer_per_share_4q_avg": 14.32,
            "equity": 5268430,
            "current_ratio": 127.67,
            "debt_ratio": 40.21,
            "inventory_turnover_ratio": 1.78,
            "account_receivable_turnover_ratio": 2.33,
            "reinvestment_rate": null,
            "research_to_sale_ratio": null,
            "price_fair": 24.5,
            "eps_avg_yearly": 0.7,
            "eps_latest_yearly": 0.36,
            "eps_growth_yearly": 102.56
        },
        "20121": {
            "year_quarter": 20121,
            "year": 2012,
            "quarter": 1,
            "eps": 0,
            "eps_growth_year": null,
            "eps_4q": -0.48,
            "eps_4q_growth_year": null,
            "roe": -0.01,
            "roe_4q": -4.6499999999999995,
            "gross_profit": 82098,
            "gross_margin": 6.08,
            "gross_margin_4q_avg": 1.86,
            "net_income": -593,
            "revenue": 1349325,
            "common_shares": 2272283,
            "book_valuer_per_share": 23.82,
            "book_valuer_per_share_4q_avg": 17.42,
            "equity": 5255803,
            "current_ratio": 124.34,
            "debt_ratio": 40.36,
            "inventory_turnover_ratio": 1.95,
            "account_receivable_turnover_ratio": 2.28,
            "reinvestment_rate": null,
            "research_to_sale_ratio": null,
            "price_fair": 24.5,
            "eps_avg_yearly": 0.7,
            "eps_latest_yearly": 0.36,
            "eps_growth_yearly": 102.56
        },
        "20122": {
            "year_quarter": 20122,
            "year": 2012,
            "quarter": 2,
            "eps": -0.31,
            "eps_growth_year": null,
            "eps_4q": -0.59,
            "eps_4q_growth_year": null,
            "roe": -1.31,
            "roe_4q": -4.22,
            "gross_profit": 14030,
            "gross_margin": 1.08,
            "gross_margin_4q_avg": 1.33,
            "net_income": -68222,
            "revenue": 1304381,
            "common_shares": 2272283,
            "book_valuer_per_share": 23.47,
            "book_valuer_per_share_4q_avg": 20.51,
            "equity": 5179689,
            "current_ratio": 116.06,
            "debt_ratio": 41.12,
            "inventory_turnover_ratio": 1.98,
            "account_receivable_turnover_ratio": 2.4,
            "reinvestment_rate": null,
            "research_to_sale_ratio": null,
            "price_fair": 24.5,
            "eps_avg_yearly": 0.7,
            "eps_latest_yearly": 0.36,
            "eps_growth_yearly": 102.56
        },
        "20123": {
            "year_quarter": 20123,
            "year": 2012,
            "quarter": 3,
            "eps": -0.07,
            "eps_growth_year": null,
            "eps_4q": -0.27,
            "eps_4q_growth_year": null,
            "roe": -0.28,
            "roe_4q": -0.9900000000000001,
            "gross_profit": 63462,
            "gross_margin": 4.47,
            "gross_margin_4q_avg": 2.31,
            "net_income": -14739,
            "revenue": 1419854,
            "common_shares": 2272283,
            "book_valuer_per_share": 23.42,
            "book_valuer_per_share_4q_avg": 23.65,
            "equity": 5169248,
            "current_ratio": 134.42,
            "debt_ratio": 41.54,
            "inventory_turnover_ratio": 1.99,
            "account_receivable_turnover_ratio": 2.65,
            "reinvestment_rate": null,
            "research_to_sale_ratio": null,
            "price_fair": 24.5,
            "eps_avg_yearly": 0.7,
            "eps_latest_yearly": 0.36,
            "eps_growth_yearly": 102.56
        },
        "20124": {
            "year_quarter": 20124,
            "year": 2012,
            "quarter": 4,
            "eps": -0.2,
            "eps_growth_year": -286.01,
            "eps_4q": -0.58,
            "eps_4q_growth_year": null,
            "roe": -0.85,
            "roe_4q": -2.4499999999999997,
            "gross_profit": 62817,
            "gross_margin": 4.47,
            "gross_margin_4q_avg": 4.03,
            "net_income": -43796,
            "revenue": 1405979,
            "common_shares": 2272283,
            "book_valuer_per_share": 23.14,
            "book_valuer_per_share_4q_avg": 23.46,
            "equity": 5107206,
            "current_ratio": 131.93,
            "debt_ratio": 41.67,
            "inventory_turnover_ratio": 2.03,
            "account_receivable_turnover_ratio": 2.39,
            "reinvestment_rate": null,
            "research_to_sale_ratio": null,
            "price_fair": 24.5,
            "eps_avg_yearly": 0.7,
            "eps_latest_yearly": 0.36,
            "eps_growth_yearly": 102.56
        },
        "20131": {
            "year_quarter": 20131,
            "year": 2013,
            "quarter": 1,
            "eps": 0.01,
            "eps_growth_year": null,
            "eps_4q": -0.57,
            "eps_4q_growth_year": null,
            "roe": 0.03,
            "roe_4q": -2.41,
            "gross_profit": 81079,
            "gross_margin": 6.6,
            "gross_margin_4q_avg": 4.16,
            "net_income": 1384,
            "revenue": 1228602,
            "common_shares": 2272283,
            "book_valuer_per_share": 22.85,
            "book_valuer_per_share_4q_avg": 23.22,
            "equity": 5042233,
            "current_ratio": 123.27,
            "debt_ratio": 43.61,
            "inventory_turnover_ratio": 1.63,
            "account_receivable_turnover_ratio": 2.24,
            "reinvestment_rate": null,
            "research_to_sale_ratio": 0.2,
            "price_fair": 24.5,
            "eps_avg_yearly": 0.7,
            "eps_latest_yearly": 0.36,
            "eps_growth_yearly": 102.56
        },
        "20132": {
            "year_quarter": 20132,
            "year": 2013,
            "quarter": 2,
            "eps": 0.03,
            "eps_growth_year": null,
            "eps_4q": -0.23,
            "eps_4q_growth_year": null,
            "roe": 0.15,
            "roe_4q": -0.95,
            "gross_profit": 81167,
            "gross_margin": 5,
            "gross_margin_4q_avg": 5.14,
            "net_income": 7430,
            "revenue": 1621867,
            "common_shares": 2272283,
            "book_valuer_per_share": 23.04,
            "book_valuer_per_share_4q_avg": 23.11,
            "equity": 5085081,
            "current_ratio": 129.16,
            "debt_ratio": 43.6,
            "inventory_turnover_ratio": 2.11,
            "account_receivable_turnover_ratio": 2.79,
            "reinvestment_rate": null,
            "research_to_sale_ratio": 0.14,
            "price_fair": 17.73,
            "eps_avg_yearly": 0.51,
            "eps_latest_yearly": 0.12,
            "eps_growth_yearly": 335.04
        },
        "20133": {
            "year_quarter": 20133,
            "year": 2013,
            "quarter": 3,
            "eps": 0.14,
            "eps_growth_year": null,
            "eps_4q": -0.01,
            "eps_4q_growth_year": null,
            "roe": 0.63,
            "roe_4q": -0.039999999999999925,
            "gross_profit": 120896,
            "gross_margin": 7.94,
            "gross_margin_4q_avg": 6,
            "net_income": 31955,
            "revenue": 1523004,
            "common_shares": 2272283,
            "book_valuer_per_share": 23.11,
            "book_valuer_per_share_4q_avg": 23.04,
            "equity": 5098947,
            "current_ratio": 135.76,
            "debt_ratio": 42.23,
            "inventory_turnover_ratio": 2.05,
            "account_receivable_turnover_ratio": 2.41,
            "reinvestment_rate": null,
            "research_to_sale_ratio": 0.14,
            "price_fair": 12.13,
            "eps_avg_yearly": 0.35,
            "eps_latest_yearly": 0.56,
            "eps_growth_yearly": 668.38
        },
        "20134": {
            "year_quarter": 20134,
            "year": 2013,
            "quarter": 4,
            "eps": -0.12,
            "eps_growth_year": null,
            "eps_4q": 0.06,
            "eps_4q_growth_year": null,
            "roe": -0.54,
            "roe_4q": 0.26999999999999996,
            "gross_profit": 89089,
            "gross_margin": 5.88,
            "gross_margin_4q_avg": 6.36,
            "net_income": -27560,
            "revenue": 1516284,
            "common_shares": 2272283,
            "book_valuer_per_share": 23.07,
            "book_valuer_per_share_4q_avg": 23.02,
            "equity": 5090300,
            "current_ratio": 141.09,
            "debt_ratio": 43.66,
            "inventory_turnover_ratio": 2.19,
            "account_receivable_turnover_ratio": 2.39,
            "reinvestment_rate": null,
            "research_to_sale_ratio": 0.16,
            "price_fair": 11.9,
            "eps_avg_yearly": 0.34,
            "eps_latest_yearly": 0.56,
            "eps_growth_yearly": 1133.33
        },
        "20141": {
            "year_quarter": 20141,
            "year": 2014,
            "quarter": 1,
            "eps": 0.01,
            "eps_growth_year": 0,
            "eps_4q": 0.06,
            "eps_4q_growth_year": null,
            "roe": 0.03,
            "roe_4q": 0.27,
            "gross_profit": 74598,
            "gross_margin": 5.78,
            "gross_margin_4q_avg": 6.15,
            "net_income": 1446,
            "revenue": 1291037,
            "common_shares": 2272283,
            "book_valuer_per_share": 23.06,
            "book_valuer_per_share_4q_avg": 23.07,
            "equity": 5088900,
            "current_ratio": 111.13,
            "debt_ratio": 44.58,
            "inventory_turnover_ratio": 1.81,
            "account_receivable_turnover_ratio": 2.22,
            "reinvestment_rate": null,
            "research_to_sale_ratio": 0.19,
            "price_fair": 11.9,
            "eps_avg_yearly": 0.34,
            "eps_latest_yearly": 0.56,
            "eps_growth_yearly": 1133.33
        },
        "20142": {
            "year_quarter": 20142,
            "year": 2014,
            "quarter": 2,
            "eps": -0.13,
            "eps_growth_year": -533.33,
            "eps_4q": -0.1,
            "eps_4q_growth_year": null,
            "roe": -0.55,
            "roe_4q": -0.43000000000000005,
            "gross_profit": 63667,
            "gross_margin": 4.15,
            "gross_margin_4q_avg": 5.94,
            "net_income": -27748,
            "revenue": 1535527,
            "common_shares": 2272283,
            "book_valuer_per_share": 22.9,
            "book_valuer_per_share_4q_avg": 23.04,
            "equity": 5052657,
            "current_ratio": 118.09,
            "debt_ratio": 47.29,
            "inventory_turnover_ratio": 1.99,
            "account_receivable_turnover_ratio": 2.59,
            "reinvestment_rate": null,
            "research_to_sale_ratio": 0.16,
            "price_fair": 11.9,
            "eps_avg_yearly": 0.34,
            "eps_latest_yearly": 0.56,
            "eps_growth_yearly": 1133.33
        },
        "20143": {
            "year_quarter": 20143,
            "year": 2014,
            "quarter": 3,
            "eps": -0.29,
            "eps_growth_year": -307.14,
            "eps_4q": -0.54,
            "eps_4q_growth_year": null,
            "roe": -1.29,
            "roe_4q": -2.35,
            "gross_profit": 50497,
            "gross_margin": 3.64,
            "gross_margin_4q_avg": 4.86,
            "net_income": -64780,
            "revenue": 1387029,
            "common_shares": 2272283,
            "book_valuer_per_share": 22.66,
            "book_valuer_per_share_4q_avg": 22.92,
            "equity": 4999952,
            "current_ratio": 107.9,
            "debt_ratio": 47.88,
            "inventory_turnover_ratio": 1.7,
            "account_receivable_turnover_ratio": 2.24,
            "reinvestment_rate": null,
            "research_to_sale_ratio": 0.17,
            "price_fair": 11.9,
            "eps_avg_yearly": 0.34,
            "eps_latest_yearly": 0.56,
            "eps_growth_yearly": 1133.33
        },
        "20144": {
            "year_quarter": 20144,
            "year": 2014,
            "quarter": 4,
            "eps": -0.24,
            "eps_growth_year": null,
            "eps_4q": -0.66,
            "eps_4q_growth_year": -1197.93,
            "roe": -1.08,
            "roe_4q": -2.89,
            "gross_profit": 17909,
            "gross_margin": 1.55,
            "gross_margin_4q_avg": 3.78,
            "net_income": -53943,
            "revenue": 1152340,
            "common_shares": 2272283,
            "book_valuer_per_share": 22.46,
            "book_valuer_per_share_4q_avg": 22.77,
            "equity": 4956559,
            "current_ratio": 132.9,
            "debt_ratio": 49.09,
            "inventory_turnover_ratio": 1.46,
            "account_receivable_turnover_ratio": 2.39,
            "reinvestment_rate": null,
            "research_to_sale_ratio": 0.22,
            "price_fair": 11.9,
            "eps_avg_yearly": 0.34,
            "eps_latest_yearly": 0.56,
            "eps_growth_yearly": 1133.33
        },
        "20151": {
            "year_quarter": 20151,
            "year": 2015,
            "quarter": 1,
            "eps": 0.02,
            "eps_growth_year": 100,
            "eps_4q": -0.64,
            "eps_4q_growth_year": -1171.86,
            "roe": 0.09,
            "roe_4q": -2.83,
            "gross_profit": 83604,
            "gross_margin": 6.54,
            "gross_margin_4q_avg": 3.97,
            "net_income": 4225,
            "revenue": 1278856,
            "common_shares": 2272283,
            "book_valuer_per_share": 22.48,
            "book_valuer_per_share_4q_avg": 22.63,
            "equity": 4961156,
            "current_ratio": 135.59,
            "debt_ratio": 50.84,
            "inventory_turnover_ratio": 1.85,
            "account_receivable_turnover_ratio": 2.61,
            "reinvestment_rate": null,
            "research_to_sale_ratio": 0.19,
            "price_fair": 11.9,
            "eps_avg_yearly": 0.34,
            "eps_latest_yearly": 0.56,
            "eps_growth_yearly": 1133.33
        },
        "20152": {
            "year_quarter": 20152,
            "year": 2015,
            "quarter": 2,
            "eps": 0.11,
            "eps_growth_year": null,
            "eps_4q": -0.41,
            "eps_4q_growth_year": null,
            "roe": 0.47,
            "roe_4q": -1.81,
            "gross_profit": 110769,
            "gross_margin": 9.42,
            "gross_margin_4q_avg": 5.29,
            "net_income": 23382,
            "revenue": 1175611,
            "common_shares": 2272283,
            "book_valuer_per_share": 22.52,
            "book_valuer_per_share_4q_avg": 22.53,
            "equity": 4970663,
            "current_ratio": 134.26,
            "debt_ratio": 52.04,
            "inventory_turnover_ratio": 1.75,
            "account_receivable_turnover_ratio": 2.21,
            "reinvestment_rate": null,
            "research_to_sale_ratio": 0.19,
            "price_fair": 13.07,
            "eps_avg_yearly": 0.37,
            "eps_latest_yearly": 0.44,
            "eps_growth_yearly": 1355.56
        },
        "20153": {
            "year_quarter": 20153,
            "year": 2015,
            "quarter": 3,
            "eps": 0.2,
            "eps_growth_year": null,
            "eps_4q": 0.08,
            "eps_4q_growth_year": null,
            "roe": 0.88,
            "roe_4q": 0.3600000000000001,
            "gross_profit": 103734,
            "gross_margin": 8.66,
            "gross_margin_4q_avg": 6.54,
            "net_income": 43744,
            "revenue": 1197242,
            "common_shares": 2272283,
            "book_valuer_per_share": 22.78,
            "book_valuer_per_share_4q_avg": 22.56,
            "equity": 5027758,
            "current_ratio": 128.75,
            "debt_ratio": 51.52,
            "inventory_turnover_ratio": 1.77,
            "account_receivable_turnover_ratio": 2.34,
            "reinvestment_rate": null,
            "research_to_sale_ratio": 0.18,
            "price_fair": 16.8,
            "eps_avg_yearly": 0.48,
            "eps_latest_yearly": 0.8,
            "eps_growth_yearly": 1098.48
        },
        "20154": {
            "year_quarter": 20154,
            "year": 2015,
            "quarter": 4,
            "eps": -0.16,
            "eps_growth_year": null,
            "eps_4q": 0.17,
            "eps_4q_growth_year": null,
            "roe": -0.69,
            "roe_4q": 0.75,
            "gross_profit": 40089,
            "gross_margin": 4.25,
            "gross_margin_4q_avg": 7.22,
            "net_income": -34222,
            "revenue": 944333,
            "common_shares": 2272283,
            "book_valuer_per_share": 22.49,
            "book_valuer_per_share_4q_avg": 22.57,
            "equity": 4962266,
            "current_ratio": 95.81,
            "debt_ratio": 52.9,
            "inventory_turnover_ratio": 1.52,
            "account_receivable_turnover_ratio": 2.1,
            "reinvestment_rate": null,
            "research_to_sale_ratio": 0.33,
            "price_fair": 16.8,
            "eps_avg_yearly": 0.48,
            "eps_latest_yearly": 0.8,
            "eps_growth_yearly": 1098.48
        },
        "20161": {
            "year_quarter": 20161,
            "year": 2016,
            "quarter": 1,
            "eps": 0.02,
            "eps_growth_year": 0,
            "eps_4q": 0.17,
            "eps_4q_growth_year": null,
            "roe": 0.07,
            "roe_4q": 0.7300000000000001,
            "gross_profit": 65963,
            "gross_margin": 6.58,
            "gross_margin_4q_avg": 7.23,
            "net_income": 3533,
            "revenue": 1002255,
            "common_shares": 2272283,
            "book_valuer_per_share": 22.48,
            "book_valuer_per_share_4q_avg": 22.57,
            "equity": 4960539,
            "current_ratio": 105.19,
            "debt_ratio": 53.74,
            "inventory_turnover_ratio": 1.67,
            "account_receivable_turnover_ratio": 2.57,
            "reinvestment_rate": null,
            "research_to_sale_ratio": 0.21,
            "price_fair": 16.8,
            "eps_avg_yearly": 0.48,
            "eps_latest_yearly": 0.8,
            "eps_growth_yearly": 1098.48
        },
        "20162": {
            "year_quarter": 20162,
            "year": 2016,
            "quarter": 2,
            "eps": 0.07,
            "eps_growth_year": -36.36,
            "eps_4q": 0.13,
            "eps_4q_growth_year": null,
            "roe": 0.3,
            "roe_4q": 0.56,
            "gross_profit": 112211,
            "gross_margin": 9.93,
            "gross_margin_4q_avg": 7.36,
            "net_income": 14954,
            "revenue": 1129959,
            "common_shares": 2272283,
            "book_valuer_per_share": 22.5,
            "book_valuer_per_share_4q_avg": 22.56,
            "equity": 4964615,
            "current_ratio": 121.79,
            "debt_ratio": 54.67,
            "inventory_turnover_ratio": 1.86,
            "account_receivable_turnover_ratio": 2.59,
            "reinvestment_rate": null,
            "research_to_sale_ratio": 0.18,
            "price_fair": 15.4,
            "eps_avg_yearly": 0.44,
            "eps_latest_yearly": 0.28,
            "eps_growth_yearly": 1078.79
        },
        "20163": {
            "year_quarter": 20163,
            "year": 2016,
            "quarter": 3,
            "eps": 0.15,
            "eps_growth_year": -25,
            "eps_4q": 0.08,
            "eps_4q_growth_year": 5.26,
            "roe": 0.68,
            "roe_4q": 0.3600000000000001,
            "gross_profit": 112928,
            "gross_margin": 9.6,
            "gross_margin_4q_avg": 7.59,
            "net_income": 34059,
            "revenue": 1176367,
            "common_shares": 2272283,
            "book_valuer_per_share": 22.59,
            "book_valuer_per_share_4q_avg": 22.52,
            "equity": 4984385,
            "current_ratio": 131.95,
            "debt_ratio": 54.32,
            "inventory_turnover_ratio": 1.99,
            "account_receivable_turnover_ratio": 2.45,
            "reinvestment_rate": null,
            "research_to_sale_ratio": 0.19,
            "price_fair": 16.33,
            "eps_avg_yearly": 0.47,
            "eps_latest_yearly": 0.6,
            "eps_growth_yearly": 975.18
        },
        "20164": {
            "year_quarter": 20164,
            "year": 2016,
            "quarter": 4,
            "eps": -0.3,
            "eps_growth_year": null,
            "eps_4q": -0.07,
            "eps_4q_growth_year": -139.4,
            "roe": -1.36,
            "roe_4q": -0.31000000000000005,
            "gross_profit": 83457,
            "gross_margin": 7.92,
            "gross_margin_4q_avg": 8.51,
            "net_income": -67173,
            "revenue": 1054219,
            "common_shares": 2272283,
            "book_valuer_per_share": 22.05,
            "book_valuer_per_share_4q_avg": 22.41,
            "equity": 4865943,
            "current_ratio": 124.64,
            "debt_ratio": 55.43,
            "inventory_turnover_ratio": 1.62,
            "account_receivable_turnover_ratio": 2.25,
            "reinvestment_rate": null,
            "research_to_sale_ratio": 0.23,
            "price_fair": 16.33,
            "eps_avg_yearly": 0.47,
            "eps_latest_yearly": 0.6,
            "eps_growth_yearly": 975.18
        },
        "20171": {
            "year_quarter": 20171,
            "year": 2017,
            "quarter": 1,
            "eps": -0.32,
            "eps_growth_year": -1700,
            "eps_4q": -0.4,
            "eps_4q_growth_year": -340.72,
            "roe": -1.44,
            "roe_4q": -1.8199999999999996,
            "gross_profit": 28244,
            "gross_margin": 2.67,
            "gross_margin_4q_avg": 7.53,
            "net_income": -69552,
            "revenue": 1059117,
            "common_shares": 2272283,
            "book_valuer_per_share": 21.65,
            "book_valuer_per_share_4q_avg": 22.2,
            "equity": 4777723,
            "current_ratio": 132.3,
            "debt_ratio": 56.34,
            "inventory_turnover_ratio": 1.47,
            "account_receivable_turnover_ratio": 2.33,
            "reinvestment_rate": null,
            "research_to_sale_ratio": 0.17,
            "price_fair": 16.33,
            "eps_avg_yearly": 0.47,
            "eps_latest_yearly": 0.6,
            "eps_growth_yearly": 975.18
        },
        "20172": {
            "year_quarter": 20172,
            "year": 2017,
            "quarter": 2,
            "eps": -0.18,
            "eps_growth_year": -357.14,
            "eps_4q": -0.64,
            "eps_4q_growth_year": -604.68,
            "roe": -0.81,
            "roe_4q": -2.93,
            "gross_profit": 43588,
            "gross_margin": 4.05,
            "gross_margin_4q_avg": 6.06,
            "net_income": -38689,
            "revenue": 1077290,
            "common_shares": 2272283,
            "book_valuer_per_share": 21.53,
            "book_valuer_per_share_4q_avg": 21.96,
            "equity": 4751620,
            "current_ratio": 147.89,
            "debt_ratio": 56.33,
            "inventory_turnover_ratio": 1.52,
            "account_receivable_turnover_ratio": 2.34,
            "reinvestment_rate": null,
            "research_to_sale_ratio": 0.19,
            "price_fair": 18.76,
            "eps_avg_yearly": 0.54,
            "eps_latest_yearly": 0.6,
            "eps_growth_yearly": 1010.22
        },
        "20173": {
            "year_quarter": 20173,
            "year": 2017,
            "quarter": 3,
            "eps": 0.4,
            "eps_growth_year": 166.67,
            "eps_4q": -0.39,
            "eps_4q_growth_year": -573.68,
            "roe": 1.85,
            "roe_4q": -1.76,
            "gross_profit": 110442,
            "gross_margin": 9.53,
            "gross_margin_4q_avg": 6.04,
            "net_income": 88618,
            "revenue": 1158409,
            "common_shares": 2272283,
            "book_valuer_per_share": 21.98,
            "book_valuer_per_share_4q_avg": 21.8,
            "equity": 4850399,
            "current_ratio": 150.37,
            "debt_ratio": 55.63,
            "inventory_turnover_ratio": 1.71,
            "account_receivable_turnover_ratio": 2.23,
            "reinvestment_rate": null,
            "research_to_sale_ratio": 0.16,
            "price_fair": 18.55,
            "eps_avg_yearly": 0.53,
            "eps_latest_yearly": 0.6,
            "eps_growth_yearly": 896.1
        },
        "20174": {
            "year_quarter": 20174,
            "year": 2017,
            "quarter": 4,
            "eps": -0.28,
            "eps_growth_year": null,
            "eps_4q": -0.37,
            "eps_4q_growth_year": null,
            "roe": -1.28,
            "roe_4q": -1.68,
            "gross_profit": 69647,
            "gross_margin": 5.94,
            "gross_margin_4q_avg": 5.55,
            "net_income": -61808,
            "revenue": 1172230,
            "common_shares": 2272283,
            "book_valuer_per_share": 21.66,
            "book_valuer_per_share_4q_avg": 21.71,
            "equity": 4780490,
            "current_ratio": 160.72,
            "debt_ratio": 56.06,
            "inventory_turnover_ratio": 1.98,
            "account_receivable_turnover_ratio": 1.94,
            "reinvestment_rate": null,
            "research_to_sale_ratio": 0.15,
            "price_fair": 18.55,
            "eps_avg_yearly": 0.53,
            "eps_latest_yearly": 0.6,
            "eps_growth_yearly": 896.1
        },
        "20181": {
            "year_quarter": 20181,
            "year": 2018,
            "quarter": 1,
            "eps": 0.18,
            "eps_growth_year": null,
            "eps_4q": 0.13,
            "eps_4q_growth_year": null,
            "roe": 0.78,
            "roe_4q": 0.54,
            "gross_profit": 80406,
            "gross_margin": 6.76,
            "gross_margin_4q_avg": 6.57,
            "net_income": 39736,
            "revenue": 1190142,
            "common_shares": 2272283,
            "book_valuer_per_share": 24.5,
            "book_valuer_per_share_4q_avg": 22.42,
            "equity": 5406561,
            "current_ratio": 172.05,
            "debt_ratio": 53.67,
            "inventory_turnover_ratio": 1.98,
            "account_receivable_turnover_ratio": 1.88,
            "reinvestment_rate": null,
            "research_to_sale_ratio": 0.14,
            "price_fair": 18.55,
            "eps_avg_yearly": 0.53,
            "eps_latest_yearly": 0.6,
            "eps_growth_yearly": 896.1
        },
        "20182": {
            "year_quarter": 20182,
            "year": 2018,
            "quarter": 2,
            "eps": -0.33,
            "eps_growth_year": null,
            "eps_4q": -0.03,
            "eps_4q_growth_year": null,
            "roe": -1.36,
            "roe_4q": -0.010000000000000009,
            "gross_profit": 11572,
            "gross_margin": 0.92,
            "gross_margin_4q_avg": 5.79,
            "net_income": -73519,
            "revenue": 1257073,
            "common_shares": 2272283,
            "book_valuer_per_share": 24.65,
            "book_valuer_per_share_4q_avg": 23.2,
            "equity": 5439105,
            "current_ratio": 172.43,
            "debt_ratio": 54.08,
            "inventory_turnover_ratio": 2.26,
            "account_receivable_turnover_ratio": 1.82,
            "reinvestment_rate": null,
            "research_to_sale_ratio": 0.12,
            "price_fair": 18.55,
            "eps_avg_yearly": 0.53,
            "eps_latest_yearly": 0.6,
            "eps_growth_yearly": 896.1
        },
        "20183": {
            "year_quarter": 20183,
            "year": 2018,
            "quarter": 3,
            "eps": 0.24,
            "eps_growth_year": -40,
            "eps_4q": -0.19,
            "eps_4q_growth_year": null,
            "roe": 0.98,
            "roe_4q": -0.8800000000000001,
            "gross_profit": 50803,
            "gross_margin": 4.63,
            "gross_margin_4q_avg": 4.56,
            "net_income": 53407,
            "revenue": 1096609,
            "common_shares": 2272283,
            "book_valuer_per_share": 24.62,
            "book_valuer_per_share_4q_avg": 23.86,
            "equity": 5433863,
            "current_ratio": 165.88,
            "debt_ratio": 53.13,
            "inventory_turnover_ratio": 1.94,
            "account_receivable_turnover_ratio": 1.65,
            "reinvestment_rate": null,
            "research_to_sale_ratio": 0.12,
            "price_fair": 18.55,
            "eps_avg_yearly": 0.53,
            "eps_latest_yearly": 0.6,
            "eps_growth_yearly": 896.1
        },
        "20184": {
            "year_quarter": 20184,
            "year": 2018,
            "quarter": 4,
            "eps": -0.41,
            "eps_growth_year": null,
            "eps_4q": -0.33,
            "eps_4q_growth_year": null,
            "roe": -1.7,
            "roe_4q": -1.3,
            "gross_profit": 43969,
            "gross_margin": 3.56,
            "gross_margin_4q_avg": 3.97,
            "net_income": -91418,
            "revenue": 1233524,
            "common_shares": 2272283,
            "book_valuer_per_share": 24.23,
            "book_valuer_per_share_4q_avg": 24.5,
            "equity": 5347099,
            "current_ratio": 166.54,
            "debt_ratio": 54.09,
            "inventory_turnover_ratio": 2.18,
            "account_receivable_turnover_ratio": 1.86,
            "reinvestment_rate": null,
            "research_to_sale_ratio": 0.07,
            "price_fair": 18.55,
            "eps_avg_yearly": 0.53,
            "eps_latest_yearly": 0.6,
            "eps_growth_yearly": 896.1
        },
        "20191": {
            "year_quarter": 20191,
            "year": 2019,
            "quarter": 1,
            "eps": 0.14,
            "eps_growth_year": -22.22,
            "eps_4q": -0.36,
            "eps_4q_growth_year": -389.12,
            "roe": 0.57,
            "roe_4q": -1.51,
            "gross_profit": 55259,
            "gross_margin": 5.36,
            "gross_margin_4q_avg": 3.62,
            "net_income": 30989,
            "revenue": 1030509,
            "common_shares": 2272283,
            "book_valuer_per_share": 24.95,
            "book_valuer_per_share_4q_avg": 24.61,
            "equity": 5505718,
            "current_ratio": 181.87,
            "debt_ratio": 53.69,
            "inventory_turnover_ratio": 1.77,
            "account_receivable_turnover_ratio": 1.52,
            "reinvestment_rate": null,
            "research_to_sale_ratio": 0.18,
            "price_fair": 18.55,
            "eps_avg_yearly": 0.53,
            "eps_latest_yearly": 0.6,
            "eps_growth_yearly": 896.1
        },
        "20192": {
            "year_quarter": 20192,
            "year": 2019,
            "quarter": 2,
            "eps": -0.1,
            "eps_growth_year": null,
            "eps_4q": -0.13,
            "eps_4q_growth_year": null,
            "roe": -0.42,
            "roe_4q": -0.5700000000000001,
            "gross_profit": 55791,
            "gross_margin": 4.66,
            "gross_margin_4q_avg": 4.55,
            "net_income": -22031,
            "revenue": 1196057,
            "common_shares": 2272283,
            "book_valuer_per_share": 23.05,
            "book_valuer_per_share_4q_avg": 24.21,
            "equity": 5086265,
            "current_ratio": 185.13,
            "debt_ratio": 55.81,
            "inventory_turnover_ratio": 2.17,
            "account_receivable_turnover_ratio": 1.81,
            "reinvestment_rate": null,
            "research_to_sale_ratio": 0.14,
            "price_fair": 19.6,
            "eps_avg_yearly": 0.56,
            "eps_latest_yearly": 0.6,
            "eps_growth_yearly": 594.81
        },
        "20193": {
            "year_quarter": 20193,
            "year": 2019,
            "quarter": 3,
            "eps": 0.52,
            "eps_growth_year": 116.67,
            "eps_4q": 0.15,
            "eps_4q_growth_year": null,
            "roe": 2.28,
            "roe_4q": 0.7299999999999998,
            "gross_profit": 60830,
            "gross_margin": 4.9,
            "gross_margin_4q_avg": 4.62,
            "net_income": 115550,
            "revenue": 1241389,
            "common_shares": 2272283,
            "book_valuer_per_share": 22.84,
            "book_valuer_per_share_4q_avg": 23.77,
            "equity": 5039809,
            "current_ratio": 117.06,
            "debt_ratio": 55.47,
            "inventory_turnover_ratio": 2.64,
            "account_receivable_turnover_ratio": 1.68,
            "reinvestment_rate": null,
            "research_to_sale_ratio": 0.18,
            "price_fair": 15.4,
            "eps_avg_yearly": 0.44,
            "eps_latest_yearly": 0.6,
            "eps_growth_yearly": 728.57
        },
        "20194": {
            "year_quarter": 20194,
            "year": 2019,
            "quarter": 4,
            "eps": -0.03,
            "eps_growth_year": null,
            "eps_4q": 0.53,
            "eps_4q_growth_year": null,
            "roe": -0.14,
            "roe_4q": 2.2899999999999996,
            "gross_profit": 37821,
            "gross_margin": 3.18,
            "gross_margin_4q_avg": 4.53,
            "net_income": -7421,
            "revenue": 1188735,
            "common_shares": 2272283,
            "book_valuer_per_share": 24.14,
            "book_valuer_per_share_4q_avg": 23.75,
            "equity": 5327466,
            "current_ratio": 173.76,
            "debt_ratio": 53.98,
            "inventory_turnover_ratio": 2.46,
            "account_receivable_turnover_ratio": 1.78,
            "reinvestment_rate": null,
            "research_to_sale_ratio": 0.16,
            "price_fair": 15.4,
            "eps_avg_yearly": 0.44,
            "eps_latest_yearly": 0.6,
            "eps_growth_yearly": 728.57
        },
        "20201": {
            "year_quarter": 20201,
            "year": 2020,
            "quarter": 1,
            "eps": 1.37,
            "eps_growth_year": 878.57,
            "eps_4q": 1.76,
            "eps_4q_growth_year": null,
            "roe": 5.52,
            "roe_4q": 7.24,
            "gross_profit": 54247,
            "gross_margin": 5.01,
            "gross_margin_4q_avg": 4.44,
            "net_income": 302237,
            "revenue": 1082567,
            "common_shares": 2272283,
            "book_valuer_per_share": 25.45,
            "book_valuer_per_share_4q_avg": 23.87,
            "equity": 5616131,
            "current_ratio": 207.17,
            "debt_ratio": 52.1,
            "inventory_turnover_ratio": 2.04,
            "account_receivable_turnover_ratio": 1.85,
            "reinvestment_rate": -419.2,
            "research_to_sale_ratio": 0.21,
            "price_fair": 15.4,
            "eps_avg_yearly": 0.44,
            "eps_latest_yearly": 0.6,
            "eps_growth_yearly": 728.57
        },
        "20202": {
            "year_quarter": 20202,
            "year": 2020,
            "quarter": 2,
            "eps": 0.57,
            "eps_growth_year": null,
            "eps_4q": 2.43,
            "eps_4q_growth_year": null,
            "roe": 2.18,
            "roe_4q": 9.84,
            "gross_profit": 142837,
            "gross_margin": 13.16,
            "gross_margin_4q_avg": 6.56,
            "net_income": 125761,
            "revenue": 1085460,
            "common_shares": 2272283,
            "book_valuer_per_share": 26.82,
            "book_valuer_per_share_4q_avg": 24.81,
            "equity": 5918984,
            "current_ratio": 186.45,
            "debt_ratio": 48.32,
            "inventory_turnover_ratio": 2.03,
            "account_receivable_turnover_ratio": 2.05,
            "reinvestment_rate": -289.42,
            "research_to_sale_ratio": 0.17,
            "price_fair": 50.4,
            "eps_avg_yearly": 1.44,
            "eps_latest_yearly": 2.28,
            "eps_growth_yearly": 111.78
        },
        "20203": {
            "year_quarter": 20203,
            "year": 2020,
            "quarter": 3,
            "eps": 0.67,
            "eps_growth_year": 28.85,
            "eps_4q": 2.58,
            "eps_4q_growth_year": 1619.37,
            "roe": 2.49,
            "roe_4q": 10.049999999999999,
            "gross_profit": 195700,
            "gross_margin": 13.8,
            "gross_margin_4q_avg": 8.79,
            "net_income": 148362,
            "revenue": 1418527,
            "common_shares": 2272283,
            "book_valuer_per_share": 27.25,
            "book_valuer_per_share_4q_avg": 25.92,
            "equity": 6013849,
            "current_ratio": 192.48,
            "debt_ratio": 48.47,
            "inventory_turnover_ratio": 2.85,
            "account_receivable_turnover_ratio": 2.51,
            "reinvestment_rate": -207.63,
            "research_to_sale_ratio": 0.15,
            "price_fair": 7.44,
            "eps_avg_yearly": 2.48,
            "eps_latest_yearly": 2.68,
            "eps_growth_yearly": -81.7
        },
        "20204": {
            "year_quarter": 20204,
            "year": 2020,
            "quarter": 4,
            "eps": 0.63,
            "eps_growth_year": null,
            "eps_4q": 3.24,
            "eps_4q_growth_year": 510.79,
            "roe": 2.2,
            "roe_4q": 12.39,
            "gross_profit": 207341,
            "gross_margin": 14.88,
            "gross_margin_4q_avg": 11.71,
            "net_income": 138792,
            "revenue": 1393464,
            "common_shares": 2272283,
            "book_valuer_per_share": 29.93,
            "book_valuer_per_share_4q_avg": 27.36,
            "equity": 6604117,
            "current_ratio": 199.65,
            "debt_ratio": 45.76,
            "inventory_turnover_ratio": 2.53,
            "account_receivable_turnover_ratio": 2.07,
            "reinvestment_rate": -141.85,
            "research_to_sale_ratio": 0.17,
            "price_fair": 7.48,
            "eps_avg_yearly": 2.49,
            "eps_latest_yearly": 2.52,
            "eps_growth_yearly": -62.43
        },
        "20211": {
            "year_quarter": 20211,
            "year": 2021,
            "quarter": 1,
            "eps": 1.13,
            "eps_growth_year": -17.52,
            "eps_4q": 3,
            "eps_4q_growth_year": 70.7,
            "roe": 3.6,
            "roe_4q": 10.47,
            "gross_profit": 147705,
            "gross_margin": 9.62,
            "gross_margin_4q_avg": 12.87,
            "net_income": 249959,
            "revenue": 1534728,
            "common_shares": 2272283,
            "book_valuer_per_share": 32.98,
            "book_valuer_per_share_4q_avg": 29.25,
            "equity": 7277515,
            "current_ratio": 192.89,
            "debt_ratio": 44.73,
            "inventory_turnover_ratio": 2.46,
            "account_receivable_turnover_ratio": 1.95,
            "reinvestment_rate": -94.68,
            "research_to_sale_ratio": 0.14,
            "price_fair": 105,
            "eps_avg_yearly": 3,
            "eps_latest_yearly": 4.52,
            "eps_growth_yearly": 32.54
        },
        "20212": {
            "year_quarter": 20212,
            "year": 2021,
            "quarter": 2,
            "eps": -0.26,
            "eps_growth_year": -145.61,
            "eps_4q": 2.17,
            "eps_4q_growth_year": -10.57,
            "roe": -0.8,
            "roe_4q": 7.49,
            "gross_profit": 76931,
            "gross_margin": 4.66,
            "gross_margin_4q_avg": 10.74,
            "net_income": -57631,
            "revenue": 1651080,
            "common_shares": 2272283,
            "book_valuer_per_share": 32.06,
            "book_valuer_per_share_4q_avg": 30.56,
            "equity": 7074840,
            "current_ratio": 182.57,
            "debt_ratio": 46.5,
            "inventory_turnover_ratio": 2.3,
            "account_receivable_turnover_ratio": 1.91,
            "reinvestment_rate": -100.09,
            "research_to_sale_ratio": 0.16,
            "price_fair": 105,
            "eps_avg_yearly": 3,
            "eps_latest_yearly": 4.52,
            "eps_growth_yearly": 32.54
        },
        "20213": {
            "year_quarter": 20213,
            "year": 2021,
            "quarter": 3,
            "eps": 0.65,
            "eps_growth_year": -2.99,
            "eps_4q": 2.15,
            "eps_4q_growth_year": -16.75,
            "roe": 2.08,
            "roe_4q": 7.08,
            "gross_profit": 82956,
            "gross_margin": 5.06,
            "gross_margin_4q_avg": 8.56,
            "net_income": 142509,
            "revenue": 1640829,
            "common_shares": 2272283,
            "book_valuer_per_share": 29.93,
            "book_valuer_per_share_4q_avg": 31.23,
            "equity": 6604503,
            "current_ratio": 192.12,
            "debt_ratio": 47.88,
            "inventory_turnover_ratio": 2.23,
            "account_receivable_turnover_ratio": 2.13,
            "reinvestment_rate": -89.7,
            "research_to_sale_ratio": 0.2,
            "price_fair": 105,
            "eps_avg_yearly": 3,
            "eps_latest_yearly": 4.52,
            "eps_growth_yearly": 32.54
        },
        "20214": {
            "year_quarter": 20214,
            "year": 2021,
            "quarter": 4,
            "eps": -0.07,
            "eps_growth_year": -111.15,
            "eps_4q": 1.45,
            "eps_4q_growth_year": -55.34,
            "roe": -0.23,
            "roe_4q": 4.65,
            "gross_profit": 177025,
            "gross_margin": 10.64,
            "gross_margin_4q_avg": 7.5,
            "net_income": -15469,
            "revenue": 1663696,
            "common_shares": 2272283,
            "book_valuer_per_share": 30.03,
            "book_valuer_per_share_4q_avg": 31.25,
            "equity": 6626597,
            "current_ratio": 180.25,
            "debt_ratio": 48.95,
            "inventory_turnover_ratio": 1.85,
            "account_receivable_turnover_ratio": 2.26,
            "reinvestment_rate": -82.86,
            "research_to_sale_ratio": 0.19,
            "price_fair": 105,
            "eps_avg_yearly": 3,
            "eps_latest_yearly": 4.52,
            "eps_growth_yearly": 32.54
        },
        "20221": {
            "year_quarter": 20221,
            "year": 2022,
            "quarter": 1,
            "eps": -0.07,
            "eps_growth_year": -106.19,
            "eps_4q": 0.25,
            "eps_4q_growth_year": -91.71,
            "roe": -0.22,
            "roe_4q": 0.8300000000000001,
            "gross_profit": 100673,
            "gross_margin": 5.68,
            "gross_margin_4q_avg": 6.51,
            "net_income": -14475,
            "revenue": 1772509,
            "common_shares": 2272283,
            "book_valuer_per_share": 30.12,
            "book_valuer_per_share_4q_avg": 30.54,
            "equity": 6646820,
            "current_ratio": 202.29,
            "debt_ratio": 47.71,
            "inventory_turnover_ratio": 2.2,
            "account_receivable_turnover_ratio": 2.31,
            "reinvestment_rate": -47.82,
            "research_to_sale_ratio": 0.19,
            "price_fair": 105,
            "eps_avg_yearly": 3,
            "eps_latest_yearly": 4.52,
            "eps_growth_yearly": 32.54
        },
        "20222": {
            "year_quarter": 20222,
            "year": 2022,
            "quarter": 2,
            "eps": 0.02,
            "eps_growth_year": null,
            "eps_4q": 0.53,
            "eps_4q_growth_year": -75.78,
            "roe": 0.06,
            "roe_4q": 1.69,
            "gross_profit": 175872,
            "gross_margin": 9.02,
            "gross_margin_4q_avg": 7.6,
            "net_income": 3570,
            "revenue": 1950190,
            "common_shares": 2272283,
            "book_valuer_per_share": 28.18,
            "book_valuer_per_share_4q_avg": 29.57,
            "equity": 6219519,
            "current_ratio": 171.27,
            "debt_ratio": 50.77,
            "inventory_turnover_ratio": 2.8,
            "account_receivable_turnover_ratio": 2.36,
            "reinvestment_rate": -48.54,
            "research_to_sale_ratio": 0.22,
            "price_fair": 105,
            "eps_avg_yearly": 3,
            "eps_latest_yearly": 4.52,
            "eps_growth_yearly": 32.54
        },
        "20223": {
            "year_quarter": 20223,
            "year": 2022,
            "quarter": 3,
            "eps": 0.39,
            "eps_growth_year": -40,
            "eps_4q": 0.27,
            "eps_4q_growth_year": -87.51,
            "roe": 1.4,
            "roe_4q": 1.01,
            "gross_profit": 49911,
            "gross_margin": 3.41,
            "gross_margin_4q_avg": 7.19,
            "net_income": 85533,
            "revenue": 1465109,
            "common_shares": 2272283,
            "book_valuer_per_share": 27.23,
            "book_valuer_per_share_4q_avg": 28.89,
            "equity": 6008666,
            "current_ratio": 184.17,
            "debt_ratio": 49.95,
            "inventory_turnover_ratio": 2.11,
            "account_receivable_turnover_ratio": 1.81,
            "reinvestment_rate": -41.12,
            "research_to_sale_ratio": 0.26,
            "price_fair": 94.92,
            "eps_avg_yearly": 2.71,
            "eps_latest_yearly": 1.56,
            "eps_growth_yearly": 1506.04
        },
        "20224": {
            "year_quarter": 20224,
            "year": 2022,
            "quarter": 4,
            "eps": -0.53,
            "eps_growth_year": null,
            "eps_4q": -0.19,
            "eps_4q_growth_year": -113.36,
            "roe": -1.97,
            "roe_4q": -0.73,
            "gross_profit": 43682,
            "gross_margin": 3.31,
            "gross_margin_4q_avg": 5.36,
            "net_income": -117284,
            "revenue": 1318328,
            "common_shares": 2272283,
            "book_valuer_per_share": 26.8,
            "book_valuer_per_share_4q_avg": 28.08,
            "equity": 5913860,
            "current_ratio": 183.69,
            "debt_ratio": 49.75,
            "inventory_turnover_ratio": 2.21,
            "account_receivable_turnover_ratio": 1.91,
            "reinvestment_rate": -38.29,
            "research_to_sale_ratio": 0.31,
            "price_fair": 94.92,
            "eps_avg_yearly": 2.71,
            "eps_latest_yearly": 1.56,
            "eps_growth_yearly": 1506.04
        },
        "20231": {
            "year_quarter": 20231,
            "year": 2023,
            "quarter": 1,
            "eps": 0.59,
            "eps_growth_year": null,
            "eps_4q": 0.47,
            "eps_4q_growth_year": 86.89,
            "roe": 2.25,
            "roe_4q": 1.74,
            "gross_profit": 162912,
            "gross_margin": 12.23,
            "gross_margin_4q_avg": 6.99,
            "net_income": 130848,
            "revenue": 1331591,
            "common_shares": 2272283,
            "book_valuer_per_share": 25.9,
            "book_valuer_per_share_4q_avg": 27.03,
            "equity": 5715162,
            "current_ratio": 185.15,
            "debt_ratio": 52.97,
            "inventory_turnover_ratio": 2.14,
            "account_receivable_turnover_ratio": 1.95,
            "reinvestment_rate": -32.14,
            "research_to_sale_ratio": 0.27,
            "price_fair": 94.92,
            "eps_avg_yearly": 2.71,
            "eps_latest_yearly": 1.56,
            "eps_growth_yearly": 1506.04
        }
    },
    "months": {
        "2001-06": {
            "month": "2001-06",
            "price": "6.52",
            "revenue": 312294
        },
        "2001-07": {
            "month": "2001-07",
            "price": "5.54",
            "revenue": 299086
        },
        "2001-08": {
            "month": "2001-08",
            "price": "5.17",
            "revenue": 331795
        },
        "2001-09": {
            "month": "2001-09",
            "price": "5.88",
            "revenue": 263478
        },
        "2001-10": {
            "month": "2001-10",
            "price": "5.73",
            "revenue": 329502
        },
        "2001-11": {
            "month": "2001-11",
            "price": "5.34",
            "revenue": 353895
        },
        "2001-12": {
            "month": "2001-12",
            "price": "6.04",
            "revenue": 303894
        },
        "2002-01": {
            "month": "2002-01",
            "price": "6.75",
            "revenue": 314402
        },
        "2002-02": {
            "month": "2002-02",
            "price": "8.35",
            "revenue": 242157
        },
        "2002-03": {
            "month": "2002-03",
            "price": "10.11",
            "revenue": 421079
        },
        "2002-04": {
            "month": "2002-04",
            "price": "10.25",
            "revenue": 391142
        },
        "2002-05": {
            "month": "2002-05",
            "price": "9.01",
            "revenue": 368079
        },
        "2002-06": {
            "month": "2002-06",
            "price": "8.48",
            "revenue": 315813
        },
        "2002-07": {
            "month": "2002-07",
            "price": "9.23",
            "revenue": 341442
        },
        "2002-08": {
            "month": "2002-08",
            "price": "8.54",
            "revenue": 353568
        },
        "2002-09": {
            "month": "2002-09",
            "price": "8.67",
            "revenue": 290444
        },
        "2002-10": {
            "month": "2002-10",
            "price": "7.90",
            "revenue": 334497
        },
        "2002-11": {
            "month": "2002-11",
            "price": "8.37",
            "revenue": 340046
        },
        "2002-12": {
            "month": "2002-12",
            "price": "8.88",
            "revenue": 333160
        },
        "2003-01": {
            "month": "2003-01",
            "price": "9.77",
            "revenue": 341748
        },
        "2003-02": {
            "month": "2003-02",
            "price": "9.66",
            "revenue": 290281
        },
        "2003-03": {
            "month": "2003-03",
            "price": "8.59",
            "revenue": 357404
        },
        "2003-04": {
            "month": "2003-04",
            "price": "7.79",
            "revenue": 304034
        },
        "2003-05": {
            "month": "2003-05",
            "price": "7.34",
            "revenue": 294885
        },
        "2003-06": {
            "month": "2003-06",
            "price": "7.81",
            "revenue": 281142
        },
        "2003-07": {
            "month": "2003-07",
            "price": "8.86",
            "revenue": 302849
        },
        "2003-08": {
            "month": "2003-08",
            "price": "9.40",
            "revenue": 308617
        },
        "2003-09": {
            "month": "2003-09",
            "price": "9.35",
            "revenue": 295917
        },
        "2003-10": {
            "month": "2003-10",
            "price": "10.06",
            "revenue": 351849
        },
        "2003-11": {
            "month": "2003-11",
            "price": "10.56",
            "revenue": 317423
        },
        "2003-12": {
            "month": "2003-12",
            "price": "11.66",
            "revenue": 376976
        },
        "2004-01": {
            "month": "2004-01",
            "price": "12.60",
            "revenue": 295883
        },
        "2004-02": {
            "month": "2004-02",
            "price": "14.49",
            "revenue": 377189
        },
        "2004-03": {
            "month": "2004-03",
            "price": "19.96",
            "revenue": 379161
        },
        "2004-04": {
            "month": "2004-04",
            "price": "20.91",
            "revenue": 422150
        },
        "2004-05": {
            "month": "2004-05",
            "price": "19.14",
            "revenue": 368914
        },
        "2004-06": {
            "month": "2004-06",
            "price": "17.70",
            "revenue": 361431
        },
        "2004-07": {
            "month": "2004-07",
            "price": "16.38",
            "revenue": 381408
        },
        "2004-08": {
            "month": "2004-08",
            "price": "15.00",
            "revenue": 397735
        },
        "2004-09": {
            "month": "2004-09",
            "price": "16.01",
            "revenue": 457871
        },
        "2004-10": {
            "month": "2004-10",
            "price": "16.00",
            "revenue": 447510
        },
        "2004-11": {
            "month": "2004-11",
            "price": "15.35",
            "revenue": 440393
        },
        "2004-12": {
            "month": "2004-12",
            "price": "14.78",
            "revenue": 403513
        },
        "2005-01": {
            "month": "2005-01",
            "price": "15.09",
            "revenue": 414542
        },
        "2005-02": {
            "month": "2005-02",
            "price": "14.86",
            "revenue": 306453
        },
        "2005-03": {
            "month": "2005-03",
            "price": "15.91",
            "revenue": 481959
        },
        "2005-04": {
            "month": "2005-04",
            "price": "13.71",
            "revenue": 380302
        },
        "2005-05": {
            "month": "2005-05",
            "price": "12.05",
            "revenue": 349077
        },
        "2005-06": {
            "month": "2005-06",
            "price": "12.45",
            "revenue": 415042
        },
        "2005-07": {
            "month": "2005-07",
            "price": "12.26",
            "revenue": 380371
        },
        "2005-08": {
            "month": "2005-08",
            "price": "11.55",
            "revenue": 419110
        },
        "2005-09": {
            "month": "2005-09",
            "price": "10.26",
            "revenue": 457875
        },
        "2005-10": {
            "month": "2005-10",
            "price": "10.13",
            "revenue": 460321
        },
        "2005-11": {
            "month": "2005-11",
            "price": "10.16",
            "revenue": 380401
        },
        "2005-12": {
            "month": "2005-12",
            "price": "10.30",
            "revenue": 444405
        },
        "2006-01": {
            "month": "2006-01",
            "price": "10.81",
            "revenue": 399451
        },
        "2006-02": {
            "month": "2006-02",
            "price": "10.44",
            "revenue": 376824
        },
        "2006-03": {
            "month": "2006-03",
            "price": "10.33",
            "revenue": 448843
        },
        "2006-04": {
            "month": "2006-04",
            "price": "11.37",
            "revenue": 456902
        },
        "2006-05": {
            "month": "2006-05",
            "price": "19.19",
            "revenue": 471341
        },
        "2006-06": {
            "month": "2006-06",
            "price": "17.45",
            "revenue": 450131
        },
        "2006-07": {
            "month": "2006-07",
            "price": "18.01",
            "revenue": 420265
        },
        "2006-08": {
            "month": "2006-08",
            "price": "15.37",
            "revenue": 483054
        },
        "2006-09": {
            "month": "2006-09",
            "price": "12.83",
            "revenue": 453401
        },
        "2006-10": {
            "month": "2006-10",
            "price": "14.62",
            "revenue": 378807
        },
        "2006-11": {
            "month": "2006-11",
            "price": "14.82",
            "revenue": 437061
        },
        "2006-12": {
            "month": "2006-12",
            "price": "20.14",
            "revenue": 464487
        },
        "2007-01": {
            "month": "2007-01",
            "price": "18.25",
            "revenue": 450190
        },
        "2007-02": {
            "month": "2007-02",
            "price": "17.64",
            "revenue": 278566
        },
        "2007-03": {
            "month": "2007-03",
            "price": "18.17",
            "revenue": 516033
        },
        "2007-04": {
            "month": "2007-04",
            "price": "19.62",
            "revenue": 509305
        },
        "2007-05": {
            "month": "2007-05",
            "price": "22.12",
            "revenue": 510169
        },
        "2007-06": {
            "month": "2007-06",
            "price": "22.28",
            "revenue": 504900
        },
        "2007-07": {
            "month": "2007-07",
            "price": "27.75",
            "revenue": 474764
        },
        "2007-08": {
            "month": "2007-08",
            "price": "23.11",
            "revenue": 565670
        },
        "2007-09": {
            "month": "2007-09",
            "price": "21.89",
            "revenue": 482204
        },
        "2007-10": {
            "month": "2007-10",
            "price": "22.55",
            "revenue": 449205
        },
        "2007-11": {
            "month": "2007-11",
            "price": "18.73",
            "revenue": 468019
        },
        "2007-12": {
            "month": "2007-12",
            "price": "18.66",
            "revenue": 488088
        },
        "2008-01": {
            "month": "2008-01",
            "price": "18.62",
            "revenue": 501571
        },
        "2008-02": {
            "month": "2008-02",
            "price": "20.12",
            "revenue": 363490
        },
        "2008-03": {
            "month": "2008-03",
            "price": "23.50",
            "revenue": 529536
        },
        "2008-04": {
            "month": "2008-04",
            "price": "28.33",
            "revenue": 532903
        },
        "2008-05": {
            "month": "2008-05",
            "price": "29.55",
            "revenue": 544062
        },
        "2008-06": {
            "month": "2008-06",
            "price": "26.88",
            "revenue": 516167
        },
        "2008-07": {
            "month": "2008-07",
            "price": "22.37",
            "revenue": 564175
        },
        "2008-08": {
            "month": "2008-08",
            "price": "19.11",
            "revenue": 418020
        },
        "2008-09": {
            "month": "2008-09",
            "price": "15.92",
            "revenue": 349334
        },
        "2008-10": {
            "month": "2008-10",
            "price": "10.55",
            "revenue": 353522
        },
        "2008-11": {
            "month": "2008-11",
            "price": "9.91",
            "revenue": 340253
        },
        "2008-12": {
            "month": "2008-12",
            "price": "9.87",
            "revenue": 339481
        },
        "2009-01": {
            "month": "2009-01",
            "price": "9.92",
            "revenue": 262367
        },
        "2009-02": {
            "month": "2009-02",
            "price": "10.01",
            "revenue": 358928
        },
        "2009-03": {
            "month": "2009-03",
            "price": "11.26",
            "revenue": 360857
        },
        "2009-04": {
            "month": "2009-04",
            "price": "13.98",
            "revenue": 413498
        },
        "2009-05": {
            "month": "2009-05",
            "price": "17.92",
            "revenue": 346339
        },
        "2009-06": {
            "month": "2009-06",
            "price": "19.37",
            "revenue": 404485
        },
        "2009-07": {
            "month": "2009-07",
            "price": "24.54",
            "revenue": 498199
        },
        "2009-08": {
            "month": "2009-08",
            "price": "23.45",
            "revenue": 457922
        },
        "2009-09": {
            "month": "2009-09",
            "price": "24.18",
            "revenue": 431188
        },
        "2009-10": {
            "month": "2009-10",
            "price": "24.38",
            "revenue": 405219
        },
        "2009-11": {
            "month": "2009-11",
            "price": "22.85",
            "revenue": 469834
        },
        "2009-12": {
            "month": "2009-12",
            "price": "22.84",
            "revenue": 470361
        },
        "2010-01": {
            "month": "2010-01",
            "price": "24.32",
            "revenue": 421119
        },
        "2010-02": {
            "month": "2010-02",
            "price": "21.29",
            "revenue": 304124
        },
        "2010-03": {
            "month": "2010-03",
            "price": "22.52",
            "revenue": 491121
        },
        "2010-04": {
            "month": "2010-04",
            "price": "23.38",
            "revenue": 541131
        },
        "2010-05": {
            "month": "2010-05",
            "price": "20.64",
            "revenue": 457856
        },
        "2010-06": {
            "month": "2010-06",
            "price": "19.78",
            "revenue": 422225
        },
        "2010-07": {
            "month": "2010-07",
            "price": "20.77",
            "revenue": 469081
        },
        "2010-08": {
            "month": "2010-08",
            "price": "22.49",
            "revenue": 529187
        },
        "2010-09": {
            "month": "2010-09",
            "price": "22.26",
            "revenue": 462942
        },
        "2010-10": {
            "month": "2010-10",
            "price": "22.80",
            "revenue": 459646
        },
        "2010-11": {
            "month": "2010-11",
            "price": "23.11",
            "revenue": 391275
        },
        "2010-12": {
            "month": "2010-12",
            "price": "24.33",
            "revenue": 398299
        },
        "2011-01": {
            "month": "2011-01",
            "price": "23.32",
            "revenue": 459258
        },
        "2011-02": {
            "month": "2011-02",
            "price": "21.64",
            "revenue": 349446
        },
        "2011-03": {
            "month": "2011-03",
            "price": "20.10",
            "revenue": 492155
        },
        "2011-04": {
            "month": "2011-04",
            "price": "20.64",
            "revenue": 500604
        },
        "2011-05": {
            "month": "2011-05",
            "price": "20.66",
            "revenue": 452959
        },
        "2011-06": {
            "month": "2011-06",
            "price": "20.31",
            "revenue": 428809
        },
        "2011-07": {
            "month": "2011-07",
            "price": "20.58",
            "revenue": 435199
        },
        "2011-08": {
            "month": "2011-08",
            "price": "21.76",
            "revenue": 438828
        },
        "2011-09": {
            "month": "2011-09",
            "price": "19.81",
            "revenue": 385038
        },
        "2011-10": {
            "month": "2011-10",
            "price": "18.88",
            "revenue": 315030
        },
        "2011-11": {
            "month": "2011-11",
            "price": "19.78",
            "revenue": 435318
        },
        "2011-12": {
            "month": "2011-12",
            "price": "19.06",
            "revenue": 377290
        },
        "2012-01": {
            "month": "2012-01",
            "price": "19.10",
            "revenue": 276400
        },
        "2012-02": {
            "month": "2012-02",
            "price": "21.24",
            "revenue": 412417
        },
        "2012-03": {
            "month": "2012-03",
            "price": "22.71",
            "revenue": 491910
        },
        "2012-04": {
            "month": "2012-04",
            "price": "21.92",
            "revenue": 418296
        },
        "2012-05": {
            "month": "2012-05",
            "price": "21.67",
            "revenue": 390899
        },
        "2012-06": {
            "month": "2012-06",
            "price": "20.45",
            "revenue": 365955
        },
        "2012-07": {
            "month": "2012-07",
            "price": "20.80",
            "revenue": 420804
        },
        "2012-08": {
            "month": "2012-08",
            "price": "23.19",
            "revenue": 442185
        },
        "2012-09": {
            "month": "2012-09",
            "price": "29.33",
            "revenue": 425513
        },
        "2012-10": {
            "month": "2012-10",
            "price": "26.61",
            "revenue": 385432
        },
        "2012-11": {
            "month": "2012-11",
            "price": "24.30",
            "revenue": 429837
        },
        "2012-12": {
            "month": "2012-12",
            "price": "24.95",
            "revenue": 441688
        },
        "2013-01": {
            "month": "2013-01",
            "price": "25.90",
            "revenue": 493373
        },
        "2013-02": {
            "month": "2013-02",
            "price": "24.95",
            "revenue": 323661
        },
        "2013-03": {
            "month": "2013-03",
            "price": "28.75",
            "revenue": 412165
        },
        "2013-04": {
            "month": "2013-04",
            "price": "30.90",
            "revenue": 536860
        },
        "2013-05": {
            "month": "2013-05",
            "price": "32.28",
            "revenue": 566740
        },
        "2013-06": {
            "month": "2013-06",
            "price": "38.14",
            "revenue": 487919
        },
        "2013-07": {
            "month": "2013-07",
            "price": "37.79",
            "revenue": 512260
        },
        "2013-08": {
            "month": "2013-08",
            "price": "34.56",
            "revenue": 554471
        },
        "2013-09": {
            "month": "2013-09",
            "price": "33.76",
            "revenue": 471845
        },
        "2013-10": {
            "month": "2013-10",
            "price": "36.39",
            "revenue": 432027
        },
        "2013-11": {
            "month": "2013-11",
            "price": "34.63",
            "revenue": 536169
        },
        "2013-12": {
            "month": "2013-12",
            "price": "34.67",
            "revenue": 548469
        },
        "2014-01": {
            "month": "2014-01",
            "price": "36.12",
            "revenue": 485694
        },
        "2014-02": {
            "month": "2014-02",
            "price": "37.05",
            "revenue": 372583
        },
        "2014-03": {
            "month": "2014-03",
            "price": "42.82",
            "revenue": 433343
        },
        "2014-04": {
            "month": "2014-04",
            "price": "44.19",
            "revenue": 513657
        },
        "2014-05": {
            "month": "2014-05",
            "price": "43.21",
            "revenue": 516837
        },
        "2014-06": {
            "month": "2014-06",
            "price": "45.38",
            "revenue": 505187
        },
        "2014-07": {
            "month": "2014-07",
            "price": "42.57",
            "revenue": 519928
        },
        "2014-08": {
            "month": "2014-08",
            "price": "39.76",
            "revenue": 441336
        },
        "2014-09": {
            "month": "2014-09",
            "price": "40.15",
            "revenue": 425663
        },
        "2014-10": {
            "month": "2014-10",
            "price": "36.27",
            "revenue": 407462
        },
        "2014-11": {
            "month": "2014-11",
            "price": "35.95",
            "revenue": 362865
        },
        "2014-12": {
            "month": "2014-12",
            "price": "36.32",
            "revenue": 382798
        },
        "2015-01": {
            "month": "2015-01",
            "price": "34.92",
            "revenue": 435917
        },
        "2015-02": {
            "month": "2015-02",
            "price": "34.24",
            "revenue": 353234
        },
        "2015-03": {
            "month": "2015-03",
            "price": "34.87",
            "revenue": 489402
        },
        "2015-04": {
            "month": "2015-04",
            "price": "36.98",
            "revenue": 403096
        },
        "2015-05": {
            "month": "2015-05",
            "price": "36.17",
            "revenue": 389070
        },
        "2015-06": {
            "month": "2015-06",
            "price": "31.03",
            "revenue": 383392
        },
        "2015-07": {
            "month": "2015-07",
            "price": "27.40",
            "revenue": 474270
        },
        "2015-08": {
            "month": "2015-08",
            "price": "23.96",
            "revenue": 375671
        },
        "2015-09": {
            "month": "2015-09",
            "price": "28.29",
            "revenue": 347137
        },
        "2015-10": {
            "month": "2015-10",
            "price": "29.04",
            "revenue": 347681
        },
        "2015-11": {
            "month": "2015-11",
            "price": "28.08",
            "revenue": 279925
        },
        "2015-12": {
            "month": "2015-12",
            "price": "25.90",
            "revenue": 323213
        },
        "2016-01": {
            "month": "2016-01",
            "price": "24.50",
            "revenue": 331467
        },
        "2016-02": {
            "month": "2016-02",
            "price": "25.83",
            "revenue": 238590
        },
        "2016-03": {
            "month": "2016-03",
            "price": "26.95",
            "revenue": 430978
        },
        "2016-04": {
            "month": "2016-04",
            "price": "26.60",
            "revenue": 401520
        },
        "2016-05": {
            "month": "2016-05",
            "price": "25.32",
            "revenue": 356089
        },
        "2016-06": {
            "month": "2016-06",
            "price": "25.34",
            "revenue": 373327
        },
        "2016-07": {
            "month": "2016-07",
            "price": "25.58",
            "revenue": 396327
        },
        "2016-08": {
            "month": "2016-08",
            "price": "26.20",
            "revenue": 413115
        },
        "2016-09": {
            "month": "2016-09",
            "price": "25.70",
            "revenue": 361813
        },
        "2016-10": {
            "month": "2016-10",
            "price": "25.86",
            "revenue": 368798
        },
        "2016-11": {
            "month": "2016-11",
            "price": "25.20",
            "revenue": 369670
        },
        "2016-12": {
            "month": "2016-12",
            "price": "24.91",
            "revenue": 303990
        },
        "2017-01": {
            "month": "2017-01",
            "price": "24.94",
            "revenue": 340518
        },
        "2017-02": {
            "month": "2017-02",
            "price": "27.33",
            "revenue": 305541
        },
        "2017-03": {
            "month": "2017-03",
            "price": "26.65",
            "revenue": 407365
        },
        "2017-04": {
            "month": "2017-04",
            "price": "25.17",
            "revenue": 347491
        },
        "2017-05": {
            "month": "2017-05",
            "price": "25.22",
            "revenue": 381713
        },
        "2017-06": {
            "month": "2017-06",
            "price": "25.74",
            "revenue": 344900
        },
        "2017-07": {
            "month": "2017-07",
            "price": "26.01",
            "revenue": 355216
        },
        "2017-08": {
            "month": "2017-08",
            "price": "30.74",
            "revenue": 396012
        },
        "2017-09": {
            "month": "2017-09",
            "price": "29.45",
            "revenue": 417033
        },
        "2017-10": {
            "month": "2017-10",
            "price": "29.19",
            "revenue": 353993
        },
        "2017-11": {
            "month": "2017-11",
            "price": "28.81",
            "revenue": 384162
        },
        "2017-12": {
            "month": "2017-12",
            "price": "28.20",
            "revenue": 435251
        },
        "2018-01": {
            "month": "2018-01",
            "price": "29.39",
            "revenue": 462727
        },
        "2018-02": {
            "month": "2018-02",
            "price": "28.28",
            "revenue": 310012
        },
        "2018-03": {
            "month": "2018-03",
            "price": "27.72",
            "revenue": 416662
        },
        "2018-04": {
            "month": "2018-04",
            "price": "27.19",
            "revenue": 385970
        },
        "2018-05": {
            "month": "2018-05",
            "price": "28.10",
            "revenue": 472755
        },
        "2018-06": {
            "month": "2018-06",
            "price": "27.78",
            "revenue": 398664
        },
        "2018-07": {
            "month": "2018-07",
            "price": "27.00",
            "revenue": 385368
        },
        "2018-08": {
            "month": "2018-08",
            "price": "26.73",
            "revenue": 413740
        },
        "2018-09": {
            "month": "2018-09",
            "price": "27.19",
            "revenue": 284111
        },
        "2018-10": {
            "month": "2018-10",
            "price": "26.04",
            "revenue": 382296
        },
        "2018-11": {
            "month": "2018-11",
            "price": "25.92",
            "revenue": 418121
        },
        "2018-12": {
            "month": "2018-12",
            "price": "26.60",
            "revenue": 440513
        },
        "2019-01": {
            "month": "2019-01",
            "price": "25.93",
            "revenue": 435535
        },
        "2019-02": {
            "month": "2019-02",
            "price": "26.07",
            "revenue": 249105
        },
        "2019-03": {
            "month": "2019-03",
            "price": "26.21",
            "revenue": 358700
        },
        "2019-04": {
            "month": "2019-04",
            "price": "26.76",
            "revenue": 399857
        },
        "2019-05": {
            "month": "2019-05",
            "price": "27.42",
            "revenue": 416766
        },
        "2019-06": {
            "month": "2019-06",
            "price": "28.22",
            "revenue": 380211
        },
        "2019-07": {
            "month": "2019-07",
            "price": "27.95",
            "revenue": 417127
        },
        "2019-08": {
            "month": "2019-08",
            "price": "28.59",
            "revenue": 429246
        },
        "2019-09": {
            "month": "2019-09",
            "price": "29.83",
            "revenue": 403934
        },
        "2019-10": {
            "month": "2019-10",
            "price": "33.97",
            "revenue": 386564
        },
        "2019-11": {
            "month": "2019-11",
            "price": "36.85",
            "revenue": 373757
        },
        "2019-12": {
            "month": "2019-12",
            "price": "37.08",
            "revenue": 440232
        },
        "2020-01": {
            "month": "2020-01",
            "price": "37.35",
            "revenue": 356932
        },
        "2020-02": {
            "month": "2020-02",
            "price": "32.03",
            "revenue": 343433
        },
        "2020-03": {
            "month": "2020-03",
            "price": "26.20",
            "revenue": 394797
        },
        "2020-04": {
            "month": "2020-04",
            "price": "28.15",
            "revenue": 310791
        },
        "2020-05": {
            "month": "2020-05",
            "price": "30.16",
            "revenue": 363536
        },
        "2020-06": {
            "month": "2020-06",
            "price": "31.97",
            "revenue": 406756
        },
        "2020-07": {
            "month": "2020-07",
            "price": "33.05",
            "revenue": 450073
        },
        "2020-08": {
            "month": "2020-08",
            "price": "34.30",
            "revenue": 447705
        },
        "2020-09": {
            "month": "2020-09",
            "price": "35.51",
            "revenue": 508942
        },
        "2020-10": {
            "month": "2020-10",
            "price": "35.05",
            "revenue": 454209
        },
        "2020-11": {
            "month": "2020-11",
            "price": "35.35",
            "revenue": 471422
        },
        "2020-12": {
            "month": "2020-12",
            "price": "35.19",
            "revenue": 579722
        },
        "2021-01": {
            "month": "2021-01",
            "price": "34.68",
            "revenue": 464301
        },
        "2021-02": {
            "month": "2021-02",
            "price": "33.47",
            "revenue": 437107
        },
        "2021-03": {
            "month": "2021-03",
            "price": "35.24",
            "revenue": 633433
        },
        "2021-04": {
            "month": "2021-04",
            "price": "38.82",
            "revenue": 544134
        },
        "2021-05": {
            "month": "2021-05",
            "price": "36.33",
            "revenue": 634152
        },
        "2021-06": {
            "month": "2021-06",
            "price": "37.15",
            "revenue": 474134
        },
        "2021-07": {
            "month": "2021-07",
            "price": "36.65",
            "revenue": 497611
        },
        "2021-08": {
            "month": "2021-08",
            "price": "35.10",
            "revenue": 545282
        },
        "2021-09": {
            "month": "2021-09",
            "price": "32.69",
            "revenue": 597581
        },
        "2021-10": {
            "month": "2021-10",
            "price": "33.20",
            "revenue": 662746
        },
        "2021-11": {
            "month": "2021-11",
            "price": "34.32",
            "revenue": 470119
        },
        "2021-12": {
            "month": "2021-12",
            "price": "34.92",
            "revenue": 530841
        },
        "2022-01": {
            "month": "2022-01",
            "price": "34.10",
            "revenue": 596974
        },
        "2022-02": {
            "month": "2022-02",
            "price": "33.95",
            "revenue": 500568
        },
        "2022-03": {
            "month": "2022-03",
            "price": "34.02",
            "revenue": 674298
        },
        "2022-04": {
            "month": "2022-04",
            "price": "34.13",
            "revenue": 630884
        },
        "2022-05": {
            "month": "2022-05",
            "price": "32.56",
            "revenue": 668832
        },
        "2022-06": {
            "month": "2022-06",
            "price": "32.32",
            "revenue": 651162
        },
        "2022-07": {
            "month": "2022-07",
            "price": "31.85",
            "revenue": 474542
        },
        "2022-08": {
            "month": "2022-08",
            "price": "36.23",
            "revenue": 550848
        },
        "2022-09": {
            "month": "2022-09",
            "price": "36.05",
            "revenue": 436749
        },
        "2022-10": {
            "month": "2022-10",
            "price": "33.53",
            "revenue": 428190
        },
        "2022-11": {
            "month": "2022-11",
            "price": "33.22",
            "revenue": 425807
        },
        "2022-12": {
            "month": "2022-12",
            "price": "33.59",
            "revenue": 467673
        },
        "2023-01": {
            "month": "2023-01",
            "price": "33.31",
            "revenue": 396457
        },
        "2023-02": {
            "month": "2023-02",
            "price": "34.70",
            "revenue": 441561
        },
        "2023-03": {
            "month": "2023-03",
            "price": "36.90",
            "revenue": 492736
        },
        "2023-04": {
            "month": "2023-04",
            "price": "36.20",
            "revenue": 387158
        },
        "2023-05": {
            "month": "2023-05",
            "price": "34.12",
            "revenue": 428661
        }
    }
}
