{
    "summary": {
        "stock_name": "永裕",
        "stock_id": "1323",
        "category": "塑膠",
        "main_business": "各種塑膠製品製造.批發<br>各種塑膠模具及機械零件之加工製造及買賣<br>塑膠原料染色之加工業務",
        "website_url": "http://www.yonyu.com.tw",
        "ceo": "王威程",
        "pe_ratio": 23,
        "report_year_from": 2001,
        "report_year_to": 2023,
        "age": 23,
        "eps_negative_percentage": 0,
        "eps_growth_avg": {
            "last_all": 10.46,
            "last_2y": -34.23,
            "last_4y": -21.26,
            "last_8y": -10.31,
            "last_12y": -4.79,
            "last_16y": 6.87,
            "last_20y": 6.2,
            "at_2006_last_3y": 3.36,
            "at_2007_last_3y": 17.57,
            "at_2008_last_3y": 15.44,
            "at_2009_last_3y": 54.33,
            "at_2010_last_3y": 44.77,
            "at_2011_last_3y": 27.24,
            "at_2012_last_3y": 34.31,
            "at_2013_last_3y": 20.85,
            "at_2014_last_3y": 7.61,
            "at_2015_last_3y": 7.5,
            "at_2016_last_3y": 9.74,
            "at_2017_last_3y": 0.51,
            "at_2018_last_3y": 3.38,
            "at_2019_last_3y": 6.77,
            "at_2020_last_3y": 1.36,
            "at_2021_last_3y": 3,
            "at_2022_last_3y": -10.19,
            "at_2023_last_3y": -25.59,
            "at_2024_last_3y": -25.59,
            "at_2006_last_all": 22.68,
            "at_2007_last_all": 27.76,
            "at_2008_last_all": 21.61,
            "at_2009_last_all": 28.85,
            "at_2010_last_all": 32.5,
            "at_2011_last_all": 27.55,
            "at_2012_last_all": 26.23,
            "at_2013_last_all": 26.18,
            "at_2014_last_all": 24.84,
            "at_2015_last_all": 21.82,
            "at_2016_last_all": 21.83,
            "at_2017_last_all": 19.76,
            "at_2018_last_all": 19.79,
            "at_2019_last_all": 18.48,
            "at_2020_last_all": 17.52,
            "at_2021_last_all": 16.41,
            "at_2022_last_all": 14.08,
            "at_2023_last_all": 10.46,
            "at_2024_last_all": 10.46
        },
        "latest_eps": 1.38,
        "latest_price": 31.4,
        "latest_roe": 7.28,
        "latest_gross_margin": 17.93,
        "latest_equity": 2924348,
        "latest_revenue": 857105,
        "latest_gross_profit": 153690,
        "latest_net_income": 41365,
        "latest_debt_ratio": 47.23,
        "latest_current_ratio": 416.65,
        "latest_account_receivable_turnover_ratio": 1.19,
        "latest_inventory_turnover_ratio": 1.27,
        "latest_reinvestment_rate": 77.16,
        "latest_research_to_sale_ratio": 1.6
    },
    "eps_dividends": {
        "1995": {
            "cash": 0.15,
            "stock": 1,
            "eps": 0
        },
        "1996": {
            "cash": 0,
            "stock": 1,
            "eps": 0
        },
        "1997": {
            "cash": 0,
            "stock": 1,
            "eps": 0
        },
        "1998": {
            "cash": 0,
            "stock": 1,
            "eps": 0
        },
        "1999": {
            "cash": 0.55,
            "stock": 0.45,
            "eps": 0
        },
        "2000": {
            "cash": 0.55,
            "stock": 0.35,
            "eps": 0
        },
        "2001": {
            "cash": 0,
            "stock": 0,
            "eps": 0.52
        },
        "2002": {
            "cash": 0.42,
            "stock": 0,
            "eps": 1.07
        },
        "2003": {
            "cash": 0.5,
            "stock": 0.3,
            "eps": 1.03
        },
        "2004": {
            "cash": 0.5,
            "stock": 0.3,
            "eps": 0.96
        },
        "2005": {
            "cash": 0.5,
            "stock": 0.2,
            "eps": 0.23
        },
        "2006": {
            "cash": 0.35,
            "stock": 0,
            "eps": 0.64
        },
        "2007": {
            "cash": 0.5,
            "stock": 0,
            "eps": 0.98
        },
        "2008": {
            "cash": 0.3,
            "stock": 0.5,
            "eps": 0.83
        },
        "2009": {
            "cash": 0.6,
            "stock": 0,
            "eps": 1.49
        },
        "2010": {
            "cash": 0.9,
            "stock": 0.5,
            "eps": 2.41
        },
        "2011": {
            "cash": 2.7,
            "stock": 0,
            "eps": 2
        },
        "2012": {
            "cash": 0,
            "stock": 0,
            "eps": 2.26
        },
        "2013": {
            "cash": 0.7,
            "stock": 0.5,
            "eps": 2.84
        },
        "2014": {
            "cash": 1,
            "stock": 0.5,
            "eps": 3.09
        },
        "2015": {
            "cash": 1.8,
            "stock": 0,
            "eps": 2.55
        },
        "2016": {
            "cash": 1.55,
            "stock": 0,
            "eps": 3.11
        },
        "2017": {
            "cash": 1.8,
            "stock": 0,
            "eps": 2.76
        },
        "2018": {
            "cash": 1.3,
            "stock": 0,
            "eps": 3.32
        },
        "2019": {
            "cash": 1.8,
            "stock": 0,
            "eps": 3.19
        },
        "2020": {
            "cash": 1.6,
            "stock": 0,
            "eps": 3.2
        },
        "2021": {
            "cash": 1.6,
            "stock": 0,
            "eps": 3.05
        },
        "2022": {
            "cash": 1.6,
            "stock": 0,
            "eps": 2.06
        },
        "2023": {
            "cash": 2.2,
            "stock": 0,
            "eps": 0.71
        }
    },
    "dividends": {
        "1995-06-18": {
            "cash": 0.15,
            "stock": 1
        },
        "1996-05-25": {
            "cash": 0,
            "stock": 1
        },
        "1997-04-25": {
            "cash": 0,
            "stock": 1
        },
        "1998-10-01": {
            "cash": 0,
            "stock": 1
        },
        "1999-06-24": {
            "cash": 0.55,
            "stock": 0.45
        },
        "2000-06-30": {
            "cash": 0.55,
            "stock": 0.35
        },
        "2002-05-29": {
            "cash": 0.42,
            "stock": 0
        },
        "2003-03-10": {
            "cash": 0.5,
            "stock": 0.3
        },
        "2004-03-08": {
            "cash": 0.5,
            "stock": 0.3
        },
        "2005-03-08": {
            "cash": 0.5,
            "stock": 0.2
        },
        "2006-03-13": {
            "cash": 0.35,
            "stock": 0
        },
        "2007-03-13": {
            "cash": 0.5,
            "stock": 0
        },
        "2008-03-12": {
            "cash": 0.3,
            "stock": 0.5
        },
        "2009-03-24": {
            "cash": 0.6,
            "stock": 0
        },
        "2010-06-21": {
            "cash": 0.9,
            "stock": 0.5
        },
        "2011-01-01": {
            "cash": 1.2,
            "stock": 0
        },
        "2011-03-24": {
            "cash": 1.5,
            "stock": 0
        },
        "2013-03-26": {
            "cash": 0.7,
            "stock": 0.5
        },
        "2014-06-17": {
            "cash": 1,
            "stock": 0.5
        },
        "2015-08-07": {
            "cash": 1.8,
            "stock": 0
        },
        "2016-07-19": {
            "cash": 1.55,
            "stock": 0
        },
        "2017-08-09": {
            "cash": 1.8,
            "stock": 0
        },
        "2018-08-03": {
            "cash": 1.3,
            "stock": 0
        },
        "2019-08-14": {
            "cash": 1.8,
            "stock": 0
        },
        "2020-08-05": {
            "cash": 1.6,
            "stock": 0
        },
        "2021-07-26": {
            "cash": 1.6,
            "stock": 0
        },
        "2022-07-12": {
            "cash": 1.6,
            "stock": 0
        },
        "2023-02-23": {
            "cash": 1.1,
            "stock": 0
        },
        "2023-06-19": {
            "cash": 1.1,
            "stock": 0
        }
    },
    "prices": {
        "200101": "7.05",
        "200102": "7.26",
        "200103": "6.91",
        "200104": "7.54",
        "200105": "8.22",
        "200106": "7.15",
        "200107": "6.80",
        "200108": "6.90",
        "200109": "6.21",
        "200110": "5.93",
        "200111": "5.94",
        "200112": "6.64",
        "200201": "7.16",
        "200202": "7.61",
        "200203": "8.69",
        "200204": "9.12",
        "200205": "8.65",
        "200206": "10.00",
        "200207": "10.66",
        "200208": "9.10",
        "200209": "8.25",
        "200210": "8.29",
        "200211": "11.06",
        "200212": "11.72",
        "200301": "11.76",
        "200302": "11.42",
        "200303": "11.45",
        "200304": "10.62",
        "200305": "10.68",
        "200306": "11.42",
        "200307": "11.06",
        "200308": "10.45",
        "200309": "10.16",
        "200310": "10.34",
        "200311": "10.78",
        "200312": "11.30",
        "200401": "11.57",
        "200402": "12.28",
        "200403": "12.31",
        "200404": "12.47",
        "200405": "11.94",
        "200406": "11.56",
        "200407": "10.63",
        "200408": "10.41",
        "200409": "10.39",
        "200410": "9.80",
        "200411": "9.45",
        "200412": "9.48",
        "200501": "9.99",
        "200502": "10.63",
        "200503": "10.19",
        "200504": "9.70",
        "200505": "9.59",
        "200506": "9.48",
        "200507": "9.39",
        "200508": "9.19",
        "200509": "9.12",
        "200510": "9.04",
        "200511": "8.88",
        "200512": "8.77",
        "200601": "8.95",
        "200602": "8.87",
        "200603": "8.27",
        "200604": "8.03",
        "200605": "8.20",
        "200606": "8.05",
        "200607": "8.06",
        "200608": "7.94",
        "200609": "7.93",
        "200610": "8.35",
        "200611": "8.89",
        "200612": "9.64",
        "200701": "10.19",
        "200702": "10.87",
        "200703": "10.49",
        "200704": "11.26",
        "200705": "10.71",
        "200706": "10.92",
        "200707": "15.78",
        "200708": "18.08",
        "200709": "17.52",
        "200710": "15.81",
        "200711": "13.09",
        "200712": "11.23",
        "200801": "10.79",
        "200802": "11.26",
        "200803": "12.58",
        "200804": "14.60",
        "200805": "15.89",
        "200806": "12.93",
        "200807": "11.82",
        "200808": "11.03",
        "200809": "9.86",
        "200810": "8.90",
        "200811": "8.34",
        "200812": "8.68",
        "200901": "9.01",
        "200902": "8.74",
        "200903": "9.16",
        "200904": "10.84",
        "200905": "11.58",
        "200906": "11.64",
        "200907": "11.24",
        "200908": "11.38",
        "200909": "13.88",
        "200910": "15.61",
        "200911": "15.99",
        "200912": "19.25",
        "201001": "18.35",
        "201002": "15.84",
        "201003": "17.77",
        "201004": "19.09",
        "201005": "19.27",
        "201006": "18.66",
        "201007": "20.35",
        "201008": "23.23",
        "201009": "22.30",
        "201010": "23.90",
        "201011": "26.09",
        "201012": "27.38",
        "201101": "25.26",
        "201102": "23.98",
        "201103": "23.65",
        "201104": "24.54",
        "201105": "25.70",
        "201106": "24.81",
        "201107": "25.72",
        "201108": "24.35",
        "201109": "19.48",
        "201110": "19.46",
        "201111": "19.72",
        "201112": "18.52",
        "201201": "17.33",
        "201202": "19.10",
        "201203": "19.95",
        "201204": "21.05",
        "201205": "19.79",
        "201206": "19.22",
        "201207": "20.47",
        "201208": "22.60",
        "201209": "22.38",
        "201210": "22.17",
        "201211": "20.30",
        "201212": "21.05",
        "201301": "21.98",
        "201302": "22.30",
        "201303": "22.70",
        "201304": "23.61",
        "201305": "25.23",
        "201306": "25.00",
        "201307": "31.83",
        "201308": "41.35",
        "201309": "42.97",
        "201310": "44.81",
        "201311": "44.83",
        "201312": "40.41",
        "201401": "39.06",
        "201402": "40.55",
        "201403": "39.84",
        "201404": "39.09",
        "201405": "37.40",
        "201406": "35.58",
        "201407": "33.98",
        "201408": "33.64",
        "201409": "33.39",
        "201410": "30.81",
        "201411": "32.35",
        "201412": "33.75",
        "201501": "36.21",
        "201502": "36.60",
        "201503": "37.36",
        "201504": "36.98",
        "201505": "33.10",
        "201506": "29.37",
        "201507": "29.13",
        "201508": "24.68",
        "201509": "25.17",
        "201510": "26.80",
        "201511": "26.57",
        "201512": "24.82",
        "201601": "23.51",
        "201602": "24.99",
        "201603": "30.33",
        "201604": "33.58",
        "201605": "32.45",
        "201606": "33.16",
        "201607": "32.68",
        "201608": "34.03",
        "201609": "32.56",
        "201610": "33.82",
        "201611": "35.33",
        "201612": "34.27",
        "201701": "33.36",
        "201702": "33.90",
        "201703": "33.91",
        "201704": "33.51",
        "201705": "32.67",
        "201706": "33.13",
        "201707": "32.43",
        "201708": "31.97",
        "201709": "32.72",
        "201710": "32.61",
        "201711": "33.38",
        "201712": "36.25",
        "201801": "37.37",
        "201802": "34.07",
        "201803": "34.38",
        "201804": "34.37",
        "201805": "34.89",
        "201806": "36.89",
        "201807": "36.95",
        "201808": "36.85",
        "201809": "36.18",
        "201810": "33.59",
        "201811": "34.28",
        "201812": "35.61",
        "201901": "35.79",
        "201902": "36.85",
        "201903": "37.05",
        "201904": "36.37",
        "201905": "34.89",
        "201906": "34.26",
        "201907": "34.76",
        "201908": "33.35",
        "201909": "33.81",
        "201910": "34.10",
        "201911": "34.26",
        "201912": "33.96",
        "202001": "33.61",
        "202002": "33.10",
        "202003": "30.45",
        "202004": "31.19",
        "202005": "33.15",
        "202006": "33.24",
        "202007": "32.93",
        "202008": "33.37",
        "202009": "33.59",
        "202010": "32.96",
        "202011": "32.98",
        "202012": "32.98",
        "202101": "32.58",
        "202102": "32.56",
        "202103": "34.26",
        "202104": "35.75",
        "202105": "33.59",
        "202106": "34.38",
        "202107": "34.48",
        "202108": "33.83",
        "202109": "34.34",
        "202110": "35.07",
        "202111": "35.16",
        "202112": "34.89",
        "202201": "34.98",
        "202202": "35.70",
        "202203": "36.15",
        "202204": "35.42",
        "202205": "34.75",
        "202206": "34.53",
        "202207": "33.43",
        "202208": "33.70",
        "202209": "33.35",
        "202210": "33.03",
        "202211": "32.92",
        "202212": "33.01",
        "202301": "33.03",
        "202302": "33.46",
        "202303": "33.26",
        "202304": "33.04",
        "202305": "32.92",
        "202306": "32.19",
        "202307": "31.77",
        "202308": "31.80",
        "202309": "31.67",
        "202310": "31.41",
        "202311": "31.27",
        "202312": "31.19"
    },
    "quarters": {
        "20011": {
            "year_quarter": 20011,
            "year": 2001,
            "quarter": 1,
            "eps": 0.09,
            "eps_growth_year": -43.75,
            "eps_4q": 0.49,
            "eps_4q_growth_year": -36.16,
            "roe": 0.72,
            "roe_4q": 0.72,
            "gross_profit": 39132,
            "gross_margin": 19.17,
            "gross_margin_4q_avg": 19.17,
            "net_income": 6117,
            "net_income_4q": null,
            "revenue": 204112,
            "revenue_4q": null,
            "common_shares": 693933,
            "book_valuer_per_share": 12.37,
            "book_valuer_per_share_4q_avg": 12.37,
            "equity": 858416,
            "current_ratio": 218.33,
            "debt_ratio": 25.69,
            "inventory_turnover_ratio": 1.69,
            "account_receivable_turnover_ratio": null,
            "reinvestment_rate": null,
            "research_to_sale_ratio": null,
            "price_fair": 0,
            "eps_avg_yearly": 0,
            "eps_latest_yearly": 0,
            "eps_growth_yearly": 0
        },
        "20012": {
            "year_quarter": 20012,
            "year": 2001,
            "quarter": 2,
            "eps": 0.16,
            "eps_growth_year": 14.29,
            "eps_4q": 0.5,
            "eps_4q_growth_year": 31.63,
            "roe": 1.3,
            "roe_4q": 2.02,
            "gross_profit": 38476,
            "gross_margin": 17.68,
            "gross_margin_4q_avg": 18.43,
            "net_income": 11015,
            "net_income_4q": null,
            "revenue": 217660,
            "revenue_4q": null,
            "common_shares": 693933,
            "book_valuer_per_share": 12.04,
            "book_valuer_per_share_4q_avg": 12.21,
            "equity": 835603,
            "current_ratio": 194.59,
            "debt_ratio": 28.41,
            "inventory_turnover_ratio": 2.08,
            "account_receivable_turnover_ratio": null,
            "reinvestment_rate": null,
            "research_to_sale_ratio": null,
            "price_fair": 0,
            "eps_avg_yearly": 0,
            "eps_latest_yearly": 0,
            "eps_growth_yearly": 0
        },
        "20013": {
            "year_quarter": 20013,
            "year": 2001,
            "quarter": 3,
            "eps": 0.08,
            "eps_growth_year": 14.29,
            "eps_4q": 0.48,
            "eps_4q_growth_year": 30.56,
            "roe": 0.7,
            "roe_4q": 2.7199999999999998,
            "gross_profit": 34321,
            "gross_margin": 16.35,
            "gross_margin_4q_avg": 17.73,
            "net_income": 5883,
            "net_income_4q": null,
            "revenue": 209957,
            "revenue_4q": null,
            "common_shares": 693933,
            "book_valuer_per_share": 12.13,
            "book_valuer_per_share_4q_avg": 12.18,
            "equity": 841490,
            "current_ratio": 191.84,
            "debt_ratio": 26.68,
            "inventory_turnover_ratio": 1.97,
            "account_receivable_turnover_ratio": null,
            "reinvestment_rate": null,
            "research_to_sale_ratio": null,
            "price_fair": 0,
            "eps_avg_yearly": 0,
            "eps_latest_yearly": 0,
            "eps_growth_yearly": 0
        },
        "20014": {
            "year_quarter": 20014,
            "year": 2001,
            "quarter": 4,
            "eps": 0.19,
            "eps_growth_year": 11.76,
            "eps_4q": 0.52,
            "eps_4q_growth_year": -0.56,
            "roe": 1.55,
            "roe_4q": 4.27,
            "gross_profit": 39256,
            "gross_margin": 17.55,
            "gross_margin_4q_avg": 17.69,
            "net_income": 13218,
            "net_income_4q": null,
            "revenue": 223689,
            "revenue_4q": null,
            "common_shares": 693933,
            "book_valuer_per_share": 12.43,
            "book_valuer_per_share_4q_avg": 12.24,
            "equity": 862341,
            "current_ratio": 165.2,
            "debt_ratio": 38.22,
            "inventory_turnover_ratio": 1.77,
            "account_receivable_turnover_ratio": null,
            "reinvestment_rate": null,
            "research_to_sale_ratio": null,
            "price_fair": 0,
            "eps_avg_yearly": 0,
            "eps_latest_yearly": 0,
            "eps_growth_yearly": 0
        },
        "20021": {
            "year_quarter": 20021,
            "year": 2002,
            "quarter": 1,
            "eps": 0.12,
            "eps_growth_year": 33.33,
            "eps_4q": 0.54,
            "eps_4q_growth_year": 11.08,
            "roe": 0.99,
            "roe_4q": 4.54,
            "gross_profit": 33635,
            "gross_margin": 16.08,
            "gross_margin_4q_avg": 16.92,
            "net_income": 8586,
            "net_income_4q": null,
            "revenue": 209169,
            "revenue_4q": null,
            "common_shares": 693933,
            "book_valuer_per_share": 12.51,
            "book_valuer_per_share_4q_avg": 12.28,
            "equity": 868123,
            "current_ratio": 313.15,
            "debt_ratio": 27.73,
            "inventory_turnover_ratio": 1.71,
            "account_receivable_turnover_ratio": null,
            "reinvestment_rate": null,
            "research_to_sale_ratio": null,
            "price_fair": 1.44,
            "eps_avg_yearly": 0.48,
            "eps_latest_yearly": 0.48,
            "eps_growth_yearly": -147.37
        },
        "20022": {
            "year_quarter": 20022,
            "year": 2002,
            "quarter": 2,
            "eps": 0.24,
            "eps_growth_year": 50,
            "eps_4q": 0.63,
            "eps_4q_growth_year": 26.06,
            "roe": 1.97,
            "roe_4q": 5.21,
            "gross_profit": 51241,
            "gross_margin": 21.35,
            "gross_margin_4q_avg": 17.83,
            "net_income": 16945,
            "net_income_4q": null,
            "revenue": 240055,
            "revenue_4q": null,
            "common_shares": 693933,
            "book_valuer_per_share": 12.29,
            "book_valuer_per_share_4q_avg": 12.34,
            "equity": 852975,
            "current_ratio": 218.47,
            "debt_ratio": 32.28,
            "inventory_turnover_ratio": 2.15,
            "account_receivable_turnover_ratio": null,
            "reinvestment_rate": null,
            "research_to_sale_ratio": null,
            "price_fair": 25.2,
            "eps_avg_yearly": 0.72,
            "eps_latest_yearly": 0.96,
            "eps_growth_yearly": 126.32
        },
        "20023": {
            "year_quarter": 20023,
            "year": 2002,
            "quarter": 3,
            "eps": 0.38,
            "eps_growth_year": 375,
            "eps_4q": 0.93,
            "eps_4q_growth_year": 94.45,
            "roe": 3.07,
            "roe_4q": 7.58,
            "gross_profit": 53679,
            "gross_margin": 21.02,
            "gross_margin_4q_avg": 19,
            "net_income": 26634,
            "net_income_4q": null,
            "revenue": 255323,
            "revenue_4q": null,
            "common_shares": 693933,
            "book_valuer_per_share": 12.68,
            "book_valuer_per_share_4q_avg": 12.48,
            "equity": 880128,
            "current_ratio": 232.51,
            "debt_ratio": 29.82,
            "inventory_turnover_ratio": 2.38,
            "account_receivable_turnover_ratio": null,
            "reinvestment_rate": null,
            "research_to_sale_ratio": null,
            "price_fair": 34.53,
            "eps_avg_yearly": 0.99,
            "eps_latest_yearly": 1.52,
            "eps_growth_yearly": 161.99
        },
        "20024": {
            "year_quarter": 20024,
            "year": 2002,
            "quarter": 4,
            "eps": 0.33,
            "eps_growth_year": 73.68,
            "eps_4q": 1.08,
            "eps_4q_growth_year": 107.44,
            "roe": 2.57,
            "roe_4q": 8.6,
            "gross_profit": 42139,
            "gross_margin": 17.06,
            "gross_margin_4q_avg": 18.88,
            "net_income": 22941,
            "net_income_4q": null,
            "revenue": 247074,
            "revenue_4q": null,
            "common_shares": 693933,
            "book_valuer_per_share": 13.01,
            "book_valuer_per_share_4q_avg": 12.62,
            "equity": 903036,
            "current_ratio": 157.08,
            "debt_ratio": 38.65,
            "inventory_turnover_ratio": 1.89,
            "account_receivable_turnover_ratio": null,
            "reinvestment_rate": 10.42,
            "research_to_sale_ratio": null,
            "price_fair": 37.45,
            "eps_avg_yearly": 1.07,
            "eps_latest_yearly": 1.32,
            "eps_growth_yearly": 108.33
        },
        "20031": {
            "year_quarter": 20031,
            "year": 2003,
            "quarter": 1,
            "eps": 0.11,
            "eps_growth_year": -8.33,
            "eps_4q": 1.03,
            "eps_4q_growth_year": 90.13,
            "roe": 0.88,
            "roe_4q": 8.49,
            "gross_profit": 34060,
            "gross_margin": 14.48,
            "gross_margin_4q_avg": 18.48,
            "net_income": 7967,
            "net_income_4q": null,
            "revenue": 235180,
            "revenue_4q": null,
            "common_shares": 693933,
            "book_valuer_per_share": 13.13,
            "book_valuer_per_share_4q_avg": 12.78,
            "equity": 911016,
            "current_ratio": 267.21,
            "debt_ratio": 26.33,
            "inventory_turnover_ratio": 1.76,
            "account_receivable_turnover_ratio": null,
            "reinvestment_rate": -63.82,
            "research_to_sale_ratio": null,
            "price_fair": 33.04,
            "eps_avg_yearly": 0.94,
            "eps_latest_yearly": 0.44,
            "eps_growth_yearly": 33.33
        },
        "20032": {
            "year_quarter": 20032,
            "year": 2003,
            "quarter": 2,
            "eps": 0.35,
            "eps_growth_year": 45.83,
            "eps_4q": 1.16,
            "eps_4q_growth_year": 83.71,
            "roe": 2.75,
            "roe_4q": 9.27,
            "gross_profit": 56295,
            "gross_margin": 20.22,
            "gross_margin_4q_avg": 18.2,
            "net_income": 24823,
            "net_income_4q": null,
            "revenue": 278381,
            "revenue_4q": null,
            "common_shares": 693933,
            "book_valuer_per_share": 12.91,
            "book_valuer_per_share_4q_avg": 12.93,
            "equity": 895588,
            "current_ratio": 196.58,
            "debt_ratio": 31.53,
            "inventory_turnover_ratio": 2.39,
            "account_receivable_turnover_ratio": null,
            "reinvestment_rate": -33.18,
            "research_to_sale_ratio": null,
            "price_fair": 35.7,
            "eps_avg_yearly": 1.02,
            "eps_latest_yearly": 1.4,
            "eps_growth_yearly": 173.23
        },
        "20033": {
            "year_quarter": 20033,
            "year": 2003,
            "quarter": 3,
            "eps": 0.31,
            "eps_growth_year": -18.42,
            "eps_4q": 1.1,
            "eps_4q_growth_year": 17.57,
            "roe": 2.42,
            "roe_4q": 8.62,
            "gross_profit": 46187,
            "gross_margin": 18.81,
            "gross_margin_4q_avg": 17.64,
            "net_income": 21960,
            "net_income_4q": null,
            "revenue": 245536,
            "revenue_4q": null,
            "common_shares": 714751,
            "book_valuer_per_share": 12.83,
            "book_valuer_per_share_4q_avg": 12.97,
            "equity": 917252,
            "current_ratio": 163.89,
            "debt_ratio": 31.99,
            "inventory_turnover_ratio": 2.1,
            "account_receivable_turnover_ratio": null,
            "reinvestment_rate": 6.34,
            "research_to_sale_ratio": null,
            "price_fair": 36.8,
            "eps_avg_yearly": 1.05,
            "eps_latest_yearly": 1.24,
            "eps_growth_yearly": 141.95
        },
        "20034": {
            "year_quarter": 20034,
            "year": 2003,
            "quarter": 4,
            "eps": 0.26,
            "eps_growth_year": -21.21,
            "eps_4q": 1.02,
            "eps_4q_growth_year": -5.27,
            "roe": 2.02,
            "roe_4q": 8.07,
            "gross_profit": 52159,
            "gross_margin": 19.83,
            "gross_margin_4q_avg": 18.34,
            "net_income": 18647,
            "net_income_4q": null,
            "revenue": 262968,
            "revenue_4q": null,
            "common_shares": 714751,
            "book_valuer_per_share": 13.03,
            "book_valuer_per_share_4q_avg": 12.98,
            "equity": 930967,
            "current_ratio": 141.35,
            "debt_ratio": 47.46,
            "inventory_turnover_ratio": 1.65,
            "account_receivable_turnover_ratio": null,
            "reinvestment_rate": 125.26,
            "research_to_sale_ratio": null,
            "price_fair": 36.75,
            "eps_avg_yearly": 1.05,
            "eps_latest_yearly": 1.04,
            "eps_growth_yearly": 116.15
        },
        "20041": {
            "year_quarter": 20041,
            "year": 2004,
            "quarter": 1,
            "eps": 0.19,
            "eps_growth_year": 72.73,
            "eps_4q": 1.09,
            "eps_4q_growth_year": 6.11,
            "roe": 1.47,
            "roe_4q": 8.66,
            "gross_profit": 50160,
            "gross_margin": 19.48,
            "gross_margin_4q_avg": 19.59,
            "net_income": 13793,
            "net_income_4q": null,
            "revenue": 257477,
            "revenue_4q": null,
            "common_shares": 714751,
            "book_valuer_per_share": 13.22,
            "book_valuer_per_share_4q_avg": 13,
            "equity": 944698,
            "current_ratio": 249.81,
            "debt_ratio": 34.64,
            "inventory_turnover_ratio": 1.58,
            "account_receivable_turnover_ratio": null,
            "reinvestment_rate": 9.63,
            "research_to_sale_ratio": null,
            "price_fair": 35.62,
            "eps_avg_yearly": 1.02,
            "eps_latest_yearly": 0.76,
            "eps_growth_yearly": 91.27
        },
        "20042": {
            "year_quarter": 20042,
            "year": 2004,
            "quarter": 2,
            "eps": 0.18,
            "eps_growth_year": -48.57,
            "eps_4q": 0.93,
            "eps_4q_growth_year": -19.52,
            "roe": 1.4,
            "roe_4q": 7.3100000000000005,
            "gross_profit": 51358,
            "gross_margin": 18.06,
            "gross_margin_4q_avg": 19.05,
            "net_income": 12976,
            "net_income_4q": null,
            "revenue": 284444,
            "revenue_4q": null,
            "common_shares": 714751,
            "book_valuer_per_share": 12.79,
            "book_valuer_per_share_4q_avg": 12.97,
            "equity": 914374,
            "current_ratio": 189.52,
            "debt_ratio": 36.81,
            "inventory_turnover_ratio": 2.26,
            "account_receivable_turnover_ratio": null,
            "reinvestment_rate": 14.44,
            "research_to_sale_ratio": null,
            "price_fair": 34.58,
            "eps_avg_yearly": 0.99,
            "eps_latest_yearly": 0.72,
            "eps_growth_yearly": 80.04
        },
        "20043": {
            "year_quarter": 20043,
            "year": 2004,
            "quarter": 3,
            "eps": 0.31,
            "eps_growth_year": 0,
            "eps_4q": 0.94,
            "eps_4q_growth_year": -14.57,
            "roe": 2.42,
            "roe_4q": 7.3100000000000005,
            "gross_profit": 60374,
            "gross_margin": 21.11,
            "gross_margin_4q_avg": 19.62,
            "net_income": 22457,
            "net_income_4q": null,
            "revenue": 286019,
            "revenue_4q": null,
            "common_shares": 736194,
            "book_valuer_per_share": 12.74,
            "book_valuer_per_share_4q_avg": 12.95,
            "equity": 937745,
            "current_ratio": 153.19,
            "debt_ratio": 38.65,
            "inventory_turnover_ratio": 2.04,
            "account_receivable_turnover_ratio": null,
            "reinvestment_rate": 36.91,
            "research_to_sale_ratio": null,
            "price_fair": 35.38,
            "eps_avg_yearly": 1.01,
            "eps_latest_yearly": 1.24,
            "eps_growth_yearly": 99.03
        },
        "20044": {
            "year_quarter": 20044,
            "year": 2004,
            "quarter": 4,
            "eps": 0.28,
            "eps_growth_year": 7.69,
            "eps_4q": 0.96,
            "eps_4q_growth_year": -5.81,
            "roe": 2.14,
            "roe_4q": 7.430000000000001,
            "gross_profit": 53257,
            "gross_margin": 17.52,
            "gross_margin_4q_avg": 19.04,
            "net_income": 20152,
            "net_income_4q": null,
            "revenue": 303921,
            "revenue_4q": null,
            "common_shares": 736194,
            "book_valuer_per_share": 12.81,
            "book_valuer_per_share_4q_avg": 12.89,
            "equity": 942783,
            "current_ratio": 103.08,
            "debt_ratio": 50.58,
            "inventory_turnover_ratio": 1.48,
            "account_receivable_turnover_ratio": null,
            "reinvestment_rate": 149.52,
            "research_to_sale_ratio": null,
            "price_fair": 35.7,
            "eps_avg_yearly": 1.02,
            "eps_latest_yearly": 1.12,
            "eps_growth_yearly": 87.55
        },
        "20051": {
            "year_quarter": 20051,
            "year": 2005,
            "quarter": 1,
            "eps": 0.13,
            "eps_growth_year": -31.58,
            "eps_4q": 0.88,
            "eps_4q_growth_year": -19.53,
            "roe": 1.02,
            "roe_4q": 6.98,
            "gross_profit": 52779,
            "gross_margin": 18.68,
            "gross_margin_4q_avg": 18.84,
            "net_income": 9658,
            "net_income_4q": null,
            "revenue": 282518,
            "revenue_4q": null,
            "common_shares": 736194,
            "book_valuer_per_share": 12.89,
            "book_valuer_per_share_4q_avg": 12.81,
            "equity": 949060,
            "current_ratio": 155.71,
            "debt_ratio": 40.11,
            "inventory_turnover_ratio": 1.2,
            "account_receivable_turnover_ratio": null,
            "reinvestment_rate": 44.48,
            "research_to_sale_ratio": null,
            "price_fair": 34.35,
            "eps_avg_yearly": 0.98,
            "eps_latest_yearly": 0.52,
            "eps_growth_yearly": 64.33
        },
        "20052": {
            "year_quarter": 20052,
            "year": 2005,
            "quarter": 2,
            "eps": 0.23,
            "eps_growth_year": 27.78,
            "eps_4q": 0.95,
            "eps_4q_growth_year": 1.21,
            "roe": 1.78,
            "roe_4q": 7.359999999999999,
            "gross_profit": 42977,
            "gross_margin": 15.11,
            "gross_margin_4q_avg": 18.11,
            "net_income": 16791,
            "net_income_4q": null,
            "revenue": 284400,
            "revenue_4q": null,
            "common_shares": 736194,
            "book_valuer_per_share": 12.67,
            "book_valuer_per_share_4q_avg": 12.78,
            "equity": 932913,
            "current_ratio": 133.96,
            "debt_ratio": 41.9,
            "inventory_turnover_ratio": 1.62,
            "account_receivable_turnover_ratio": null,
            "reinvestment_rate": 59.23,
            "research_to_sale_ratio": null,
            "price_fair": 34.2,
            "eps_avg_yearly": 0.98,
            "eps_latest_yearly": 0.92,
            "eps_growth_yearly": 81.71
        },
        "20053": {
            "year_quarter": 20053,
            "year": 2005,
            "quarter": 3,
            "eps": 0.32,
            "eps_growth_year": 3.23,
            "eps_4q": 0.95,
            "eps_4q_growth_year": 1.03,
            "roe": 2.5,
            "roe_4q": 7.440000000000001,
            "gross_profit": 53911,
            "gross_margin": 18.66,
            "gross_margin_4q_avg": 17.49,
            "net_income": 23799,
            "net_income_4q": null,
            "revenue": 288876,
            "revenue_4q": null,
            "common_shares": 750918,
            "book_valuer_per_share": 12.91,
            "book_valuer_per_share_4q_avg": 12.82,
            "equity": 969211,
            "current_ratio": 147.48,
            "debt_ratio": 40.75,
            "inventory_turnover_ratio": 1.77,
            "account_receivable_turnover_ratio": null,
            "reinvestment_rate": 55.13,
            "research_to_sale_ratio": null,
            "price_fair": 34.91,
            "eps_avg_yearly": 1,
            "eps_latest_yearly": 1.28,
            "eps_growth_yearly": 86.7
        },
        "20054": {
            "year_quarter": 20054,
            "year": 2005,
            "quarter": 4,
            "eps": -0.45,
            "eps_growth_year": -260.71,
            "eps_4q": 0.14,
            "eps_4q_growth_year": -85.77,
            "roe": -3.43,
            "roe_4q": 1.8699999999999999,
            "gross_profit": 50579,
            "gross_margin": 16.17,
            "gross_margin_4q_avg": 17.16,
            "net_income": -33740,
            "net_income_4q": null,
            "revenue": 312716,
            "revenue_4q": null,
            "common_shares": 750918,
            "book_valuer_per_share": 12.51,
            "book_valuer_per_share_4q_avg": 12.75,
            "equity": 997171,
            "current_ratio": 117.85,
            "debt_ratio": 52.39,
            "inventory_turnover_ratio": 1.36,
            "account_receivable_turnover_ratio": null,
            "reinvestment_rate": 186.17,
            "research_to_sale_ratio": null,
            "price_fair": 34.91,
            "eps_avg_yearly": 1,
            "eps_latest_yearly": 1.28,
            "eps_growth_yearly": 86.7
        },
        "20061": {
            "year_quarter": 20061,
            "year": 2006,
            "quarter": 1,
            "eps": 0.02,
            "eps_growth_year": -84.62,
            "eps_4q": 0.09,
            "eps_4q_growth_year": -89.23,
            "roe": 0.19,
            "roe_4q": 1.0399999999999998,
            "gross_profit": 30681,
            "gross_margin": 11.63,
            "gross_margin_4q_avg": 15.39,
            "net_income": 1836,
            "net_income_4q": null,
            "revenue": 263819,
            "revenue_4q": null,
            "common_shares": 750918,
            "book_valuer_per_share": 12.49,
            "book_valuer_per_share_4q_avg": 12.65,
            "equity": 937802,
            "current_ratio": 119.68,
            "debt_ratio": 43.53,
            "inventory_turnover_ratio": 1.19,
            "account_receivable_turnover_ratio": null,
            "reinvestment_rate": 86.52,
            "research_to_sale_ratio": null,
            "price_fair": 36.2,
            "eps_avg_yearly": 1.03,
            "eps_latest_yearly": 1.28,
            "eps_growth_yearly": 103.42
        },
        "20062": {
            "year_quarter": 20062,
            "year": 2006,
            "quarter": 2,
            "eps": 0.38,
            "eps_growth_year": 65.22,
            "eps_4q": 0.27,
            "eps_4q_growth_year": -71.36,
            "roe": 3.01,
            "roe_4q": 2.2699999999999996,
            "gross_profit": 52723,
            "gross_margin": 16.89,
            "gross_margin_4q_avg": 15.84,
            "net_income": 28236,
            "net_income_4q": null,
            "revenue": 312081,
            "revenue_4q": null,
            "common_shares": 750918,
            "book_valuer_per_share": 12.5,
            "book_valuer_per_share_4q_avg": 12.6,
            "equity": 938996,
            "current_ratio": 137.26,
            "debt_ratio": 45.51,
            "inventory_turnover_ratio": 1.74,
            "account_receivable_turnover_ratio": null,
            "reinvestment_rate": 78.25,
            "research_to_sale_ratio": null,
            "price_fair": 37.6,
            "eps_avg_yearly": 1.07,
            "eps_latest_yearly": 1.52,
            "eps_growth_yearly": 589.14
        },
        "20063": {
            "year_quarter": 20063,
            "year": 2006,
            "quarter": 3,
            "eps": 0.32,
            "eps_growth_year": 0,
            "eps_4q": 0.27,
            "eps_4q_growth_year": -71.39,
            "roe": 2.5,
            "roe_4q": 2.27,
            "gross_profit": 61504,
            "gross_margin": 18.66,
            "gross_margin_4q_avg": 15.84,
            "net_income": 23875,
            "net_income_4q": null,
            "revenue": 329690,
            "revenue_4q": null,
            "common_shares": 750918,
            "book_valuer_per_share": 12.95,
            "book_valuer_per_share_4q_avg": 12.61,
            "equity": 972610,
            "current_ratio": 141.16,
            "debt_ratio": 44.33,
            "inventory_turnover_ratio": 1.78,
            "account_receivable_turnover_ratio": null,
            "reinvestment_rate": 88.78,
            "research_to_sale_ratio": null,
            "price_fair": 37,
            "eps_avg_yearly": 1.06,
            "eps_latest_yearly": 1.28,
            "eps_growth_yearly": 567.96
        },
        "20064": {
            "year_quarter": 20064,
            "year": 2006,
            "quarter": 4,
            "eps": -0.08,
            "eps_growth_year": null,
            "eps_4q": 0.47,
            "eps_4q_growth_year": 244.86,
            "roe": -0.59,
            "roe_4q": 5.11,
            "gross_profit": 54397,
            "gross_margin": 16.14,
            "gross_margin_4q_avg": 15.83,
            "net_income": -5956,
            "net_income_4q": null,
            "revenue": 336948,
            "revenue_4q": null,
            "common_shares": 750918,
            "book_valuer_per_share": 12.87,
            "book_valuer_per_share_4q_avg": 12.7,
            "equity": 1031965,
            "current_ratio": 129.15,
            "debt_ratio": 52.64,
            "inventory_turnover_ratio": 1.36,
            "account_receivable_turnover_ratio": null,
            "reinvestment_rate": 246.26,
            "research_to_sale_ratio": null,
            "price_fair": 36.29,
            "eps_avg_yearly": 1.04,
            "eps_latest_yearly": 1.28,
            "eps_growth_yearly": 615.69
        },
        "20071": {
            "year_quarter": 20071,
            "year": 2007,
            "quarter": 1,
            "eps": 0.17,
            "eps_growth_year": 750,
            "eps_4q": 0.8,
            "eps_4q_growth_year": 749.07,
            "roe": 1.23,
            "roe_4q": 6.15,
            "gross_profit": 47418,
            "gross_margin": 15.49,
            "gross_margin_4q_avg": 16.8,
            "net_income": 12388,
            "net_income_4q": null,
            "revenue": 306118,
            "revenue_4q": null,
            "common_shares": 750918,
            "book_valuer_per_share": 13.14,
            "book_valuer_per_share_4q_avg": 12.87,
            "equity": 986459,
            "current_ratio": 184.47,
            "debt_ratio": 42.62,
            "inventory_turnover_ratio": 1.25,
            "account_receivable_turnover_ratio": null,
            "reinvestment_rate": 97.98,
            "research_to_sale_ratio": null,
            "price_fair": 38.03,
            "eps_avg_yearly": 1.09,
            "eps_latest_yearly": 1.28,
            "eps_growth_yearly": 689.23
        },
        "20072": {
            "year_quarter": 20072,
            "year": 2007,
            "quarter": 2,
            "eps": 0.17,
            "eps_growth_year": -55.26,
            "eps_4q": 0.57,
            "eps_4q_growth_year": 110.79,
            "roe": 1.32,
            "roe_4q": 4.46,
            "gross_profit": 47053,
            "gross_margin": 14.98,
            "gross_margin_4q_avg": 16.32,
            "net_income": 12846,
            "net_income_4q": null,
            "revenue": 314140,
            "revenue_4q": null,
            "common_shares": 750918,
            "book_valuer_per_share": 12.8,
            "book_valuer_per_share_4q_avg": 12.94,
            "equity": 960960,
            "current_ratio": 172.73,
            "debt_ratio": 43.64,
            "inventory_turnover_ratio": 1.9,
            "account_receivable_turnover_ratio": null,
            "reinvestment_rate": 77.14,
            "research_to_sale_ratio": null,
            "price_fair": 35.93,
            "eps_avg_yearly": 1.03,
            "eps_latest_yearly": 0.68,
            "eps_growth_yearly": 616.5
        },
        "20073": {
            "year_quarter": 20073,
            "year": 2007,
            "quarter": 3,
            "eps": 0.24,
            "eps_growth_year": -25,
            "eps_4q": 0.5,
            "eps_4q_growth_year": 85.67,
            "roe": 1.81,
            "roe_4q": 3.7699999999999996,
            "gross_profit": 52683,
            "gross_margin": 16.03,
            "gross_margin_4q_avg": 15.66,
            "net_income": 17601,
            "net_income_4q": null,
            "revenue": 328734,
            "revenue_4q": null,
            "common_shares": 750918,
            "book_valuer_per_share": 13.17,
            "book_valuer_per_share_4q_avg": 13,
            "equity": 988758,
            "current_ratio": 159.69,
            "debt_ratio": 44.98,
            "inventory_turnover_ratio": 1.86,
            "account_receivable_turnover_ratio": null,
            "reinvestment_rate": 53.56,
            "research_to_sale_ratio": null,
            "price_fair": 35.12,
            "eps_avg_yearly": 1,
            "eps_latest_yearly": 0.96,
            "eps_growth_yearly": 634.03
        },
        "20074": {
            "year_quarter": 20074,
            "year": 2007,
            "quarter": 4,
            "eps": 0.4,
            "eps_growth_year": null,
            "eps_4q": 0.98,
            "eps_4q_growth_year": 107.37,
            "roe": 2.82,
            "roe_4q": 7.18,
            "gross_profit": 44664,
            "gross_margin": 13.4,
            "gross_margin_4q_avg": 14.98,
            "net_income": 29478,
            "net_income_4q": null,
            "revenue": 333362,
            "revenue_4q": null,
            "common_shares": 750918,
            "book_valuer_per_share": 13.63,
            "book_valuer_per_share_4q_avg": 13.19,
            "equity": 1105584,
            "current_ratio": 119.97,
            "debt_ratio": 56.03,
            "inventory_turnover_ratio": 1.14,
            "account_receivable_turnover_ratio": null,
            "reinvestment_rate": 192.16,
            "research_to_sale_ratio": null,
            "price_fair": 36.75,
            "eps_avg_yearly": 1.05,
            "eps_latest_yearly": 1.6,
            "eps_growth_yearly": 661.63
        },
        "20081": {
            "year_quarter": 20081,
            "year": 2008,
            "quarter": 1,
            "eps": 0.21,
            "eps_growth_year": 23.53,
            "eps_4q": 0.76,
            "eps_4q_growth_year": -5.84,
            "roe": 1.9,
            "roe_4q": 7.85,
            "gross_profit": 114302,
            "gross_margin": 22.11,
            "gross_margin_4q_avg": 16.63,
            "net_income": 21082,
            "net_income_4q": null,
            "revenue": 516937,
            "revenue_4q": null,
            "common_shares": 750918,
            "book_valuer_per_share": 13.7,
            "book_valuer_per_share_4q_avg": 13.33,
            "equity": 1111799,
            "current_ratio": 126.57,
            "debt_ratio": 56.39,
            "inventory_turnover_ratio": 1.17,
            "account_receivable_turnover_ratio": null,
            "reinvestment_rate": 346.45,
            "research_to_sale_ratio": null,
            "price_fair": 36.98,
            "eps_avg_yearly": 1.06,
            "eps_latest_yearly": 0.84,
            "eps_growth_yearly": 654.77
        },
        "20082": {
            "year_quarter": 20082,
            "year": 2008,
            "quarter": 2,
            "eps": 0.43,
            "eps_growth_year": 152.94,
            "eps_4q": 1.05,
            "eps_4q_growth_year": 83.59,
            "roe": 3.51,
            "roe_4q": 10.040000000000001,
            "gross_profit": 136005,
            "gross_margin": 23.25,
            "gross_margin_4q_avg": 18.7,
            "net_income": 39210,
            "net_income_4q": null,
            "revenue": 585036,
            "revenue_4q": null,
            "common_shares": 750918,
            "book_valuer_per_share": 13.91,
            "book_valuer_per_share_4q_avg": 13.6,
            "equity": 1119360,
            "current_ratio": 152.59,
            "debt_ratio": 56.34,
            "inventory_turnover_ratio": 1.34,
            "account_receivable_turnover_ratio": null,
            "reinvestment_rate": 309.05,
            "research_to_sale_ratio": null,
            "price_fair": 39.9,
            "eps_avg_yearly": 1.14,
            "eps_latest_yearly": 1.72,
            "eps_growth_yearly": 691.45
        },
        "20083": {
            "year_quarter": 20083,
            "year": 2008,
            "quarter": 3,
            "eps": 0.13,
            "eps_growth_year": -45.83,
            "eps_4q": 0.6,
            "eps_4q_growth_year": 19.74,
            "roe": 1.67,
            "roe_4q": 9.9,
            "gross_profit": 117309,
            "gross_margin": 19.56,
            "gross_margin_4q_avg": 19.58,
            "net_income": 18979,
            "net_income_4q": null,
            "revenue": 599674,
            "revenue_4q": null,
            "common_shares": 788464,
            "book_valuer_per_share": 13.71,
            "book_valuer_per_share_4q_avg": 13.74,
            "equity": 1158293,
            "current_ratio": 153.26,
            "debt_ratio": 56.39,
            "inventory_turnover_ratio": 1.39,
            "account_receivable_turnover_ratio": null,
            "reinvestment_rate": 297.72,
            "research_to_sale_ratio": null,
            "price_fair": 37.8,
            "eps_avg_yearly": 1.08,
            "eps_latest_yearly": 0.52,
            "eps_growth_yearly": 644.12
        },
        "20084": {
            "year_quarter": 20084,
            "year": 2008,
            "quarter": 4,
            "eps": 0.06,
            "eps_growth_year": -85,
            "eps_4q": 0.3,
            "eps_4q_growth_year": -69.19,
            "roe": 1.07,
            "roe_4q": 8.15,
            "gross_profit": 110414,
            "gross_margin": 20.51,
            "gross_margin_4q_avg": 21.36,
            "net_income": 12515,
            "net_income_4q": null,
            "revenue": 538297,
            "revenue_4q": null,
            "common_shares": 788464,
            "book_valuer_per_share": 13.86,
            "book_valuer_per_share_4q_avg": 13.8,
            "equity": 1177401,
            "current_ratio": 155.14,
            "debt_ratio": 55.44,
            "inventory_turnover_ratio": 1.24,
            "account_receivable_turnover_ratio": 2.94,
            "reinvestment_rate": 142.35,
            "research_to_sale_ratio": null,
            "price_fair": 35.23,
            "eps_avg_yearly": 1.01,
            "eps_latest_yearly": 0.24,
            "eps_growth_yearly": 629.39
        },
        "20091": {
            "year_quarter": 20091,
            "year": 2009,
            "quarter": 1,
            "eps": 0.18,
            "eps_growth_year": -14.29,
            "eps_4q": 0.53,
            "eps_4q_growth_year": -30.59,
            "roe": 1.76,
            "roe_4q": 8.01,
            "gross_profit": 108689,
            "gross_margin": 22.37,
            "gross_margin_4q_avg": 21.42,
            "net_income": 21081,
            "net_income_4q": null,
            "revenue": 485871,
            "revenue_4q": null,
            "common_shares": 788464,
            "book_valuer_per_share": 14.25,
            "book_valuer_per_share_4q_avg": 13.93,
            "equity": 1215280,
            "current_ratio": 157.63,
            "debt_ratio": 54.33,
            "inventory_turnover_ratio": 1.27,
            "account_receivable_turnover_ratio": 1.38,
            "reinvestment_rate": 286.55,
            "research_to_sale_ratio": null,
            "price_fair": 35.82,
            "eps_avg_yearly": 1.02,
            "eps_latest_yearly": 0.72,
            "eps_growth_yearly": 713.92
        },
        "20092": {
            "year_quarter": 20092,
            "year": 2009,
            "quarter": 2,
            "eps": 0.37,
            "eps_growth_year": -13.95,
            "eps_4q": 0.66,
            "eps_4q_growth_year": -37.14,
            "roe": 2.74,
            "roe_4q": 7.24,
            "gross_profit": 114280,
            "gross_margin": 23.76,
            "gross_margin_4q_avg": 21.55,
            "net_income": 32566,
            "net_income_4q": null,
            "revenue": 480877,
            "revenue_4q": null,
            "common_shares": 788464,
            "book_valuer_per_share": 13.8,
            "book_valuer_per_share_4q_avg": 13.91,
            "equity": 1165202,
            "current_ratio": 125.16,
            "debt_ratio": 53.61,
            "inventory_turnover_ratio": 1.34,
            "account_receivable_turnover_ratio": 1.44,
            "reinvestment_rate": 250.46,
            "research_to_sale_ratio": null,
            "price_fair": 37.45,
            "eps_avg_yearly": 1.07,
            "eps_latest_yearly": 1.48,
            "eps_growth_yearly": 723.46
        },
        "20093": {
            "year_quarter": 20093,
            "year": 2009,
            "quarter": 3,
            "eps": 0.46,
            "eps_growth_year": 253.85,
            "eps_4q": 0.86,
            "eps_4q_growth_year": 42.33,
            "roe": 3.83,
            "roe_4q": 9.4,
            "gross_profit": 139337,
            "gross_margin": 26.1,
            "gross_margin_4q_avg": 23.19,
            "net_income": 45260,
            "net_income_4q": null,
            "revenue": 533823,
            "revenue_4q": null,
            "common_shares": 788464,
            "book_valuer_per_share": 14.12,
            "book_valuer_per_share_4q_avg": 14.01,
            "equity": 1199651,
            "current_ratio": 140.47,
            "debt_ratio": 52.67,
            "inventory_turnover_ratio": 1.38,
            "account_receivable_turnover_ratio": 1.56,
            "reinvestment_rate": 242.33,
            "research_to_sale_ratio": null,
            "price_fair": 39.08,
            "eps_avg_yearly": 1.12,
            "eps_latest_yearly": 1.84,
            "eps_growth_yearly": 718.53
        },
        "20094": {
            "year_quarter": 20094,
            "year": 2009,
            "quarter": 4,
            "eps": 0.48,
            "eps_growth_year": 700,
            "eps_4q": 1.5,
            "eps_4q_growth_year": 395.12,
            "roe": 3.78,
            "roe_4q": 12.11,
            "gross_profit": 167603,
            "gross_margin": 28.02,
            "gross_margin_4q_avg": 25.06,
            "net_income": 45827,
            "net_income_4q": null,
            "revenue": 598096,
            "revenue_4q": null,
            "common_shares": 788464,
            "book_valuer_per_share": 14.38,
            "book_valuer_per_share_4q_avg": 14.14,
            "equity": 1221998,
            "current_ratio": 131.22,
            "debt_ratio": 53.7,
            "inventory_turnover_ratio": 1.3,
            "account_receivable_turnover_ratio": 2.44,
            "reinvestment_rate": 276.69,
            "research_to_sale_ratio": null,
            "price_fair": 41.25,
            "eps_avg_yearly": 1.18,
            "eps_latest_yearly": 1.92,
            "eps_growth_yearly": 664.59
        },
        "20101": {
            "year_quarter": 20101,
            "year": 2010,
            "quarter": 1,
            "eps": 0.58,
            "eps_growth_year": 222.22,
            "eps_4q": 1.89,
            "eps_4q_growth_year": 259.87,
            "roe": 4.09,
            "roe_4q": 14.44,
            "gross_profit": 154237,
            "gross_margin": 26.45,
            "gross_margin_4q_avg": 26.08,
            "net_income": 50952,
            "net_income_4q": null,
            "revenue": 583155,
            "revenue_4q": null,
            "common_shares": 788464,
            "book_valuer_per_share": 14.91,
            "book_valuer_per_share_4q_avg": 14.3,
            "equity": 1269801,
            "current_ratio": 135.39,
            "debt_ratio": 52.17,
            "inventory_turnover_ratio": 1.11,
            "account_receivable_turnover_ratio": 1.15,
            "reinvestment_rate": 368.61,
            "research_to_sale_ratio": 2.31,
            "price_fair": 44.1,
            "eps_avg_yearly": 1.26,
            "eps_latest_yearly": 2.32,
            "eps_growth_yearly": 623.08
        },
        "20102": {
            "year_quarter": 20102,
            "year": 2010,
            "quarter": 2,
            "eps": 0.57,
            "eps_growth_year": 54.07,
            "eps_4q": 2.02,
            "eps_4q_growth_year": 206.08,
            "roe": 4.21,
            "roe_4q": 15.91,
            "gross_profit": 145716,
            "gross_margin": 23.66,
            "gross_margin_4q_avg": 26.06,
            "net_income": 52913,
            "net_income_4q": null,
            "revenue": 615962,
            "revenue_4q": null,
            "common_shares": 788464,
            "book_valuer_per_share": 14.73,
            "book_valuer_per_share_4q_avg": 14.54,
            "equity": 1243033,
            "current_ratio": 132.57,
            "debt_ratio": 54.01,
            "inventory_turnover_ratio": 1.21,
            "account_receivable_turnover_ratio": 1.13,
            "reinvestment_rate": 360.04,
            "research_to_sale_ratio": 3.13,
            "price_fair": 46,
            "eps_avg_yearly": 1.31,
            "eps_latest_yearly": 2.28,
            "eps_growth_yearly": 108.3
        },
        "20103": {
            "year_quarter": 20103,
            "year": 2010,
            "quarter": 3,
            "eps": 0.67,
            "eps_growth_year": 45.64,
            "eps_4q": 2.25,
            "eps_4q_growth_year": 162.35,
            "roe": 5.3,
            "roe_4q": 17.38,
            "gross_profit": 179164,
            "gross_margin": 26.16,
            "gross_margin_4q_avg": 26.07,
            "net_income": 67432,
            "net_income_4q": null,
            "revenue": 684998,
            "revenue_4q": null,
            "common_shares": 827887,
            "book_valuer_per_share": 14.58,
            "book_valuer_per_share_4q_avg": 14.65,
            "equity": 1299714,
            "current_ratio": 128.29,
            "debt_ratio": 54.88,
            "inventory_turnover_ratio": 1.35,
            "account_receivable_turnover_ratio": 1.21,
            "reinvestment_rate": 339.43,
            "research_to_sale_ratio": 1.85,
            "price_fair": 49.5,
            "eps_avg_yearly": 1.41,
            "eps_latest_yearly": 2.68,
            "eps_growth_yearly": 117.82
        },
        "20104": {
            "year_quarter": 20104,
            "year": 2010,
            "quarter": 4,
            "eps": 0.59,
            "eps_growth_year": 23.65,
            "eps_4q": 2.38,
            "eps_4q_growth_year": 59.24,
            "roe": 4.38,
            "roe_4q": 17.98,
            "gross_profit": 189877,
            "gross_margin": 27.31,
            "gross_margin_4q_avg": 25.9,
            "net_income": 57377,
            "net_income_4q": null,
            "revenue": 695309,
            "revenue_4q": null,
            "common_shares": 827887,
            "book_valuer_per_share": 14.72,
            "book_valuer_per_share_4q_avg": 14.74,
            "equity": 1320148,
            "current_ratio": 172.53,
            "debt_ratio": 55.39,
            "inventory_turnover_ratio": 1.26,
            "account_receivable_turnover_ratio": 1.19,
            "reinvestment_rate": 217.33,
            "research_to_sale_ratio": 2.23,
            "price_fair": 51.71,
            "eps_avg_yearly": 1.48,
            "eps_latest_yearly": 2.36,
            "eps_growth_yearly": 106.78
        },
        "20111": {
            "year_quarter": 20111,
            "year": 2011,
            "quarter": 1,
            "eps": 0.5,
            "eps_growth_year": -13.79,
            "eps_4q": 2.34,
            "eps_4q_growth_year": 23.69,
            "roe": 3.66,
            "roe_4q": 17.55,
            "gross_profit": 159902,
            "gross_margin": 24.18,
            "gross_margin_4q_avg": 25.33,
            "net_income": 49441,
            "net_income_4q": null,
            "revenue": 661316,
            "revenue_4q": null,
            "common_shares": 827887,
            "book_valuer_per_share": 15.32,
            "book_valuer_per_share_4q_avg": 14.84,
            "equity": 1378041,
            "current_ratio": 171.35,
            "debt_ratio": 55.06,
            "inventory_turnover_ratio": 1.15,
            "account_receivable_turnover_ratio": 1.08,
            "reinvestment_rate": 321.07,
            "research_to_sale_ratio": 2.42,
            "price_fair": 52.85,
            "eps_avg_yearly": 1.51,
            "eps_latest_yearly": 2,
            "eps_growth_yearly": 96.29
        },
        "20112": {
            "year_quarter": 20112,
            "year": 2011,
            "quarter": 2,
            "eps": 0.3,
            "eps_growth_year": -46.9,
            "eps_4q": 2.07,
            "eps_4q_growth_year": 2.6,
            "roe": 2.52,
            "roe_4q": 15.86,
            "gross_profit": 159860,
            "gross_margin": 22.53,
            "gross_margin_4q_avg": 25.05,
            "net_income": 33487,
            "net_income_4q": null,
            "revenue": 709442,
            "revenue_4q": null,
            "common_shares": 827887,
            "book_valuer_per_share": 14.05,
            "book_valuer_per_share_4q_avg": 14.67,
            "equity": 1275694,
            "current_ratio": 141.36,
            "debt_ratio": 58.79,
            "inventory_turnover_ratio": 1.17,
            "account_receivable_turnover_ratio": 1.09,
            "reinvestment_rate": 314.64,
            "research_to_sale_ratio": 2.2,
            "price_fair": 53.99,
            "eps_avg_yearly": 1.54,
            "eps_latest_yearly": 1.2,
            "eps_growth_yearly": 86.29
        },
        "20113": {
            "year_quarter": 20113,
            "year": 2011,
            "quarter": 3,
            "eps": 0.58,
            "eps_growth_year": -13.99,
            "eps_4q": 1.98,
            "eps_4q_growth_year": -12.11,
            "roe": 4.39,
            "roe_4q": 14.95,
            "gross_profit": 157598,
            "gross_margin": 21.7,
            "gross_margin_4q_avg": 23.93,
            "net_income": 58363,
            "net_income_4q": null,
            "revenue": 726365,
            "revenue_4q": null,
            "common_shares": 827887,
            "book_valuer_per_share": 15.21,
            "book_valuer_per_share_4q_avg": 14.83,
            "equity": 1382694,
            "current_ratio": 157.15,
            "debt_ratio": 57.94,
            "inventory_turnover_ratio": 1.14,
            "account_receivable_turnover_ratio": 1.01,
            "reinvestment_rate": 322.45,
            "research_to_sale_ratio": 2.16,
            "price_fair": 56.96,
            "eps_avg_yearly": 1.63,
            "eps_latest_yearly": 2.32,
            "eps_growth_yearly": 99.33
        },
        "20114": {
            "year_quarter": 20114,
            "year": 2011,
            "quarter": 4,
            "eps": 0.62,
            "eps_growth_year": 4.76,
            "eps_4q": 2,
            "eps_4q_growth_year": -15.9,
            "roe": 4.4,
            "roe_4q": 14.969999999999999,
            "gross_profit": 198825,
            "gross_margin": 25.09,
            "gross_margin_4q_avg": 23.38,
            "net_income": 61677,
            "net_income_4q": null,
            "revenue": 792575,
            "revenue_4q": null,
            "common_shares": 827887,
            "book_valuer_per_share": 15.52,
            "book_valuer_per_share_4q_avg": 15.03,
            "equity": 1418435,
            "current_ratio": 163.96,
            "debt_ratio": 57.18,
            "inventory_turnover_ratio": 1.18,
            "account_receivable_turnover_ratio": 1.07,
            "reinvestment_rate": 216.97,
            "research_to_sale_ratio": 1.9,
            "price_fair": 58.89,
            "eps_avg_yearly": 1.68,
            "eps_latest_yearly": 2.48,
            "eps_growth_yearly": 84.39
        },
        "20121": {
            "year_quarter": 20121,
            "year": 2012,
            "quarter": 1,
            "eps": 0.58,
            "eps_growth_year": 16,
            "eps_4q": 2.08,
            "eps_4q_growth_year": -10.94,
            "roe": 3.83,
            "roe_4q": 15.14,
            "gross_profit": 189555,
            "gross_margin": 25.2,
            "gross_margin_4q_avg": 23.63,
            "net_income": 55102,
            "net_income_4q": null,
            "revenue": 752115,
            "revenue_4q": null,
            "common_shares": 827887,
            "book_valuer_per_share": 15.92,
            "book_valuer_per_share_4q_avg": 15.18,
            "equity": 1458462,
            "current_ratio": 168.14,
            "debt_ratio": 56.66,
            "inventory_turnover_ratio": 1.19,
            "account_receivable_turnover_ratio": 1.03,
            "reinvestment_rate": 213.74,
            "research_to_sale_ratio": 1.78,
            "price_fair": 62.13,
            "eps_avg_yearly": 1.78,
            "eps_latest_yearly": 2.32,
            "eps_growth_yearly": 94.65
        },
        "20122": {
            "year_quarter": 20122,
            "year": 2012,
            "quarter": 2,
            "eps": 0.54,
            "eps_growth_year": 78.13,
            "eps_4q": 2.32,
            "eps_4q_growth_year": 11.99,
            "roe": 3.99,
            "roe_4q": 16.61,
            "gross_profit": 178987,
            "gross_margin": 23.15,
            "gross_margin_4q_avg": 23.79,
            "net_income": 57357,
            "net_income_4q": null,
            "revenue": 773222,
            "revenue_4q": null,
            "common_shares": 827887,
            "book_valuer_per_share": 15.31,
            "book_valuer_per_share_4q_avg": 15.49,
            "equity": 1413815,
            "current_ratio": 172.08,
            "debt_ratio": 56.74,
            "inventory_turnover_ratio": 1.31,
            "account_receivable_turnover_ratio": 1.07,
            "reinvestment_rate": 218.19,
            "research_to_sale_ratio": 1.77,
            "price_fair": 63.09,
            "eps_avg_yearly": 1.8,
            "eps_latest_yearly": 2.16,
            "eps_growth_yearly": 66.74
        },
        "20123": {
            "year_quarter": 20123,
            "year": 2012,
            "quarter": 3,
            "eps": 0.52,
            "eps_growth_year": -10.46,
            "eps_4q": 2.26,
            "eps_4q_growth_year": 14.25,
            "roe": 3.85,
            "roe_4q": 16.07,
            "gross_profit": 178756,
            "gross_margin": 23.64,
            "gross_margin_4q_avg": 24.27,
            "net_income": 55242,
            "net_income_4q": null,
            "revenue": 756291,
            "revenue_4q": null,
            "common_shares": 827887,
            "book_valuer_per_share": 15.65,
            "book_valuer_per_share_4q_avg": 15.6,
            "equity": 1453741,
            "current_ratio": 172.96,
            "debt_ratio": 55.55,
            "inventory_turnover_ratio": 1.25,
            "account_receivable_turnover_ratio": 1.12,
            "reinvestment_rate": 210.06,
            "research_to_sale_ratio": 2.07,
            "price_fair": 66.5,
            "eps_avg_yearly": 1.9,
            "eps_latest_yearly": 2.08,
            "eps_growth_yearly": 83.25
        },
        "20124": {
            "year_quarter": 20124,
            "year": 2012,
            "quarter": 4,
            "eps": 0.62,
            "eps_growth_year": 0.52,
            "eps_4q": 2.26,
            "eps_4q_growth_year": 12.8,
            "roe": 4.14,
            "roe_4q": 15.81,
            "gross_profit": 183478,
            "gross_margin": 23.65,
            "gross_margin_4q_avg": 23.91,
            "net_income": 61402,
            "net_income_4q": null,
            "revenue": 775909,
            "revenue_4q": null,
            "common_shares": 827887,
            "book_valuer_per_share": 16.21,
            "book_valuer_per_share_4q_avg": 15.77,
            "equity": 1510158,
            "current_ratio": 178.83,
            "debt_ratio": 53.95,
            "inventory_turnover_ratio": 1.28,
            "account_receivable_turnover_ratio": 1.18,
            "reinvestment_rate": 198.47,
            "research_to_sale_ratio": 1.61,
            "price_fair": 71.4,
            "eps_avg_yearly": 2.04,
            "eps_latest_yearly": 2.48,
            "eps_growth_yearly": 101.52
        },
        "20131": {
            "year_quarter": 20131,
            "year": 2013,
            "quarter": 1,
            "eps": 0.66,
            "eps_growth_year": 13.79,
            "eps_4q": 2.34,
            "eps_4q_growth_year": 12.41,
            "roe": 4.3,
            "roe_4q": 16.28,
            "gross_profit": 185386,
            "gross_margin": 23.84,
            "gross_margin_4q_avg": 23.57,
            "net_income": 65827,
            "net_income_4q": null,
            "revenue": 777647,
            "revenue_4q": null,
            "common_shares": 827887,
            "book_valuer_per_share": 16.61,
            "book_valuer_per_share_4q_avg": 15.95,
            "equity": 1550974,
            "current_ratio": 176.54,
            "debt_ratio": 54.49,
            "inventory_turnover_ratio": 1.23,
            "account_receivable_turnover_ratio": 1.18,
            "reinvestment_rate": 33.72,
            "research_to_sale_ratio": 1.59,
            "price_fair": 75.6,
            "eps_avg_yearly": 2.16,
            "eps_latest_yearly": 2.64,
            "eps_growth_yearly": 53.14
        },
        "20132": {
            "year_quarter": 20132,
            "year": 2013,
            "quarter": 2,
            "eps": 0.79,
            "eps_growth_year": 46.52,
            "eps_4q": 2.46,
            "eps_4q_growth_year": 6.28,
            "roe": 5.15,
            "roe_4q": 17.44,
            "gross_profit": 210867,
            "gross_margin": 26.05,
            "gross_margin_4q_avg": 24.3,
            "net_income": 80258,
            "net_income_4q": null,
            "revenue": 809546,
            "revenue_4q": null,
            "common_shares": 827887,
            "book_valuer_per_share": 16.89,
            "book_valuer_per_share_4q_avg": 16.34,
            "equity": 1565983,
            "current_ratio": 180.96,
            "debt_ratio": 52.97,
            "inventory_turnover_ratio": 1.24,
            "account_receivable_turnover_ratio": 1.26,
            "reinvestment_rate": 33.03,
            "research_to_sale_ratio": 1.9,
            "price_fair": 79.28,
            "eps_avg_yearly": 2.27,
            "eps_latest_yearly": 3.16,
            "eps_growth_yearly": 31.67
        },
        "20133": {
            "year_quarter": 20133,
            "year": 2013,
            "quarter": 3,
            "eps": 0.69,
            "eps_growth_year": 33.72,
            "eps_4q": 2.66,
            "eps_4q_growth_year": 18,
            "roe": 4.7,
            "roe_4q": 18.290000000000003,
            "gross_profit": 211858,
            "gross_margin": 24.95,
            "gross_margin_4q_avg": 24.62,
            "net_income": 75203,
            "net_income_4q": null,
            "revenue": 849073,
            "revenue_4q": null,
            "common_shares": 869281,
            "book_valuer_per_share": 16.69,
            "book_valuer_per_share_4q_avg": 16.6,
            "equity": 1633545,
            "current_ratio": 181.52,
            "debt_ratio": 52.09,
            "inventory_turnover_ratio": 1.36,
            "account_receivable_turnover_ratio": 1.36,
            "reinvestment_rate": 26.62,
            "research_to_sale_ratio": 1.7,
            "price_fair": 75.31,
            "eps_avg_yearly": 2.32,
            "eps_latest_yearly": 2.76,
            "eps_growth_yearly": 22.43
        },
        "20134": {
            "year_quarter": 20134,
            "year": 2013,
            "quarter": 4,
            "eps": 0.7,
            "eps_growth_year": 12.01,
            "eps_4q": 2.77,
            "eps_4q_growth_year": 22.47,
            "roe": 4.89,
            "roe_4q": 19.04,
            "gross_profit": 218917,
            "gross_margin": 25.66,
            "gross_margin_4q_avg": 25.13,
            "net_income": 81635,
            "net_income_4q": null,
            "revenue": 853211,
            "revenue_4q": null,
            "common_shares": 869281,
            "book_valuer_per_share": 17.35,
            "book_valuer_per_share_4q_avg": 16.89,
            "equity": 1706953,
            "current_ratio": 186.77,
            "debt_ratio": 52.39,
            "inventory_turnover_ratio": 1.28,
            "account_receivable_turnover_ratio": 1.4,
            "reinvestment_rate": -69.08,
            "research_to_sale_ratio": 1.96,
            "price_fair": 75.37,
            "eps_avg_yearly": 2.38,
            "eps_latest_yearly": 2.8,
            "eps_growth_yearly": 21.7
        },
        "20141": {
            "year_quarter": 20141,
            "year": 2014,
            "quarter": 1,
            "eps": 0.68,
            "eps_growth_year": 3.03,
            "eps_4q": 2.82,
            "eps_4q_growth_year": 20.43,
            "roe": 4.32,
            "roe_4q": 19.060000000000002,
            "gross_profit": 201586,
            "gross_margin": 24.48,
            "gross_margin_4q_avg": 25.29,
            "net_income": 75649,
            "net_income_4q": null,
            "revenue": 823477,
            "revenue_4q": null,
            "common_shares": 869281,
            "book_valuer_per_share": 18.17,
            "book_valuer_per_share_4q_avg": 17.28,
            "equity": 1795261,
            "current_ratio": 195.42,
            "debt_ratio": 48.57,
            "inventory_turnover_ratio": 1.25,
            "account_receivable_turnover_ratio": 1.36,
            "reinvestment_rate": -70.47,
            "research_to_sale_ratio": 1.97,
            "price_fair": 61.93,
            "eps_avg_yearly": 2.4,
            "eps_latest_yearly": 2.72,
            "eps_growth_yearly": 15.78
        },
        "20142": {
            "year_quarter": 20142,
            "year": 2014,
            "quarter": 2,
            "eps": 0.65,
            "eps_growth_year": -17.72,
            "eps_4q": 2.58,
            "eps_4q_growth_year": 4.93,
            "roe": 4.09,
            "roe_4q": 18,
            "gross_profit": 210653,
            "gross_margin": 25.33,
            "gross_margin_4q_avg": 25.11,
            "net_income": 71533,
            "net_income_4q": null,
            "revenue": 831651,
            "revenue_4q": null,
            "common_shares": 869281,
            "book_valuer_per_share": 17.59,
            "book_valuer_per_share_4q_avg": 17.45,
            "equity": 1704317,
            "current_ratio": 172.12,
            "debt_ratio": 50.84,
            "inventory_turnover_ratio": 1.32,
            "account_receivable_turnover_ratio": 1.38,
            "reinvestment_rate": -74.2,
            "research_to_sale_ratio": 1.67,
            "price_fair": 60.82,
            "eps_avg_yearly": 2.42,
            "eps_latest_yearly": 2.6,
            "eps_growth_yearly": 15.11
        },
        "20143": {
            "year_quarter": 20143,
            "year": 2014,
            "quarter": 3,
            "eps": 0.86,
            "eps_growth_year": 24.64,
            "eps_4q": 2.79,
            "eps_4q_growth_year": 4.62,
            "roe": 5.62,
            "roe_4q": 18.92,
            "gross_profit": 240283,
            "gross_margin": 26.87,
            "gross_margin_4q_avg": 25.59,
            "net_income": 98991,
            "net_income_4q": null,
            "revenue": 894194,
            "revenue_4q": null,
            "common_shares": 912745,
            "book_valuer_per_share": 17.82,
            "book_valuer_per_share_4q_avg": 17.73,
            "equity": 1821577,
            "current_ratio": 283,
            "debt_ratio": 50.36,
            "inventory_turnover_ratio": 1.39,
            "account_receivable_turnover_ratio": 1.41,
            "reinvestment_rate": -79.86,
            "research_to_sale_ratio": 2.58,
            "price_fair": 71.13,
            "eps_avg_yearly": 2.47,
            "eps_latest_yearly": 3.44,
            "eps_growth_yearly": 18.8
        },
        "20144": {
            "year_quarter": 20144,
            "year": 2014,
            "quarter": 4,
            "eps": 0.9,
            "eps_growth_year": 28.31,
            "eps_4q": 3.04,
            "eps_4q_growth_year": 9.71,
            "roe": 5.41,
            "roe_4q": 19.44,
            "gross_profit": 237532,
            "gross_margin": 25.76,
            "gross_margin_4q_avg": 25.61,
            "net_income": 101544,
            "net_income_4q": null,
            "revenue": 922089,
            "revenue_4q": null,
            "common_shares": 912745,
            "book_valuer_per_share": 19.02,
            "book_valuer_per_share_4q_avg": 18.15,
            "equity": 1934875,
            "current_ratio": 303.27,
            "debt_ratio": 49.5,
            "inventory_turnover_ratio": 1.41,
            "account_receivable_turnover_ratio": 1.36,
            "reinvestment_rate": -81.81,
            "research_to_sale_ratio": -0.52,
            "price_fair": 83.93,
            "eps_avg_yearly": 2.55,
            "eps_latest_yearly": 3.6,
            "eps_growth_yearly": 22.95
        },
        "20151": {
            "year_quarter": 20151,
            "year": 2015,
            "quarter": 1,
            "eps": 0.52,
            "eps_growth_year": -23.53,
            "eps_4q": 2.91,
            "eps_4q_growth_year": 3.38,
            "roe": 3.04,
            "roe_4q": 18.16,
            "gross_profit": 185726,
            "gross_margin": 24.61,
            "gross_margin_4q_avg": 25.64,
            "net_income": 59328,
            "net_income_4q": null,
            "revenue": 754527,
            "revenue_4q": null,
            "common_shares": 912745,
            "book_valuer_per_share": 19.34,
            "book_valuer_per_share_4q_avg": 18.44,
            "equity": 1973191,
            "current_ratio": 350.48,
            "debt_ratio": 47.55,
            "inventory_turnover_ratio": 1.27,
            "account_receivable_turnover_ratio": 1.22,
            "reinvestment_rate": -91.89,
            "research_to_sale_ratio": 1.41,
            "price_fair": 66.89,
            "eps_avg_yearly": 2.55,
            "eps_latest_yearly": 2.08,
            "eps_growth_yearly": 16.2
        },
        "20152": {
            "year_quarter": 20152,
            "year": 2015,
            "quarter": 2,
            "eps": 0.44,
            "eps_growth_year": -32.31,
            "eps_4q": 2.74,
            "eps_4q_growth_year": 6,
            "roe": 2.94,
            "roe_4q": 17.01,
            "gross_profit": 171488,
            "gross_margin": 22.66,
            "gross_margin_4q_avg": 24.98,
            "net_income": 55414,
            "net_income_4q": null,
            "revenue": 756666,
            "revenue_4q": null,
            "common_shares": 912745,
            "book_valuer_per_share": 17.83,
            "book_valuer_per_share_4q_avg": 18.5,
            "equity": 1795937,
            "current_ratio": 271.66,
            "debt_ratio": 52.22,
            "inventory_turnover_ratio": 1.47,
            "account_receivable_turnover_ratio": 1.35,
            "reinvestment_rate": -87.51,
            "research_to_sale_ratio": 1.47,
            "price_fair": 83.73,
            "eps_avg_yearly": 2.59,
            "eps_latest_yearly": 1.76,
            "eps_growth_yearly": 22.36
        },
        "20153": {
            "year_quarter": 20153,
            "year": 2015,
            "quarter": 3,
            "eps": 0.69,
            "eps_growth_year": -19.77,
            "eps_4q": 2.57,
            "eps_4q_growth_year": -7.71,
            "roe": 4.62,
            "roe_4q": 16.01,
            "gross_profit": 192626,
            "gross_margin": 25.22,
            "gross_margin_4q_avg": 24.56,
            "net_income": 85472,
            "net_income_4q": null,
            "revenue": 763664,
            "revenue_4q": null,
            "common_shares": 912745,
            "book_valuer_per_share": 18.82,
            "book_valuer_per_share_4q_avg": 18.75,
            "equity": 1906782,
            "current_ratio": 376.46,
            "debt_ratio": 47.16,
            "inventory_turnover_ratio": 1.41,
            "account_receivable_turnover_ratio": 1.3,
            "reinvestment_rate": -96.59,
            "research_to_sale_ratio": 1.43,
            "price_fair": 60.74,
            "eps_avg_yearly": 2.62,
            "eps_latest_yearly": 2.76,
            "eps_growth_yearly": 13.23
        },
        "20154": {
            "year_quarter": 20154,
            "year": 2015,
            "quarter": 4,
            "eps": 0.9,
            "eps_growth_year": -0.02,
            "eps_4q": 2.57,
            "eps_4q_growth_year": -15.33,
            "roe": 4.96,
            "roe_4q": 15.559999999999999,
            "gross_profit": 232380,
            "gross_margin": 27.36,
            "gross_margin_4q_avg": 24.96,
            "net_income": 95778,
            "net_income_4q": null,
            "revenue": 849480,
            "revenue_4q": null,
            "common_shares": 912745,
            "book_valuer_per_share": 19.17,
            "book_valuer_per_share_4q_avg": 18.79,
            "equity": 1951450,
            "current_ratio": 330.07,
            "debt_ratio": 47.68,
            "inventory_turnover_ratio": 1.47,
            "account_receivable_turnover_ratio": 1.47,
            "reinvestment_rate": -106.85,
            "research_to_sale_ratio": 0.91,
            "price_fair": 78.17,
            "eps_avg_yearly": 2.69,
            "eps_latest_yearly": 3.6,
            "eps_growth_yearly": 19.11
        },
        "20161": {
            "year_quarter": 20161,
            "year": 2016,
            "quarter": 1,
            "eps": 0.68,
            "eps_growth_year": 30.77,
            "eps_4q": 2.73,
            "eps_4q_growth_year": -6.22,
            "roe": 3.75,
            "roe_4q": 16.270000000000003,
            "gross_profit": 202671,
            "gross_margin": 27.68,
            "gross_margin_4q_avg": 25.73,
            "net_income": 74185,
            "net_income_4q": null,
            "revenue": 732152,
            "revenue_4q": null,
            "common_shares": 912745,
            "book_valuer_per_share": 19.66,
            "book_valuer_per_share_4q_avg": 18.87,
            "equity": 2007923,
            "current_ratio": 334.02,
            "debt_ratio": 45.4,
            "inventory_turnover_ratio": 1.24,
            "account_receivable_turnover_ratio": 1.27,
            "reinvestment_rate": -114.82,
            "research_to_sale_ratio": 1.41,
            "price_fair": 66.71,
            "eps_avg_yearly": 2.71,
            "eps_latest_yearly": 2.72,
            "eps_growth_yearly": 14.62
        },
        "20162": {
            "year_quarter": 20162,
            "year": 2016,
            "quarter": 2,
            "eps": 0.77,
            "eps_growth_year": 75,
            "eps_4q": 3.03,
            "eps_4q_growth_year": 10.66,
            "roe": 4.43,
            "roe_4q": 17.76,
            "gross_profit": 206656,
            "gross_margin": 25.49,
            "gross_margin_4q_avg": 26.44,
            "net_income": 86510,
            "net_income_4q": null,
            "revenue": 810658,
            "revenue_4q": null,
            "common_shares": 912745,
            "book_valuer_per_share": 18.42,
            "book_valuer_per_share_4q_avg": 19.02,
            "equity": 1893434,
            "current_ratio": 331.81,
            "debt_ratio": 49.27,
            "inventory_turnover_ratio": 1.44,
            "account_receivable_turnover_ratio": 1.31,
            "reinvestment_rate": -118.99,
            "research_to_sale_ratio": 1.29,
            "price_fair": 82.05,
            "eps_avg_yearly": 2.77,
            "eps_latest_yearly": 3.08,
            "eps_growth_yearly": 19.65
        },
        "20163": {
            "year_quarter": 20163,
            "year": 2016,
            "quarter": 3,
            "eps": 0.95,
            "eps_growth_year": 37.68,
            "eps_4q": 3.29,
            "eps_4q_growth_year": 27.98,
            "roe": 5.35,
            "roe_4q": 18.49,
            "gross_profit": 221941,
            "gross_margin": 27.55,
            "gross_margin_4q_avg": 27.02,
            "net_income": 102970,
            "net_income_4q": null,
            "revenue": 805626,
            "revenue_4q": null,
            "common_shares": 912745,
            "book_valuer_per_share": 18.94,
            "book_valuer_per_share_4q_avg": 19.05,
            "equity": 1957359,
            "current_ratio": 416.05,
            "debt_ratio": 47.33,
            "inventory_turnover_ratio": 1.34,
            "account_receivable_turnover_ratio": 1.26,
            "reinvestment_rate": -121.34,
            "research_to_sale_ratio": 1.27,
            "price_fair": 100.63,
            "eps_avg_yearly": 2.88,
            "eps_latest_yearly": 3.8,
            "eps_growth_yearly": 26.42
        },
        "20164": {
            "year_quarter": 20164,
            "year": 2016,
            "quarter": 4,
            "eps": 0.71,
            "eps_growth_year": -20.71,
            "eps_4q": 3.14,
            "eps_4q_growth_year": 21.9,
            "roe": 4.01,
            "roe_4q": 17.54,
            "gross_profit": 197629,
            "gross_margin": 25.2,
            "gross_margin_4q_avg": 26.48,
            "net_income": 79493,
            "net_income_4q": null,
            "revenue": 784174,
            "revenue_4q": null,
            "common_shares": 912745,
            "book_valuer_per_share": 19.49,
            "book_valuer_per_share_4q_avg": 19.13,
            "equity": 2005974,
            "current_ratio": 411.55,
            "debt_ratio": 47.32,
            "inventory_turnover_ratio": 1.25,
            "account_receivable_turnover_ratio": 1.22,
            "reinvestment_rate": -120.06,
            "research_to_sale_ratio": 1.25,
            "price_fair": 73.29,
            "eps_avg_yearly": 2.9,
            "eps_latest_yearly": 2.84,
            "eps_growth_yearly": 15.3
        },
        "20171": {
            "year_quarter": 20171,
            "year": 2017,
            "quarter": 1,
            "eps": 0.51,
            "eps_growth_year": -25,
            "eps_4q": 2.96,
            "eps_4q_growth_year": 8.49,
            "roe": 2.83,
            "roe_4q": 16.619999999999997,
            "gross_profit": 168206,
            "gross_margin": 23.73,
            "gross_margin_4q_avg": 25.49,
            "net_income": 56804,
            "net_income_4q": null,
            "revenue": 708732,
            "revenue_4q": null,
            "common_shares": 912745,
            "book_valuer_per_share": 19.34,
            "book_valuer_per_share_4q_avg": 19.05,
            "equity": 2003396,
            "current_ratio": 427.78,
            "debt_ratio": 46.57,
            "inventory_turnover_ratio": 1.13,
            "account_receivable_turnover_ratio": 1.13,
            "reinvestment_rate": -17.82,
            "research_to_sale_ratio": 1.37,
            "price_fair": 47.59,
            "eps_avg_yearly": 2.86,
            "eps_latest_yearly": 2.04,
            "eps_growth_yearly": 6.64
        },
        "20172": {
            "year_quarter": 20172,
            "year": 2017,
            "quarter": 2,
            "eps": 0.64,
            "eps_growth_year": -16.88,
            "eps_4q": 2.84,
            "eps_4q_growth_year": -6.44,
            "roe": 3.73,
            "roe_4q": 15.92,
            "gross_profit": 185435,
            "gross_margin": 22.92,
            "gross_margin_4q_avg": 24.85,
            "net_income": 72984,
            "net_income_4q": null,
            "revenue": 808898,
            "revenue_4q": null,
            "common_shares": 912745,
            "book_valuer_per_share": 18.4,
            "book_valuer_per_share_4q_avg": 19.04,
            "equity": 1906378,
            "current_ratio": 345.91,
            "debt_ratio": 49.42,
            "inventory_turnover_ratio": 1.29,
            "account_receivable_turnover_ratio": 1.25,
            "reinvestment_rate": -10.28,
            "research_to_sale_ratio": 1.21,
            "price_fair": 51.05,
            "eps_avg_yearly": 2.82,
            "eps_latest_yearly": 2.56,
            "eps_growth_yearly": 8.09
        },
        "20173": {
            "year_quarter": 20173,
            "year": 2017,
            "quarter": 3,
            "eps": 0.84,
            "eps_growth_year": -11.58,
            "eps_4q": 2.73,
            "eps_4q_growth_year": -17.19,
            "roe": 4.9,
            "roe_4q": 15.47,
            "gross_profit": 206328,
            "gross_margin": 24.52,
            "gross_margin_4q_avg": 24.09,
            "net_income": 96204,
            "net_income_4q": null,
            "revenue": 841509,
            "revenue_4q": null,
            "common_shares": 912745,
            "book_valuer_per_share": 19.43,
            "book_valuer_per_share_4q_avg": 19.17,
            "equity": 2018548,
            "current_ratio": 418.51,
            "debt_ratio": 46.71,
            "inventory_turnover_ratio": 1.27,
            "account_receivable_turnover_ratio": 1.14,
            "reinvestment_rate": -8.83,
            "research_to_sale_ratio": 1.26,
            "price_fair": 83.13,
            "eps_avg_yearly": 2.86,
            "eps_latest_yearly": 3.36,
            "eps_growth_yearly": 19.07
        },
        "20174": {
            "year_quarter": 20174,
            "year": 2017,
            "quarter": 4,
            "eps": 0.77,
            "eps_growth_year": 8.73,
            "eps_4q": 2.79,
            "eps_4q_growth_year": -11.08,
            "roe": 4.27,
            "roe_4q": 15.73,
            "gross_profit": 206343,
            "gross_margin": 23.38,
            "gross_margin_4q_avg": 23.64,
            "net_income": 87843,
            "net_income_4q": null,
            "revenue": 882498,
            "revenue_4q": null,
            "common_shares": 912745,
            "book_valuer_per_share": 20.1,
            "book_valuer_per_share_4q_avg": 19.32,
            "equity": 2096325,
            "current_ratio": 391.95,
            "debt_ratio": 46.28,
            "inventory_turnover_ratio": 1.3,
            "account_receivable_turnover_ratio": 1.11,
            "reinvestment_rate": -8.11,
            "research_to_sale_ratio": 1.22,
            "price_fair": 76.6,
            "eps_avg_yearly": 2.88,
            "eps_latest_yearly": 3.08,
            "eps_growth_yearly": 16.62
        },
        "20181": {
            "year_quarter": 20181,
            "year": 2018,
            "quarter": 1,
            "eps": 0.67,
            "eps_growth_year": 31.37,
            "eps_4q": 2.95,
            "eps_4q_growth_year": -0.49,
            "roe": 3.34,
            "roe_4q": 16.24,
            "gross_profit": 195229,
            "gross_margin": 23.66,
            "gross_margin_4q_avg": 23.62,
            "net_income": 71532,
            "net_income_4q": null,
            "revenue": 825302,
            "revenue_4q": null,
            "common_shares": 912745,
            "book_valuer_per_share": 20.99,
            "book_valuer_per_share_4q_avg": 19.73,
            "equity": 2187626,
            "current_ratio": 422.44,
            "debt_ratio": 44.73,
            "inventory_turnover_ratio": 1.12,
            "account_receivable_turnover_ratio": 1.04,
            "reinvestment_rate": -8,
            "research_to_sale_ratio": 1.37,
            "price_fair": 69.25,
            "eps_avg_yearly": 2.88,
            "eps_latest_yearly": 2.68,
            "eps_growth_yearly": 14.09
        },
        "20182": {
            "year_quarter": 20182,
            "year": 2018,
            "quarter": 2,
            "eps": 0.94,
            "eps_growth_year": 46.88,
            "eps_4q": 3.25,
            "eps_4q_growth_year": 14.58,
            "roe": 4.61,
            "roe_4q": 17.119999999999997,
            "gross_profit": 241866,
            "gross_margin": 24.57,
            "gross_margin_4q_avg": 24.03,
            "net_income": 99587,
            "net_income_4q": null,
            "revenue": 984238,
            "revenue_4q": null,
            "common_shares": 912745,
            "book_valuer_per_share": 20.52,
            "book_valuer_per_share_4q_avg": 20.26,
            "equity": 2129249,
            "current_ratio": 350.05,
            "debt_ratio": 49.66,
            "inventory_turnover_ratio": 1.25,
            "account_receivable_turnover_ratio": 1.15,
            "reinvestment_rate": -10.54,
            "research_to_sale_ratio": 1.04,
            "price_fair": 103.16,
            "eps_avg_yearly": 2.95,
            "eps_latest_yearly": 3.76,
            "eps_growth_yearly": 25.26
        },
        "20183": {
            "year_quarter": 20183,
            "year": 2018,
            "quarter": 3,
            "eps": 0.83,
            "eps_growth_year": -1.19,
            "eps_4q": 3.24,
            "eps_4q_growth_year": 18.9,
            "roe": 4.38,
            "roe_4q": 16.6,
            "gross_profit": 232628,
            "gross_margin": 23.84,
            "gross_margin_4q_avg": 23.86,
            "net_income": 94325,
            "net_income_4q": null,
            "revenue": 975804,
            "revenue_4q": null,
            "common_shares": 912745,
            "book_valuer_per_share": 20.86,
            "book_valuer_per_share_4q_avg": 20.62,
            "equity": 2178510,
            "current_ratio": 402.07,
            "debt_ratio": 47.19,
            "inventory_turnover_ratio": 1.22,
            "account_receivable_turnover_ratio": 1.08,
            "reinvestment_rate": -9.84,
            "research_to_sale_ratio": 1.21,
            "price_fair": 71.33,
            "eps_avg_yearly": 2.94,
            "eps_latest_yearly": 3.32,
            "eps_growth_yearly": 14.26
        },
        "20184": {
            "year_quarter": 20184,
            "year": 2018,
            "quarter": 4,
            "eps": 0.88,
            "eps_growth_year": 13.85,
            "eps_4q": 3.35,
            "eps_4q_growth_year": 20.1,
            "roe": 4.32,
            "roe_4q": 16.65,
            "gross_profit": 224881,
            "gross_margin": 23.09,
            "gross_margin_4q_avg": 23.79,
            "net_income": 96400,
            "net_income_4q": null,
            "revenue": 973853,
            "revenue_4q": null,
            "common_shares": 912745,
            "book_valuer_per_share": 21.81,
            "book_valuer_per_share_4q_avg": 21.05,
            "equity": 2281781,
            "current_ratio": 380.57,
            "debt_ratio": 46.18,
            "inventory_turnover_ratio": 1.18,
            "account_receivable_turnover_ratio": 1.11,
            "reinvestment_rate": -13.4,
            "research_to_sale_ratio": 1.18,
            "price_fair": 72.22,
            "eps_avg_yearly": 2.94,
            "eps_latest_yearly": 3.52,
            "eps_growth_yearly": 14.61
        },
        "20191": {
            "year_quarter": 20191,
            "year": 2019,
            "quarter": 1,
            "eps": 0.64,
            "eps_growth_year": -4.48,
            "eps_4q": 3.32,
            "eps_4q_growth_year": 12.44,
            "roe": 3.01,
            "roe_4q": 16.32,
            "gross_profit": 177942,
            "gross_margin": 21.06,
            "gross_margin_4q_avg": 23.14,
            "net_income": 70161,
            "net_income_4q": null,
            "revenue": 844807,
            "revenue_4q": null,
            "common_shares": 912745,
            "book_valuer_per_share": 22.83,
            "book_valuer_per_share_4q_avg": 21.51,
            "equity": 2385970,
            "current_ratio": 380.12,
            "debt_ratio": 47.39,
            "inventory_turnover_ratio": 1.07,
            "account_receivable_turnover_ratio": 1.06,
            "reinvestment_rate": -7.27,
            "research_to_sale_ratio": 1.19,
            "price_fair": 84.04,
            "eps_avg_yearly": 2.97,
            "eps_latest_yearly": 2.56,
            "eps_growth_yearly": 18.34
        },
        "20192": {
            "year_quarter": 20192,
            "year": 2019,
            "quarter": 2,
            "eps": 0.88,
            "eps_growth_year": -6.38,
            "eps_4q": 3.25,
            "eps_4q_growth_year": 0.1,
            "roe": 4.16,
            "roe_4q": 15.870000000000001,
            "gross_profit": 218432,
            "gross_margin": 24.2,
            "gross_margin_4q_avg": 23.05,
            "net_income": 96598,
            "net_income_4q": null,
            "revenue": 902633,
            "revenue_4q": null,
            "common_shares": 912745,
            "book_valuer_per_share": 21.64,
            "book_valuer_per_share_4q_avg": 21.79,
            "equity": 2261364,
            "current_ratio": 363.95,
            "debt_ratio": 53.82,
            "inventory_turnover_ratio": 1.11,
            "account_receivable_turnover_ratio": 1.2,
            "reinvestment_rate": -2.64,
            "research_to_sale_ratio": 1.43,
            "price_fair": 107.63,
            "eps_avg_yearly": 3.08,
            "eps_latest_yearly": 3.52,
            "eps_growth_yearly": 31.56
        },
        "20193": {
            "year_quarter": 20193,
            "year": 2019,
            "quarter": 3,
            "eps": 0.85,
            "eps_growth_year": 2.41,
            "eps_4q": 3.27,
            "eps_4q_growth_year": 0.78,
            "roe": 4.03,
            "roe_4q": 15.520000000000001,
            "gross_profit": 226866,
            "gross_margin": 24.39,
            "gross_margin_4q_avg": 23.19,
            "net_income": 92024,
            "net_income_4q": null,
            "revenue": 930029,
            "revenue_4q": null,
            "common_shares": 912745,
            "book_valuer_per_share": 21.99,
            "book_valuer_per_share_4q_avg": 22.07,
            "equity": 2307357,
            "current_ratio": 423.7,
            "debt_ratio": 53.76,
            "inventory_turnover_ratio": 1.18,
            "account_receivable_turnover_ratio": 1.19,
            "reinvestment_rate": 4.56,
            "research_to_sale_ratio": 1.5,
            "price_fair": 82.57,
            "eps_avg_yearly": 3.12,
            "eps_latest_yearly": 3.4,
            "eps_growth_yearly": 16.51
        },
        "20194": {
            "year_quarter": 20194,
            "year": 2019,
            "quarter": 4,
            "eps": 0.82,
            "eps_growth_year": -6.53,
            "eps_4q": 3.21,
            "eps_4q_growth_year": -4.16,
            "roe": 4.04,
            "roe_4q": 15.24,
            "gross_profit": 246159,
            "gross_margin": 25.58,
            "gross_margin_4q_avg": 23.81,
            "net_income": 94500,
            "net_income_4q": null,
            "revenue": 962266,
            "revenue_4q": null,
            "common_shares": 912745,
            "book_valuer_per_share": 22.45,
            "book_valuer_per_share_4q_avg": 22.23,
            "equity": 2369105,
            "current_ratio": 407.87,
            "debt_ratio": 53.79,
            "inventory_turnover_ratio": 1.28,
            "account_receivable_turnover_ratio": 1.21,
            "reinvestment_rate": 17.75,
            "research_to_sale_ratio": 1.21,
            "price_fair": 55.76,
            "eps_avg_yearly": 3.1,
            "eps_latest_yearly": 3.28,
            "eps_growth_yearly": 8.02
        },
        "20201": {
            "year_quarter": 20201,
            "year": 2020,
            "quarter": 1,
            "eps": 0.74,
            "eps_growth_year": 15.62,
            "eps_4q": 3.32,
            "eps_4q_growth_year": 0.09,
            "roe": 3.57,
            "roe_4q": 15.8,
            "gross_profit": 202336,
            "gross_margin": 26.37,
            "gross_margin_4q_avg": 25.14,
            "net_income": 83315,
            "net_income_4q": null,
            "revenue": 767343,
            "revenue_4q": null,
            "common_shares": 912745,
            "book_valuer_per_share": 21.43,
            "book_valuer_per_share_4q_avg": 21.88,
            "equity": 2292916,
            "current_ratio": 313.21,
            "debt_ratio": 55.86,
            "inventory_turnover_ratio": 0.98,
            "account_receivable_turnover_ratio": 1.07,
            "reinvestment_rate": 31.75,
            "research_to_sale_ratio": 1.68,
            "price_fair": 67.45,
            "eps_avg_yearly": 3.11,
            "eps_latest_yearly": 2.96,
            "eps_growth_yearly": 11.69
        },
        "20202": {
            "year_quarter": 20202,
            "year": 2020,
            "quarter": 2,
            "eps": 1.01,
            "eps_growth_year": 14.77,
            "eps_4q": 3.45,
            "eps_4q_growth_year": 5.99,
            "roe": 4.67,
            "roe_4q": 16.310000000000002,
            "gross_profit": 236799,
            "gross_margin": 26.47,
            "gross_margin_4q_avg": 25.7,
            "net_income": 108020,
            "net_income_4q": null,
            "revenue": 894486,
            "revenue_4q": null,
            "common_shares": 912745,
            "book_valuer_per_share": 22.13,
            "book_valuer_per_share_4q_avg": 22,
            "equity": 2337000,
            "current_ratio": 317.87,
            "debt_ratio": 56.36,
            "inventory_turnover_ratio": 1.09,
            "account_receivable_turnover_ratio": 1.28,
            "reinvestment_rate": 38.65,
            "research_to_sale_ratio": 1.4,
            "price_fair": 87.18,
            "eps_avg_yearly": 3.17,
            "eps_latest_yearly": 4.04,
            "eps_growth_yearly": 17.5
        },
        "20203": {
            "year_quarter": 20203,
            "year": 2020,
            "quarter": 3,
            "eps": 0.64,
            "eps_growth_year": -24.71,
            "eps_4q": 3.24,
            "eps_4q_growth_year": -0.76,
            "roe": 3.02,
            "roe_4q": 15.3,
            "gross_profit": 193005,
            "gross_margin": 23.21,
            "gross_margin_4q_avg": 25.41,
            "net_income": 72134,
            "net_income_4q": null,
            "revenue": 831389,
            "revenue_4q": null,
            "common_shares": 912745,
            "book_valuer_per_share": 23.15,
            "book_valuer_per_share_4q_avg": 22.29,
            "equity": 2442896,
            "current_ratio": 402.93,
            "debt_ratio": 54.49,
            "inventory_turnover_ratio": 1.08,
            "account_receivable_turnover_ratio": 1.12,
            "reinvestment_rate": 54.96,
            "research_to_sale_ratio": 1.76,
            "price_fair": 38.65,
            "eps_avg_yearly": 3.09,
            "eps_latest_yearly": 2.56,
            "eps_growth_yearly": 2.5
        },
        "20204": {
            "year_quarter": 20204,
            "year": 2020,
            "quarter": 4,
            "eps": 0.81,
            "eps_growth_year": -1.95,
            "eps_4q": 3.23,
            "eps_4q_growth_year": 0.52,
            "roe": 3.57,
            "roe_4q": 14.83,
            "gross_profit": 228641,
            "gross_margin": 25.03,
            "gross_margin_4q_avg": 25.27,
            "net_income": 89625,
            "net_income_4q": null,
            "revenue": 913314,
            "revenue_4q": null,
            "common_shares": 912745,
            "book_valuer_per_share": 24.5,
            "book_valuer_per_share_4q_avg": 22.8,
            "equity": 2581337,
            "current_ratio": 396.94,
            "debt_ratio": 52.84,
            "inventory_turnover_ratio": 1.19,
            "account_receivable_turnover_ratio": 1.22,
            "reinvestment_rate": 86.71,
            "research_to_sale_ratio": 2.06,
            "price_fair": 79.36,
            "eps_avg_yearly": 3.12,
            "eps_latest_yearly": 3.24,
            "eps_growth_yearly": 15.45
        },
        "20211": {
            "year_quarter": 20211,
            "year": 2021,
            "quarter": 1,
            "eps": 0.62,
            "eps_growth_year": -16.22,
            "eps_4q": 3.1,
            "eps_4q_growth_year": -6.73,
            "roe": 2.64,
            "roe_4q": 13.9,
            "gross_profit": 201051,
            "gross_margin": 24.23,
            "gross_margin_4q_avg": 24.74,
            "net_income": 67086,
            "net_income_4q": null,
            "revenue": 829904,
            "revenue_4q": null,
            "common_shares": 912745,
            "book_valuer_per_share": 23.44,
            "book_valuer_per_share_4q_avg": 23.31,
            "equity": 2496549,
            "current_ratio": 352.94,
            "debt_ratio": 54.43,
            "inventory_turnover_ratio": 1.08,
            "account_receivable_turnover_ratio": 1.11,
            "reinvestment_rate": 89.15,
            "research_to_sale_ratio": 1.71,
            "price_fair": 83.76,
            "eps_avg_yearly": 3.15,
            "eps_latest_yearly": 2.48,
            "eps_growth_yearly": 16.63
        },
        "20212": {
            "year_quarter": 20212,
            "year": 2021,
            "quarter": 2,
            "eps": 0.91,
            "eps_growth_year": -9.9,
            "eps_4q": 3,
            "eps_4q_growth_year": -13.01,
            "roe": 3.82,
            "roe_4q": 13.049999999999999,
            "gross_profit": 236185,
            "gross_margin": 25.12,
            "gross_margin_4q_avg": 24.4,
            "net_income": 96817,
            "net_income_4q": null,
            "revenue": 940270,
            "revenue_4q": null,
            "common_shares": 912745,
            "book_valuer_per_share": 24.17,
            "book_valuer_per_share_4q_avg": 23.82,
            "equity": 2576666,
            "current_ratio": 387.89,
            "debt_ratio": 54.37,
            "inventory_turnover_ratio": 1.14,
            "account_receivable_turnover_ratio": 1.22,
            "reinvestment_rate": 81.27,
            "research_to_sale_ratio": 1.41,
            "price_fair": 102.65,
            "eps_avg_yearly": 3.21,
            "eps_latest_yearly": 3.64,
            "eps_growth_yearly": 21.95
        },
        "20213": {
            "year_quarter": 20213,
            "year": 2021,
            "quarter": 3,
            "eps": 0.74,
            "eps_growth_year": 15.62,
            "eps_4q": 3.09,
            "eps_4q_growth_year": -4.62,
            "roe": 3.52,
            "roe_4q": 13.55,
            "gross_profit": 241734,
            "gross_margin": 24.36,
            "gross_margin_4q_avg": 24.69,
            "net_income": 91592,
            "net_income_4q": null,
            "revenue": 992392,
            "revenue_4q": null,
            "common_shares": 912745,
            "book_valuer_per_share": 24.87,
            "book_valuer_per_share_4q_avg": 24.25,
            "equity": 2628933,
            "current_ratio": 415.6,
            "debt_ratio": 53.11,
            "inventory_turnover_ratio": 1.14,
            "account_receivable_turnover_ratio": 1.19,
            "reinvestment_rate": 82.68,
            "research_to_sale_ratio": 1.4,
            "price_fair": 62.06,
            "eps_avg_yearly": 3.19,
            "eps_latest_yearly": 2.96,
            "eps_growth_yearly": 9.47
        },
        "20214": {
            "year_quarter": 20214,
            "year": 2021,
            "quarter": 4,
            "eps": 0.78,
            "eps_growth_year": -3.05,
            "eps_4q": 3.07,
            "eps_4q_growth_year": -4.91,
            "roe": 3.32,
            "roe_4q": 13.3,
            "gross_profit": 235200,
            "gross_margin": 22.72,
            "gross_margin_4q_avg": 24.11,
            "net_income": 88776,
            "net_income_4q": null,
            "revenue": 1035024,
            "revenue_4q": null,
            "common_shares": 912745,
            "book_valuer_per_share": 25.76,
            "book_valuer_per_share_4q_avg": 24.56,
            "equity": 2726864,
            "current_ratio": 340.44,
            "debt_ratio": 52.4,
            "inventory_turnover_ratio": 1.18,
            "account_receivable_turnover_ratio": 1.16,
            "reinvestment_rate": 80.85,
            "research_to_sale_ratio": 1.44,
            "price_fair": 73.07,
            "eps_avg_yearly": 3.19,
            "eps_latest_yearly": 3.12,
            "eps_growth_yearly": 12.91
        },
        "20221": {
            "year_quarter": 20221,
            "year": 2022,
            "quarter": 1,
            "eps": 0.64,
            "eps_growth_year": 3.23,
            "eps_4q": 3.09,
            "eps_4q_growth_year": -0.13,
            "roe": 3.14,
            "roe_4q": 13.8,
            "gross_profit": 218596,
            "gross_margin": 22.02,
            "gross_margin_4q_avg": 23.56,
            "net_income": 85664,
            "net_income_4q": null,
            "revenue": 992715,
            "revenue_4q": null,
            "common_shares": 912745,
            "book_valuer_per_share": 25.55,
            "book_valuer_per_share_4q_avg": 25.09,
            "equity": 2735660,
            "current_ratio": 273.74,
            "debt_ratio": 54.05,
            "inventory_turnover_ratio": 1.1,
            "account_receivable_turnover_ratio": 1.02,
            "reinvestment_rate": 87.24,
            "research_to_sale_ratio": 1.46,
            "price_fair": 68.95,
            "eps_avg_yearly": 3.18,
            "eps_latest_yearly": 2.56,
            "eps_growth_yearly": 11.67
        },
        "20222": {
            "year_quarter": 20222,
            "year": 2022,
            "quarter": 2,
            "eps": 0.21,
            "eps_growth_year": -76.92,
            "eps_4q": 2.38,
            "eps_4q_growth_year": -20.6,
            "roe": 1.76,
            "roe_4q": 11.74,
            "gross_profit": 189071,
            "gross_margin": 21.1,
            "gross_margin_4q_avg": 22.55,
            "net_income": 48161,
            "net_income_4q": null,
            "revenue": 896161,
            "revenue_4q": null,
            "common_shares": 912745,
            "book_valuer_per_share": 25.53,
            "book_valuer_per_share_4q_avg": 25.43,
            "equity": 2726747,
            "current_ratio": 311.88,
            "debt_ratio": 52.63,
            "inventory_turnover_ratio": 0.98,
            "account_receivable_turnover_ratio": 1.01,
            "reinvestment_rate": 94.1,
            "research_to_sale_ratio": 1.44,
            "price_fair": 9,
            "eps_avg_yearly": 3,
            "eps_latest_yearly": 0.84,
            "eps_growth_yearly": -15.21
        },
        "20223": {
            "year_quarter": 20223,
            "year": 2022,
            "quarter": 3,
            "eps": 0.55,
            "eps_growth_year": -25.68,
            "eps_4q": 2.19,
            "eps_4q_growth_year": -29.13,
            "roe": 2.78,
            "roe_4q": 11,
            "gross_profit": 224864,
            "gross_margin": 23.31,
            "gross_margin_4q_avg": 22.29,
            "net_income": 77399,
            "net_income_4q": null,
            "revenue": 964512,
            "revenue_4q": null,
            "common_shares": 912745,
            "book_valuer_per_share": 26.45,
            "book_valuer_per_share_4q_avg": 25.82,
            "equity": 2837325,
            "current_ratio": 447.88,
            "debt_ratio": 49.92,
            "inventory_turnover_ratio": 1.04,
            "account_receivable_turnover_ratio": 1.18,
            "reinvestment_rate": 98.43,
            "research_to_sale_ratio": 1.43,
            "price_fair": 102.55,
            "eps_avg_yearly": 2.93,
            "eps_latest_yearly": 2.2,
            "eps_growth_yearly": 28.2
        },
        "20224": {
            "year_quarter": 20224,
            "year": 2022,
            "quarter": 4,
            "eps": 0.66,
            "eps_growth_year": -15.37,
            "eps_4q": 2.07,
            "eps_4q_growth_year": -32.48,
            "roe": 2.78,
            "roe_4q": 10.459999999999999,
            "gross_profit": 171551,
            "gross_margin": 19.08,
            "gross_margin_4q_avg": 21.38,
            "net_income": 79886,
            "net_income_4q": null,
            "revenue": 898993,
            "revenue_4q": null,
            "common_shares": 912745,
            "book_valuer_per_share": 27.03,
            "book_valuer_per_share_4q_avg": 26.14,
            "equity": 2908378,
            "current_ratio": 411.32,
            "debt_ratio": 48.22,
            "inventory_turnover_ratio": 1.12,
            "account_receivable_turnover_ratio": 1.11,
            "reinvestment_rate": 97.45,
            "research_to_sale_ratio": 1.67,
            "price_fair": 100.63,
            "eps_avg_yearly": 2.88,
            "eps_latest_yearly": 2.64,
            "eps_growth_yearly": 31.69
        },
        "20231": {
            "year_quarter": 20231,
            "year": 2023,
            "quarter": 1,
            "eps": 0.3,
            "eps_growth_year": -53.12,
            "eps_4q": 1.73,
            "eps_4q_growth_year": -44.2,
            "roe": 1.51,
            "roe_4q": 8.83,
            "gross_profit": 150845,
            "gross_margin": 18.85,
            "gross_margin_4q_avg": 20.59,
            "net_income": 43663,
            "net_income_4q": null,
            "revenue": 800127,
            "revenue_4q": null,
            "common_shares": 912745,
            "book_valuer_per_share": 26.28,
            "book_valuer_per_share_4q_avg": 26.32,
            "equity": 2857175,
            "current_ratio": 359.97,
            "debt_ratio": 49.28,
            "inventory_turnover_ratio": 1.12,
            "account_receivable_turnover_ratio": 1.1,
            "reinvestment_rate": 94.15,
            "research_to_sale_ratio": 1.65,
            "price_fair": 97.29,
            "eps_avg_yearly": 2.79,
            "eps_latest_yearly": 1.2,
            "eps_growth_yearly": 24.87
        },
        "20232": {
            "year_quarter": 20232,
            "year": 2023,
            "quarter": 2,
            "eps": 0.22,
            "eps_growth_year": 4.76,
            "eps_4q": 1.74,
            "eps_4q_growth_year": -27.08,
            "roe": 1.58,
            "roe_4q": 8.649999999999999,
            "gross_profit": 171200,
            "gross_margin": 20.22,
            "gross_margin_4q_avg": 20.37,
            "net_income": 44717,
            "net_income_4q": null,
            "revenue": 846863,
            "revenue_4q": null,
            "common_shares": 912745,
            "book_valuer_per_share": 26.06,
            "book_valuer_per_share_4q_avg": 26.46,
            "equity": 2801553,
            "current_ratio": 320.3,
            "debt_ratio": 49.56,
            "inventory_turnover_ratio": 1.22,
            "account_receivable_turnover_ratio": 1.2,
            "reinvestment_rate": 84.61,
            "research_to_sale_ratio": 1.8,
            "price_fair": 49.43,
            "eps_avg_yearly": 2.63,
            "eps_latest_yearly": 0.88,
            "eps_growth_yearly": 8.83
        },
        "20233": {
            "year_quarter": 20233,
            "year": 2023,
            "quarter": 3,
            "eps": 0.19,
            "eps_growth_year": -65.45,
            "eps_4q": 1.38,
            "eps_4q_growth_year": -37.11,
            "roe": 1.44,
            "roe_4q": 7.3100000000000005,
            "gross_profit": 153690,
            "gross_margin": 17.93,
            "gross_margin_4q_avg": 19.02,
            "net_income": 41365,
            "net_income_4q": null,
            "revenue": 857105,
            "revenue_4q": null,
            "common_shares": 912745,
            "book_valuer_per_share": 27.15,
            "book_valuer_per_share_4q_avg": 26.63,
            "equity": 2924348,
            "current_ratio": 416.65,
            "debt_ratio": 47.23,
            "inventory_turnover_ratio": 1.27,
            "account_receivable_turnover_ratio": 1.19,
            "reinvestment_rate": 77.16,
            "research_to_sale_ratio": 1.6,
            "price_fair": 40.03,
            "eps_avg_yearly": 2.46,
            "eps_latest_yearly": 0.76,
            "eps_growth_yearly": 6.27
        }
    },
    "months": {
        "2001-06": {
            "month": "2001-06",
            "price": "7.15",
            "revenue": 69078
        },
        "2001-07": {
            "month": "2001-07",
            "price": "6.80",
            "revenue": 66016
        },
        "2001-08": {
            "month": "2001-08",
            "price": "6.90",
            "revenue": 73499
        },
        "2001-09": {
            "month": "2001-09",
            "price": "6.21",
            "revenue": 70441
        },
        "2001-10": {
            "month": "2001-10",
            "price": "5.93",
            "revenue": 76727
        },
        "2001-11": {
            "month": "2001-11",
            "price": "5.94",
            "revenue": 74687
        },
        "2001-12": {
            "month": "2001-12",
            "price": "6.64",
            "revenue": 72275
        },
        "2002-01": {
            "month": "2002-01",
            "price": "7.16",
            "revenue": 77660
        },
        "2002-02": {
            "month": "2002-02",
            "price": "7.61",
            "revenue": 55540
        },
        "2002-03": {
            "month": "2002-03",
            "price": "8.69",
            "revenue": 75969
        },
        "2002-04": {
            "month": "2002-04",
            "price": "9.12",
            "revenue": 83775
        },
        "2002-05": {
            "month": "2002-05",
            "price": "8.65",
            "revenue": 80222
        },
        "2002-06": {
            "month": "2002-06",
            "price": "10.00",
            "revenue": 76058
        },
        "2002-07": {
            "month": "2002-07",
            "price": "10.66",
            "revenue": 88107
        },
        "2002-08": {
            "month": "2002-08",
            "price": "9.10",
            "revenue": 83469
        },
        "2002-09": {
            "month": "2002-09",
            "price": "8.25",
            "revenue": 83746
        },
        "2002-10": {
            "month": "2002-10",
            "price": "8.29",
            "revenue": 83982
        },
        "2002-11": {
            "month": "2002-11",
            "price": "11.06",
            "revenue": 81061
        },
        "2002-12": {
            "month": "2002-12",
            "price": "11.72",
            "revenue": 82031
        },
        "2003-01": {
            "month": "2003-01",
            "price": "11.76",
            "revenue": 83880
        },
        "2003-02": {
            "month": "2003-02",
            "price": "11.42",
            "revenue": 59737
        },
        "2003-03": {
            "month": "2003-03",
            "price": "11.45",
            "revenue": 91563
        },
        "2003-04": {
            "month": "2003-04",
            "price": "10.62",
            "revenue": 88658
        },
        "2003-05": {
            "month": "2003-05",
            "price": "10.68",
            "revenue": 95425
        },
        "2003-06": {
            "month": "2003-06",
            "price": "11.42",
            "revenue": 94298
        },
        "2003-07": {
            "month": "2003-07",
            "price": "11.06",
            "revenue": 86709
        },
        "2003-08": {
            "month": "2003-08",
            "price": "10.45",
            "revenue": 78791
        },
        "2003-09": {
            "month": "2003-09",
            "price": "10.16",
            "revenue": 80036
        },
        "2003-10": {
            "month": "2003-10",
            "price": "10.34",
            "revenue": 85480
        },
        "2003-11": {
            "month": "2003-11",
            "price": "10.78",
            "revenue": 86322
        },
        "2003-12": {
            "month": "2003-12",
            "price": "11.30",
            "revenue": 91165
        },
        "2004-01": {
            "month": "2004-01",
            "price": "11.57",
            "revenue": 74321
        },
        "2004-02": {
            "month": "2004-02",
            "price": "12.28",
            "revenue": 83145
        },
        "2004-03": {
            "month": "2004-03",
            "price": "12.31",
            "revenue": 100011
        },
        "2004-04": {
            "month": "2004-04",
            "price": "12.47",
            "revenue": 102392
        },
        "2004-05": {
            "month": "2004-05",
            "price": "11.94",
            "revenue": 86800
        },
        "2004-06": {
            "month": "2004-06",
            "price": "11.56",
            "revenue": 95253
        },
        "2004-07": {
            "month": "2004-07",
            "price": "10.63",
            "revenue": 95390
        },
        "2004-08": {
            "month": "2004-08",
            "price": "10.41",
            "revenue": 94040
        },
        "2004-09": {
            "month": "2004-09",
            "price": "10.39",
            "revenue": 96590
        },
        "2004-10": {
            "month": "2004-10",
            "price": "9.80",
            "revenue": 93624
        },
        "2004-11": {
            "month": "2004-11",
            "price": "9.45",
            "revenue": 98718
        },
        "2004-12": {
            "month": "2004-12",
            "price": "9.48",
            "revenue": 111580
        },
        "2005-01": {
            "month": "2005-01",
            "price": "9.99",
            "revenue": 106294
        },
        "2005-02": {
            "month": "2005-02",
            "price": "10.63",
            "revenue": 72669
        },
        "2005-03": {
            "month": "2005-03",
            "price": "10.19",
            "revenue": 103555
        },
        "2005-04": {
            "month": "2005-04",
            "price": "9.70",
            "revenue": 88159
        },
        "2005-05": {
            "month": "2005-05",
            "price": "9.59",
            "revenue": 96851
        },
        "2005-06": {
            "month": "2005-06",
            "price": "9.48",
            "revenue": 99390
        },
        "2005-07": {
            "month": "2005-07",
            "price": "9.39",
            "revenue": 89166
        },
        "2005-08": {
            "month": "2005-08",
            "price": "9.19",
            "revenue": 103020
        },
        "2005-09": {
            "month": "2005-09",
            "price": "9.12",
            "revenue": 96690
        },
        "2005-10": {
            "month": "2005-10",
            "price": "9.04",
            "revenue": 98567
        },
        "2005-11": {
            "month": "2005-11",
            "price": "8.88",
            "revenue": 93657
        },
        "2005-12": {
            "month": "2005-12",
            "price": "8.77",
            "revenue": 120493
        },
        "2006-01": {
            "month": "2006-01",
            "price": "8.95",
            "revenue": 90933
        },
        "2006-02": {
            "month": "2006-02",
            "price": "8.87",
            "revenue": 69471
        },
        "2006-03": {
            "month": "2006-03",
            "price": "8.27",
            "revenue": 103414
        },
        "2006-04": {
            "month": "2006-04",
            "price": "8.03",
            "revenue": 93742
        },
        "2006-05": {
            "month": "2006-05",
            "price": "8.20",
            "revenue": 97474
        },
        "2006-06": {
            "month": "2006-06",
            "price": "8.05",
            "revenue": 120865
        },
        "2006-07": {
            "month": "2006-07",
            "price": "8.06",
            "revenue": 108873
        },
        "2006-08": {
            "month": "2006-08",
            "price": "7.94",
            "revenue": 110487
        },
        "2006-09": {
            "month": "2006-09",
            "price": "7.93",
            "revenue": 110329
        },
        "2006-10": {
            "month": "2006-10",
            "price": "8.35",
            "revenue": 104960
        },
        "2006-11": {
            "month": "2006-11",
            "price": "8.89",
            "revenue": 116164
        },
        "2006-12": {
            "month": "2006-12",
            "price": "9.64",
            "revenue": 115823
        },
        "2007-01": {
            "month": "2007-01",
            "price": "10.19",
            "revenue": 107166
        },
        "2007-02": {
            "month": "2007-02",
            "price": "10.87",
            "revenue": 77981
        },
        "2007-03": {
            "month": "2007-03",
            "price": "10.49",
            "revenue": 120971
        },
        "2007-04": {
            "month": "2007-04",
            "price": "11.26",
            "revenue": 101883
        },
        "2007-05": {
            "month": "2007-05",
            "price": "10.71",
            "revenue": 101332
        },
        "2007-06": {
            "month": "2007-06",
            "price": "10.92",
            "revenue": 110924
        },
        "2007-07": {
            "month": "2007-07",
            "price": "15.78",
            "revenue": 106448
        },
        "2007-08": {
            "month": "2007-08",
            "price": "18.08",
            "revenue": 109163
        },
        "2007-09": {
            "month": "2007-09",
            "price": "17.52",
            "revenue": 113123
        },
        "2007-10": {
            "month": "2007-10",
            "price": "15.81",
            "revenue": 119616
        },
        "2007-11": {
            "month": "2007-11",
            "price": "13.09",
            "revenue": 108496
        },
        "2007-12": {
            "month": "2007-12",
            "price": "11.23",
            "revenue": 105250
        },
        "2008-01": {
            "month": "2008-01",
            "price": "10.79",
            "revenue": 107372
        },
        "2008-02": {
            "month": "2008-02",
            "price": "11.26",
            "revenue": 83023
        },
        "2008-03": {
            "month": "2008-03",
            "price": "12.58",
            "revenue": 113020
        },
        "2008-04": {
            "month": "2008-04",
            "price": "14.60",
            "revenue": 118207
        },
        "2008-05": {
            "month": "2008-05",
            "price": "15.89",
            "revenue": 115581
        },
        "2008-06": {
            "month": "2008-06",
            "price": "12.93",
            "revenue": 115853
        },
        "2008-07": {
            "month": "2008-07",
            "price": "11.82",
            "revenue": 119275
        },
        "2008-08": {
            "month": "2008-08",
            "price": "11.03",
            "revenue": 114408
        },
        "2008-09": {
            "month": "2008-09",
            "price": "9.86",
            "revenue": 103468
        },
        "2008-10": {
            "month": "2008-10",
            "price": "8.90",
            "revenue": 105895
        },
        "2008-11": {
            "month": "2008-11",
            "price": "8.34",
            "revenue": 109915
        },
        "2008-12": {
            "month": "2008-12",
            "price": "8.68",
            "revenue": 122148
        },
        "2009-01": {
            "month": "2009-01",
            "price": "9.01",
            "revenue": 83966
        },
        "2009-02": {
            "month": "2009-02",
            "price": "8.74",
            "revenue": 91834
        },
        "2009-03": {
            "month": "2009-03",
            "price": "9.16",
            "revenue": 115432
        },
        "2009-04": {
            "month": "2009-04",
            "price": "10.84",
            "revenue": 104095
        },
        "2009-05": {
            "month": "2009-05",
            "price": "11.58",
            "revenue": 95537
        },
        "2009-06": {
            "month": "2009-06",
            "price": "11.64",
            "revenue": 102073
        },
        "2009-07": {
            "month": "2009-07",
            "price": "11.24",
            "revenue": 110764
        },
        "2009-08": {
            "month": "2009-08",
            "price": "11.38",
            "revenue": 118382
        },
        "2009-09": {
            "month": "2009-09",
            "price": "13.88",
            "revenue": 114784
        },
        "2009-10": {
            "month": "2009-10",
            "price": "15.61",
            "revenue": 122614
        },
        "2009-11": {
            "month": "2009-11",
            "price": "15.99",
            "revenue": 121241
        },
        "2009-12": {
            "month": "2009-12",
            "price": "19.25",
            "revenue": 151187
        },
        "2010-01": {
            "month": "2010-01",
            "price": "18.35",
            "revenue": 131149
        },
        "2010-02": {
            "month": "2010-02",
            "price": "15.84",
            "revenue": 99750
        },
        "2010-03": {
            "month": "2010-03",
            "price": "17.77",
            "revenue": 141263
        },
        "2010-04": {
            "month": "2010-04",
            "price": "19.09",
            "revenue": 125716
        },
        "2010-05": {
            "month": "2010-05",
            "price": "19.27",
            "revenue": 125737
        },
        "2010-06": {
            "month": "2010-06",
            "price": "18.66",
            "revenue": 135289
        },
        "2010-07": {
            "month": "2010-07",
            "price": "20.35",
            "revenue": 134566
        },
        "2010-08": {
            "month": "2010-08",
            "price": "23.23",
            "revenue": 149302
        },
        "2010-09": {
            "month": "2010-09",
            "price": "22.30",
            "revenue": 139656
        },
        "2010-10": {
            "month": "2010-10",
            "price": "23.90",
            "revenue": 148486
        },
        "2010-11": {
            "month": "2010-11",
            "price": "26.09",
            "revenue": 157556
        },
        "2010-12": {
            "month": "2010-12",
            "price": "27.38",
            "revenue": 152612
        },
        "2011-01": {
            "month": "2011-01",
            "price": "25.26",
            "revenue": 141854
        },
        "2011-02": {
            "month": "2011-02",
            "price": "23.98",
            "revenue": 91382
        },
        "2011-03": {
            "month": "2011-03",
            "price": "23.65",
            "revenue": 157596
        },
        "2011-04": {
            "month": "2011-04",
            "price": "24.54",
            "revenue": 139490
        },
        "2011-05": {
            "month": "2011-05",
            "price": "25.70",
            "revenue": 145156
        },
        "2011-06": {
            "month": "2011-06",
            "price": "24.81",
            "revenue": 145218
        },
        "2011-07": {
            "month": "2011-07",
            "price": "25.72",
            "revenue": 129456
        },
        "2011-08": {
            "month": "2011-08",
            "price": "24.35",
            "revenue": 134383
        },
        "2011-09": {
            "month": "2011-09",
            "price": "19.48",
            "revenue": 139492
        },
        "2011-10": {
            "month": "2011-10",
            "price": "19.46",
            "revenue": 144656
        },
        "2011-11": {
            "month": "2011-11",
            "price": "19.72",
            "revenue": 154359
        },
        "2011-12": {
            "month": "2011-12",
            "price": "18.52",
            "revenue": 149025
        },
        "2012-01": {
            "month": "2012-01",
            "price": "17.33",
            "revenue": 128520
        },
        "2012-02": {
            "month": "2012-02",
            "price": "19.10",
            "revenue": 123075
        },
        "2012-03": {
            "month": "2012-03",
            "price": "19.95",
            "revenue": 157619
        },
        "2012-04": {
            "month": "2012-04",
            "price": "21.05",
            "revenue": 147451
        },
        "2012-05": {
            "month": "2012-05",
            "price": "19.79",
            "revenue": 137814
        },
        "2012-06": {
            "month": "2012-06",
            "price": "19.22",
            "revenue": 149227
        },
        "2012-07": {
            "month": "2012-07",
            "price": "20.47",
            "revenue": 142945
        },
        "2012-08": {
            "month": "2012-08",
            "price": "22.60",
            "revenue": 142230
        },
        "2012-09": {
            "month": "2012-09",
            "price": "22.38",
            "revenue": 135395
        },
        "2012-10": {
            "month": "2012-10",
            "price": "22.17",
            "revenue": 132169
        },
        "2012-11": {
            "month": "2012-11",
            "price": "20.30",
            "revenue": 149528
        },
        "2012-12": {
            "month": "2012-12",
            "price": "21.05",
            "revenue": 143339
        },
        "2013-01": {
            "month": "2013-01",
            "price": "21.98",
            "revenue": 281630
        },
        "2013-02": {
            "month": "2013-02",
            "price": "22.30",
            "revenue": 222745
        },
        "2013-03": {
            "month": "2013-03",
            "price": "22.70",
            "revenue": 276768
        },
        "2013-04": {
            "month": "2013-04",
            "price": "23.61",
            "revenue": 264923
        },
        "2013-05": {
            "month": "2013-05",
            "price": "25.23",
            "revenue": 288288
        },
        "2013-06": {
            "month": "2013-06",
            "price": "25.00",
            "revenue": 259346
        },
        "2013-07": {
            "month": "2013-07",
            "price": "31.83",
            "revenue": 299287
        },
        "2013-08": {
            "month": "2013-08",
            "price": "41.35",
            "revenue": 278414
        },
        "2013-09": {
            "month": "2013-09",
            "price": "42.97",
            "revenue": 273434
        },
        "2013-10": {
            "month": "2013-10",
            "price": "44.81",
            "revenue": 278022
        },
        "2013-11": {
            "month": "2013-11",
            "price": "44.83",
            "revenue": 278173
        },
        "2013-12": {
            "month": "2013-12",
            "price": "40.41",
            "revenue": 301536
        },
        "2014-01": {
            "month": "2014-01",
            "price": "39.06",
            "revenue": 301442
        },
        "2014-02": {
            "month": "2014-02",
            "price": "40.55",
            "revenue": 239166
        },
        "2014-03": {
            "month": "2014-03",
            "price": "39.84",
            "revenue": 285297
        },
        "2014-04": {
            "month": "2014-04",
            "price": "39.09",
            "revenue": 281036
        },
        "2014-05": {
            "month": "2014-05",
            "price": "37.40",
            "revenue": 266969
        },
        "2014-06": {
            "month": "2014-06",
            "price": "35.58",
            "revenue": 281364
        },
        "2014-07": {
            "month": "2014-07",
            "price": "33.98",
            "revenue": 293035
        },
        "2014-08": {
            "month": "2014-08",
            "price": "33.64",
            "revenue": 303599
        },
        "2014-09": {
            "month": "2014-09",
            "price": "33.39",
            "revenue": 295931
        },
        "2014-10": {
            "month": "2014-10",
            "price": "30.81",
            "revenue": 292467
        },
        "2014-11": {
            "month": "2014-11",
            "price": "32.35",
            "revenue": 291663
        },
        "2014-12": {
            "month": "2014-12",
            "price": "33.75",
            "revenue": 331415
        },
        "2015-01": {
            "month": "2015-01",
            "price": "36.21",
            "revenue": 275177
        },
        "2015-02": {
            "month": "2015-02",
            "price": "36.60",
            "revenue": 207029
        },
        "2015-03": {
            "month": "2015-03",
            "price": "37.36",
            "revenue": 265988
        },
        "2015-04": {
            "month": "2015-04",
            "price": "36.98",
            "revenue": 239305
        },
        "2015-05": {
            "month": "2015-05",
            "price": "33.10",
            "revenue": 251079
        },
        "2015-06": {
            "month": "2015-06",
            "price": "29.37",
            "revenue": 270385
        },
        "2015-07": {
            "month": "2015-07",
            "price": "29.13",
            "revenue": 249466
        },
        "2015-08": {
            "month": "2015-08",
            "price": "24.68",
            "revenue": 256855
        },
        "2015-09": {
            "month": "2015-09",
            "price": "25.17",
            "revenue": 257680
        },
        "2015-10": {
            "month": "2015-10",
            "price": "26.80",
            "revenue": 280440
        },
        "2015-11": {
            "month": "2015-11",
            "price": "26.57",
            "revenue": 279173
        },
        "2015-12": {
            "month": "2015-12",
            "price": "24.82",
            "revenue": 289539
        },
        "2016-01": {
            "month": "2016-01",
            "price": "23.51",
            "revenue": 263208
        },
        "2016-02": {
            "month": "2016-02",
            "price": "24.99",
            "revenue": 203247
        },
        "2016-03": {
            "month": "2016-03",
            "price": "30.33",
            "revenue": 266330
        },
        "2016-04": {
            "month": "2016-04",
            "price": "33.58",
            "revenue": 259416
        },
        "2016-05": {
            "month": "2016-05",
            "price": "32.45",
            "revenue": 275585
        },
        "2016-06": {
            "month": "2016-06",
            "price": "33.16",
            "revenue": 277145
        },
        "2016-07": {
            "month": "2016-07",
            "price": "32.68",
            "revenue": 258525
        },
        "2016-08": {
            "month": "2016-08",
            "price": "34.03",
            "revenue": 266134
        },
        "2016-09": {
            "month": "2016-09",
            "price": "32.56",
            "revenue": 279824
        },
        "2016-10": {
            "month": "2016-10",
            "price": "33.82",
            "revenue": 251178
        },
        "2016-11": {
            "month": "2016-11",
            "price": "35.33",
            "revenue": 266099
        },
        "2016-12": {
            "month": "2016-12",
            "price": "34.27",
            "revenue": 270235
        },
        "2017-01": {
            "month": "2017-01",
            "price": "33.36",
            "revenue": 223216
        },
        "2017-02": {
            "month": "2017-02",
            "price": "33.90",
            "revenue": 219747
        },
        "2017-03": {
            "month": "2017-03",
            "price": "33.91",
            "revenue": 265030
        },
        "2017-04": {
            "month": "2017-04",
            "price": "33.51",
            "revenue": 253875
        },
        "2017-05": {
            "month": "2017-05",
            "price": "32.67",
            "revenue": 279582
        },
        "2017-06": {
            "month": "2017-06",
            "price": "33.13",
            "revenue": 273972
        },
        "2017-07": {
            "month": "2017-07",
            "price": "32.43",
            "revenue": 237634
        },
        "2017-08": {
            "month": "2017-08",
            "price": "31.97",
            "revenue": 305609
        },
        "2017-09": {
            "month": "2017-09",
            "price": "32.72",
            "revenue": 300731
        },
        "2017-10": {
            "month": "2017-10",
            "price": "32.61",
            "revenue": 296872
        },
        "2017-11": {
            "month": "2017-11",
            "price": "33.38",
            "revenue": 287147
        },
        "2017-12": {
            "month": "2017-12",
            "price": "36.25",
            "revenue": 299664
        },
        "2018-01": {
            "month": "2018-01",
            "price": "37.37",
            "revenue": 285747
        },
        "2018-02": {
            "month": "2018-02",
            "price": "34.07",
            "revenue": 234815
        },
        "2018-03": {
            "month": "2018-03",
            "price": "34.38",
            "revenue": 304887
        },
        "2018-04": {
            "month": "2018-04",
            "price": "34.37",
            "revenue": 318127
        },
        "2018-05": {
            "month": "2018-05",
            "price": "34.89",
            "revenue": 332325
        },
        "2018-06": {
            "month": "2018-06",
            "price": "36.89",
            "revenue": 334491
        },
        "2018-07": {
            "month": "2018-07",
            "price": "36.95",
            "revenue": 327578
        },
        "2018-08": {
            "month": "2018-08",
            "price": "36.85",
            "revenue": 319818
        },
        "2018-09": {
            "month": "2018-09",
            "price": "36.18",
            "revenue": 328161
        },
        "2018-10": {
            "month": "2018-10",
            "price": "33.59",
            "revenue": 335441
        },
        "2018-11": {
            "month": "2018-11",
            "price": "34.28",
            "revenue": 343015
        },
        "2018-12": {
            "month": "2018-12",
            "price": "35.61",
            "revenue": 300208
        },
        "2019-01": {
            "month": "2019-01",
            "price": "35.79",
            "revenue": 307775
        },
        "2019-02": {
            "month": "2019-02",
            "price": "36.85",
            "revenue": 236013
        },
        "2019-03": {
            "month": "2019-03",
            "price": "37.05",
            "revenue": 302503
        },
        "2019-04": {
            "month": "2019-04",
            "price": "36.37",
            "revenue": 311253
        },
        "2019-05": {
            "month": "2019-05",
            "price": "34.89",
            "revenue": 304514
        },
        "2019-06": {
            "month": "2019-06",
            "price": "34.26",
            "revenue": 287342
        },
        "2019-07": {
            "month": "2019-07",
            "price": "34.76",
            "revenue": 308168
        },
        "2019-08": {
            "month": "2019-08",
            "price": "33.35",
            "revenue": 295515
        },
        "2019-09": {
            "month": "2019-09",
            "price": "33.81",
            "revenue": 329822
        },
        "2019-10": {
            "month": "2019-10",
            "price": "34.10",
            "revenue": 335952
        },
        "2019-11": {
            "month": "2019-11",
            "price": "34.26",
            "revenue": 297615
        },
        "2019-12": {
            "month": "2019-12",
            "price": "33.96",
            "revenue": 325715
        },
        "2020-01": {
            "month": "2020-01",
            "price": "33.61",
            "revenue": 237926
        },
        "2020-02": {
            "month": "2020-02",
            "price": "33.10",
            "revenue": 218708
        },
        "2020-03": {
            "month": "2020-03",
            "price": "30.45",
            "revenue": 309627
        },
        "2020-04": {
            "month": "2020-04",
            "price": "31.19",
            "revenue": 311485
        },
        "2020-05": {
            "month": "2020-05",
            "price": "33.15",
            "revenue": 286234
        },
        "2020-06": {
            "month": "2020-06",
            "price": "33.24",
            "revenue": 298326
        },
        "2020-07": {
            "month": "2020-07",
            "price": "32.93",
            "revenue": 279151
        },
        "2020-08": {
            "month": "2020-08",
            "price": "33.37",
            "revenue": 252044
        },
        "2020-09": {
            "month": "2020-09",
            "price": "33.59",
            "revenue": 303129
        },
        "2020-10": {
            "month": "2020-10",
            "price": "32.96",
            "revenue": 293385
        },
        "2020-11": {
            "month": "2020-11",
            "price": "32.98",
            "revenue": 313683
        },
        "2020-12": {
            "month": "2020-12",
            "price": "32.98",
            "revenue": 301482
        },
        "2021-01": {
            "month": "2021-01",
            "price": "32.58",
            "revenue": 279444
        },
        "2021-02": {
            "month": "2021-02",
            "price": "32.56",
            "revenue": 244003
        },
        "2021-03": {
            "month": "2021-03",
            "price": "34.26",
            "revenue": 306780
        },
        "2021-04": {
            "month": "2021-04",
            "price": "35.75",
            "revenue": 303256
        },
        "2021-05": {
            "month": "2021-05",
            "price": "33.59",
            "revenue": 306490
        },
        "2021-06": {
            "month": "2021-06",
            "price": "34.38",
            "revenue": 330531
        },
        "2021-07": {
            "month": "2021-07",
            "price": "34.48",
            "revenue": 313681
        },
        "2021-08": {
            "month": "2021-08",
            "price": "33.83",
            "revenue": 334429
        },
        "2021-09": {
            "month": "2021-09",
            "price": "34.34",
            "revenue": 344408
        },
        "2021-10": {
            "month": "2021-10",
            "price": "35.07",
            "revenue": 351157
        },
        "2021-11": {
            "month": "2021-11",
            "price": "35.16",
            "revenue": 327627
        },
        "2021-12": {
            "month": "2021-12",
            "price": "34.89",
            "revenue": 354010
        },
        "2022-01": {
            "month": "2022-01",
            "price": "34.98",
            "revenue": 364733
        },
        "2022-02": {
            "month": "2022-02",
            "price": "35.70",
            "revenue": 256144
        },
        "2022-03": {
            "month": "2022-03",
            "price": "36.15",
            "revenue": 371815
        },
        "2022-04": {
            "month": "2022-04",
            "price": "35.42",
            "revenue": 302017
        },
        "2022-05": {
            "month": "2022-05",
            "price": "34.75",
            "revenue": 262516
        },
        "2022-06": {
            "month": "2022-06",
            "price": "34.53",
            "revenue": 331396
        },
        "2022-07": {
            "month": "2022-07",
            "price": "33.43",
            "revenue": 321947
        },
        "2022-08": {
            "month": "2022-08",
            "price": "33.70",
            "revenue": 327512
        },
        "2022-09": {
            "month": "2022-09",
            "price": "33.35",
            "revenue": 315654
        },
        "2022-10": {
            "month": "2022-10",
            "price": "33.03",
            "revenue": 319037
        },
        "2022-11": {
            "month": "2022-11",
            "price": "32.92",
            "revenue": 292641
        },
        "2022-12": {
            "month": "2022-12",
            "price": "33.01",
            "revenue": 288851
        },
        "2023-01": {
            "month": "2023-01",
            "price": "33.03",
            "revenue": 243005
        },
        "2023-02": {
            "month": "2023-02",
            "price": "33.46",
            "revenue": 244560
        },
        "2023-03": {
            "month": "2023-03",
            "price": "33.26",
            "revenue": 315973
        },
        "2023-04": {
            "month": "2023-04",
            "price": "33.04",
            "revenue": 267845
        },
        "2023-05": {
            "month": "2023-05",
            "price": "32.92",
            "revenue": 284140
        },
        "2023-06": {
            "month": "2023-06",
            "price": "32.19",
            "revenue": 294862
        },
        "2023-07": {
            "month": "2023-07",
            "price": "31.77",
            "revenue": 261881
        },
        "2023-08": {
            "month": "2023-08",
            "price": "31.80",
            "revenue": 316094
        },
        "2023-09": {
            "month": "2023-09",
            "price": "31.67",
            "revenue": 278061
        },
        "2023-10": {
            "month": "2023-10",
            "price": "31.41",
            "revenue": 283758
        },
        "2023-11": {
            "month": "2023-11",
            "price": "31.27",
            "revenue": 269150
        }
    }
}
