{
    "summary": {
        "stock_name": "地球",
        "stock_id": "1324",
        "category": "塑膠",
        "main_business": "各種黏膠帶電報紙防水紙防蝕漆防蝕膠帶等之製造加工買賣業務<br>機械設計之製造加工按裝修護買賣及電子產品之製造加工買賣業務<br>禮品雜貨等之買賣業務",
        "website_url": "http://www.globetape.com.tw",
        "ceo": "黃林慶",
        "pe_ratio": 63,
        "report_year_from": 2001,
        "report_year_to": 2023,
        "age": 22,
        "eps_negative_percentage": 9,
        "eps_growth_avg": {
            "last_all": 3.48,
            "last_2y": 34.92,
            "last_4y": 21.45,
            "last_8y": 16.15,
            "last_12y": 8.27,
            "last_16y": 7.17,
            "last_20y": 3.48,
            "at_2006_last_3y": -36.89,
            "at_2007_last_3y": -44.43,
            "at_2008_last_3y": -36.25,
            "at_2009_last_3y": 0,
            "at_2010_last_3y": 37.04,
            "at_2011_last_3y": 31.36,
            "at_2012_last_3y": 11.54,
            "at_2013_last_3y": -9.46,
            "at_2014_last_3y": -3.41,
            "at_2015_last_3y": 0.36,
            "at_2016_last_3y": 15.26,
            "at_2017_last_3y": 9.52,
            "at_2018_last_3y": -14.43,
            "at_2019_last_3y": 1.8,
            "at_2020_last_3y": 23.88,
            "at_2021_last_3y": 1.82,
            "at_2022_last_3y": 51.19,
            "at_2023_last_3y": 51.19,
            "at_2006_last_all": -28.26,
            "at_2007_last_all": -28.26,
            "at_2008_last_all": -28.26,
            "at_2009_last_all": -6.89,
            "at_2010_last_all": -9.61,
            "at_2011_last_all": -5.91,
            "at_2012_last_all": -10.57,
            "at_2013_last_all": -7.92,
            "at_2014_last_all": -7.35,
            "at_2015_last_all": -3.82,
            "at_2016_last_all": -2.62,
            "at_2017_last_all": -2.93,
            "at_2018_last_all": -9.24,
            "at_2019_last_all": -2.41,
            "at_2020_last_all": 3.61,
            "at_2021_last_all": -1.88,
            "at_2022_last_all": 3.48,
            "at_2023_last_all": 3.48
        },
        "latest_eps": 0.18,
        "latest_price": 11.3,
        "latest_roe": 1.45,
        "latest_gross_margin": 20.12,
        "latest_equity": 946416,
        "latest_revenue": 231342,
        "latest_gross_profit": 46542,
        "latest_net_income": 6711,
        "latest_debt_ratio": 20.31,
        "latest_current_ratio": 357.29,
        "latest_account_receivable_turnover_ratio": 1.32,
        "latest_inventory_turnover_ratio": 0.93,
        "latest_reinvestment_rate": -291.44,
        "latest_research_to_sale_ratio": 1.59
    },
    "eps_dividends": {
        "1996": {
            "cash": 0,
            "stock": 0,
            "eps": 0
        },
        "1997": {
            "cash": 0,
            "stock": 1,
            "eps": 0
        },
        "1998": {
            "cash": 0,
            "stock": 1,
            "eps": 0
        },
        "1999": {
            "cash": 0,
            "stock": 1,
            "eps": 0
        },
        "2001": {
            "cash": 2,
            "stock": 2,
            "eps": 1.12
        },
        "2002": {
            "cash": 2,
            "stock": 0,
            "eps": 1.19
        },
        "2003": {
            "cash": 0,
            "stock": 1,
            "eps": 1.02
        },
        "2004": {
            "cash": 1,
            "stock": 1,
            "eps": 0.4
        },
        "2005": {
            "cash": 1,
            "stock": 0,
            "eps": 0.51
        },
        "2006": {
            "cash": 0,
            "stock": 0,
            "eps": -0.15
        },
        "2007": {
            "cash": 0,
            "stock": 0,
            "eps": -0.46
        },
        "2008": {
            "cash": 0,
            "stock": 0,
            "eps": 0.48
        },
        "2009": {
            "cash": 0,
            "stock": 0,
            "eps": 1.08
        },
        "2010": {
            "cash": 1,
            "stock": 0,
            "eps": 0.8
        },
        "2011": {
            "cash": 1,
            "stock": 0,
            "eps": 0.96
        },
        "2012": {
            "cash": 0,
            "stock": 0,
            "eps": 0.5
        },
        "2013": {
            "cash": 0,
            "stock": 0,
            "eps": 0.58
        },
        "2014": {
            "cash": 1,
            "stock": 0,
            "eps": 0.57
        },
        "2015": {
            "cash": 0,
            "stock": 0,
            "eps": 0.77
        },
        "2016": {
            "cash": 0,
            "stock": 0,
            "eps": 0.86
        },
        "2017": {
            "cash": 0,
            "stock": 0,
            "eps": 0.8
        },
        "2018": {
            "cash": 0,
            "stock": 0,
            "eps": 0.02
        },
        "2019": {
            "cash": 0,
            "stock": 0,
            "eps": 0.05
        },
        "2020": {
            "cash": 0,
            "stock": 0,
            "eps": 0.21
        },
        "2021": {
            "cash": 0,
            "stock": 0,
            "eps": 0.01
        },
        "2022": {
            "cash": 0,
            "stock": 0,
            "eps": 0.07
        },
        "2023": {
            "cash": 0,
            "stock": 0,
            "eps": 0.09
        }
    },
    "dividends": {
        "1996-05-26": {
            "cash": 0.4,
            "stock": 0
        },
        "1997-05-18": {
            "cash": 0,
            "stock": 1
        },
        "1998-04-29": {
            "cash": 0,
            "stock": 1
        },
        "1999-05-25": {
            "cash": 0,
            "stock": 1.2
        },
        "2001-05-29": {
            "cash": 2.2,
            "stock": 2.2
        },
        "2002-06-12": {
            "cash": 2,
            "stock": 0
        },
        "2003-05-28": {
            "cash": 0.2,
            "stock": 1.1
        },
        "2004-06-16": {
            "cash": 0.5,
            "stock": 0.5
        },
        "2005-03-25": {
            "cash": 0.6,
            "stock": 0
        },
        "2006-03-24": {
            "cash": 0.2,
            "stock": 0.3
        },
        "2006-03-30": {
            "cash": 0.12,
            "stock": 0
        },
        "2009-03-24": {
            "cash": 0.1,
            "stock": 0
        },
        "2010-03-23": {
            "cash": 0.6,
            "stock": 0
        },
        "2011-01-01": {
            "cash": 0.6,
            "stock": 0
        },
        "2011-03-25": {
            "cash": 0.4,
            "stock": 0
        },
        "2013-03-25": {
            "cash": 0.4,
            "stock": 0
        },
        "2014-09-18": {
            "cash": 1.3,
            "stock": 0
        },
        "2015-09-24": {
            "cash": 0.3,
            "stock": 0
        },
        "2016-09-14": {
            "cash": 0.4,
            "stock": 0
        },
        "2017-09-21": {
            "cash": 0.4,
            "stock": 0
        },
        "2018-07-26": {
            "cash": 0.3,
            "stock": 0
        },
        "2019-09-24": {
            "cash": 0.3,
            "stock": 0
        },
        "2020-09-18": {
            "cash": 0.3,
            "stock": 0
        },
        "2021-09-15": {
            "cash": 0.3,
            "stock": 0
        },
        "2022-09-22": {
            "cash": 0.2,
            "stock": 0
        },
        "2023-03-14": {
            "cash": 0.2,
            "stock": 0
        }
    },
    "prices": {
        "200101": "22.44",
        "200102": "25.30",
        "200103": "25.63",
        "200104": "23.97",
        "200105": "18.79",
        "200106": "17.53",
        "200107": "12.90",
        "200108": "11.81",
        "200109": "9.24",
        "200110": "8.13",
        "200111": "9.56",
        "200112": "10.88",
        "200201": "11.37",
        "200202": "11.07",
        "200203": "11.95",
        "200204": "17.28",
        "200205": "15.78",
        "200206": "15.90",
        "200207": "15.93",
        "200208": "12.32",
        "200209": "10.80",
        "200210": "10.14",
        "200211": "12.01",
        "200212": "12.21",
        "200301": "12.40",
        "200302": "12.04",
        "200303": "11.76",
        "200304": "11.48",
        "200305": "10.88",
        "200306": "11.62",
        "200307": "12.46",
        "200308": "11.10",
        "200309": "10.58",
        "200310": "11.03",
        "200311": "11.57",
        "200312": "11.77",
        "200401": "12.16",
        "200402": "12.89",
        "200403": "12.77",
        "200404": "12.59",
        "200405": "11.01",
        "200406": "10.95",
        "200407": "10.66",
        "200408": "10.02",
        "200409": "9.69",
        "200410": "9.73",
        "200411": "9.18",
        "200412": "9.11",
        "200501": "9.29",
        "200502": "9.18",
        "200503": "9.01",
        "200504": "8.87",
        "200505": "8.85",
        "200506": "8.86",
        "200507": "9.04",
        "200508": "8.52",
        "200509": "8.03",
        "200510": "7.91",
        "200511": "7.52",
        "200512": "7.30",
        "200601": "7.24",
        "200602": "7.41",
        "200603": "7.25",
        "200604": "7.27",
        "200605": "7.76",
        "200606": "7.33",
        "200607": "7.20",
        "200608": "7.37",
        "200609": "6.79",
        "200610": "7.12",
        "200611": "7.16",
        "200612": "8.34",
        "200701": "9.93",
        "200702": "21.18",
        "200703": "27.04",
        "200704": "34.81",
        "200705": "24.37",
        "200706": "27.30",
        "200707": "32.03",
        "200708": "31.40",
        "200709": "31.95",
        "200710": "29.23",
        "200711": "21.79",
        "200712": "20.54",
        "200801": "23.11",
        "200802": "22.86",
        "200803": "25.10",
        "200804": "25.01",
        "200805": "22.97",
        "200806": "18.09",
        "200807": "11.37",
        "200808": "12.98",
        "200809": "10.29",
        "200810": "9.38",
        "200811": "7.88",
        "200812": "8.10",
        "200901": "8.23",
        "200902": "7.86",
        "200903": "9.40",
        "200904": "11.50",
        "200905": "12.42",
        "200906": "11.80",
        "200907": "12.32",
        "200908": "12.12",
        "200909": "13.21",
        "200910": "14.44",
        "200911": "14.87",
        "200912": "18.08",
        "201001": "22.08",
        "201002": "18.00",
        "201003": "19.73",
        "201004": "20.95",
        "201005": "18.09",
        "201006": "17.13",
        "201007": "19.06",
        "201008": "24.39",
        "201009": "23.55",
        "201010": "22.10",
        "201011": "19.25",
        "201012": "19.88",
        "201101": "19.59",
        "201102": "18.59",
        "201103": "17.23",
        "201104": "17.76",
        "201105": "17.56",
        "201106": "17.29",
        "201107": "16.53",
        "201108": "14.23",
        "201109": "13.15",
        "201110": "12.54",
        "201111": "12.45",
        "201112": "10.90",
        "201201": "11.36",
        "201202": "13.39",
        "201203": "13.68",
        "201204": "12.71",
        "201205": "11.99",
        "201206": "11.32",
        "201207": "11.09",
        "201208": "11.34",
        "201209": "12.05",
        "201210": "11.22",
        "201211": "10.45",
        "201212": "11.19",
        "201301": "11.36",
        "201302": "11.16",
        "201303": "11.28",
        "201304": "12.90",
        "201305": "13.51",
        "201306": "13.39",
        "201307": "15.08",
        "201308": "15.70",
        "201309": "15.93",
        "201310": "15.33",
        "201311": "14.91",
        "201312": "15.56",
        "201401": "15.71",
        "201402": "15.31",
        "201403": "15.86",
        "201404": "16.59",
        "201405": "16.45",
        "201406": "16.63",
        "201407": "17.09",
        "201408": "16.50",
        "201409": "14.85",
        "201410": "13.55",
        "201411": "13.15",
        "201412": "13.61",
        "201501": "14.32",
        "201502": "14.10",
        "201503": "14.04",
        "201504": "13.40",
        "201505": "12.48",
        "201506": "11.08",
        "201507": "10.62",
        "201508": "10.32",
        "201509": "10.46",
        "201510": "11.18",
        "201511": "11.35",
        "201512": "11.38",
        "201601": "11.01",
        "201602": "11.06",
        "201603": "11.36",
        "201604": "11.24",
        "201605": "10.94",
        "201606": "11.11",
        "201607": "11.42",
        "201608": "12.18",
        "201609": "12.53",
        "201610": "12.96",
        "201611": "13.16",
        "201612": "13.10",
        "201701": "13.14",
        "201702": "13.15",
        "201703": "13.12",
        "201704": "12.51",
        "201705": "12.80",
        "201706": "13.14",
        "201707": "13.12",
        "201708": "13.03",
        "201709": "12.62",
        "201710": "12.91",
        "201711": "12.92",
        "201712": "12.50",
        "201801": "12.55",
        "201802": "12.43",
        "201803": "13.93",
        "201804": "12.81",
        "201805": "12.55",
        "201806": "12.54",
        "201807": "12.17",
        "201808": "11.81",
        "201809": "12.07",
        "201810": "11.34",
        "201811": "10.97",
        "201812": "10.99",
        "201901": "10.84",
        "201902": "10.97",
        "201903": "10.97",
        "201904": "11.02",
        "201905": "10.99",
        "201906": "11.19",
        "201907": "10.96",
        "201908": "10.46",
        "201909": "9.97",
        "201910": "9.94",
        "201911": "9.85",
        "201912": "9.71",
        "202001": "9.68",
        "202002": "9.60",
        "202003": "8.26",
        "202004": "8.18",
        "202005": "9.33",
        "202006": "9.85",
        "202007": "9.76",
        "202008": "10.12",
        "202009": "9.86",
        "202010": "9.84",
        "202011": "9.99",
        "202012": "10.22",
        "202101": "10.23",
        "202102": "10.06",
        "202103": "10.24",
        "202104": "12.12",
        "202105": "10.93",
        "202106": "11.06",
        "202107": "11.62",
        "202108": "10.95",
        "202109": "10.80",
        "202110": "11.04",
        "202111": "11.03",
        "202112": "11.48",
        "202201": "11.55",
        "202202": "11.55",
        "202203": "11.20",
        "202204": "10.78",
        "202205": "10.51",
        "202206": "10.75",
        "202207": "10.54",
        "202208": "11.09",
        "202209": "10.82",
        "202210": "10.42",
        "202211": "10.42",
        "202212": "10.58",
        "202301": "10.98",
        "202302": "11.01",
        "202303": "11.28",
        "202304": "11.44",
        "202305": "11.54"
    },
    "quarters": {
        "20011": {
            "year_quarter": 20011,
            "year": 2001,
            "quarter": 1,
            "eps": 0.3,
            "eps_growth_year": -90.6,
            "eps_4q": 3.69,
            "eps_4q_growth_year": -20.55,
            "roe": 1.74,
            "roe_4q": 1.74,
            "gross_profit": 29320,
            "gross_margin": 13.67,
            "gross_margin_4q_avg": 13.67,
            "net_income": 15751,
            "revenue": 214428,
            "common_shares": 521478,
            "book_valuer_per_share": 17.47,
            "book_valuer_per_share_4q_avg": 17.47,
            "equity": 910818,
            "current_ratio": 251.25,
            "debt_ratio": 29.67,
            "inventory_turnover_ratio": 1.88,
            "account_receivable_turnover_ratio": null,
            "reinvestment_rate": null,
            "research_to_sale_ratio": null,
            "price_fair": 0,
            "eps_avg_yearly": 0,
            "eps_latest_yearly": 0,
            "eps_growth_yearly": 0
        },
        "20012": {
            "year_quarter": 20012,
            "year": 2001,
            "quarter": 2,
            "eps": 0.46,
            "eps_growth_year": 119.05,
            "eps_4q": 3.97,
            "eps_4q_growth_year": -5.39,
            "roe": 2.66,
            "roe_4q": 4.4,
            "gross_profit": 37102,
            "gross_margin": 15.4,
            "gross_margin_4q_avg": 14.54,
            "net_income": 24146,
            "revenue": 240969,
            "common_shares": 521478,
            "book_valuer_per_share": 17.4,
            "book_valuer_per_share_4q_avg": 17.44,
            "equity": 907111,
            "current_ratio": 263.27,
            "debt_ratio": 28.26,
            "inventory_turnover_ratio": 2.03,
            "account_receivable_turnover_ratio": null,
            "reinvestment_rate": null,
            "research_to_sale_ratio": null,
            "price_fair": 0,
            "eps_avg_yearly": 0,
            "eps_latest_yearly": 0,
            "eps_growth_yearly": 0
        },
        "20013": {
            "year_quarter": 20013,
            "year": 2001,
            "quarter": 3,
            "eps": 0.23,
            "eps_growth_year": -92.83,
            "eps_4q": 0.89,
            "eps_4q_growth_year": -86.56,
            "roe": 1.56,
            "roe_4q": 5.960000000000001,
            "gross_profit": 34051,
            "gross_margin": 14.8,
            "gross_margin_4q_avg": 14.62,
            "net_income": 14239,
            "revenue": 230042,
            "common_shares": 625774,
            "book_valuer_per_share": 14.72,
            "book_valuer_per_share_4q_avg": 16.53,
            "equity": 921350,
            "current_ratio": 338.01,
            "debt_ratio": 21.75,
            "inventory_turnover_ratio": 1.98,
            "account_receivable_turnover_ratio": null,
            "reinvestment_rate": null,
            "research_to_sale_ratio": null,
            "price_fair": 0,
            "eps_avg_yearly": 0,
            "eps_latest_yearly": 0,
            "eps_growth_yearly": 0
        },
        "20014": {
            "year_quarter": 20014,
            "year": 2001,
            "quarter": 4,
            "eps": 0.13,
            "eps_growth_year": 550,
            "eps_4q": 0.99,
            "eps_4q_growth_year": -83.85,
            "roe": 0.88,
            "roe_4q": 6.84,
            "gross_profit": 39189,
            "gross_margin": 16.21,
            "gross_margin_4q_avg": 15.02,
            "net_income": 8169,
            "revenue": 241692,
            "common_shares": 625774,
            "book_valuer_per_share": 14.85,
            "book_valuer_per_share_4q_avg": 16.11,
            "equity": 929519,
            "current_ratio": 279.06,
            "debt_ratio": 27.56,
            "inventory_turnover_ratio": 2.06,
            "account_receivable_turnover_ratio": null,
            "reinvestment_rate": null,
            "research_to_sale_ratio": null,
            "price_fair": 0,
            "eps_avg_yearly": 0,
            "eps_latest_yearly": 0,
            "eps_growth_yearly": 0
        },
        "20021": {
            "year_quarter": 20021,
            "year": 2002,
            "quarter": 1,
            "eps": 0.24,
            "eps_growth_year": -20,
            "eps_4q": 0.98,
            "eps_4q_growth_year": -73.43,
            "roe": 1.61,
            "roe_4q": 6.710000000000001,
            "gross_profit": 35524,
            "gross_margin": 15.38,
            "gross_margin_4q_avg": 15.45,
            "net_income": 15071,
            "revenue": 231040,
            "common_shares": 625774,
            "book_valuer_per_share": 15.09,
            "book_valuer_per_share_4q_avg": 15.52,
            "equity": 944590,
            "current_ratio": 263.29,
            "debt_ratio": 29.81,
            "inventory_turnover_ratio": 1.91,
            "account_receivable_turnover_ratio": null,
            "reinvestment_rate": null,
            "research_to_sale_ratio": null,
            "price_fair": 33.6,
            "eps_avg_yearly": 0.96,
            "eps_latest_yearly": 0.96,
            "eps_growth_yearly": 338.46
        },
        "20022": {
            "year_quarter": 20022,
            "year": 2002,
            "quarter": 2,
            "eps": 0.1,
            "eps_growth_year": -78.26,
            "eps_4q": 0.67,
            "eps_4q_growth_year": -83,
            "roe": 0.74,
            "roe_4q": 4.79,
            "gross_profit": 36510,
            "gross_margin": 13.77,
            "gross_margin_4q_avg": 15.04,
            "net_income": 6521,
            "revenue": 265086,
            "common_shares": 625774,
            "book_valuer_per_share": 13.15,
            "book_valuer_per_share_4q_avg": 14.45,
            "equity": 822592,
            "current_ratio": 197.26,
            "debt_ratio": 35.16,
            "inventory_turnover_ratio": 2.1,
            "account_receivable_turnover_ratio": null,
            "reinvestment_rate": null,
            "research_to_sale_ratio": null,
            "price_fair": 23.8,
            "eps_avg_yearly": 0.68,
            "eps_latest_yearly": 0.4,
            "eps_growth_yearly": 52.56
        },
        "20023": {
            "year_quarter": 20023,
            "year": 2002,
            "quarter": 3,
            "eps": 0.32,
            "eps_growth_year": 39.13,
            "eps_4q": 0.79,
            "eps_4q_growth_year": -11.16,
            "roe": 2.42,
            "roe_4q": 5.65,
            "gross_profit": 40461,
            "gross_margin": 15.29,
            "gross_margin_4q_avg": 15.16,
            "net_income": 20180,
            "revenue": 264650,
            "common_shares": 625774,
            "book_valuer_per_share": 13.56,
            "book_valuer_per_share_4q_avg": 14.16,
            "equity": 848506,
            "current_ratio": 270.15,
            "debt_ratio": 24.31,
            "inventory_turnover_ratio": 2.04,
            "account_receivable_turnover_ratio": null,
            "reinvestment_rate": null,
            "research_to_sale_ratio": null,
            "price_fair": 30.8,
            "eps_avg_yearly": 0.88,
            "eps_latest_yearly": 1.28,
            "eps_growth_yearly": 328.38
        },
        "20024": {
            "year_quarter": 20024,
            "year": 2002,
            "quarter": 4,
            "eps": 0.53,
            "eps_growth_year": 307.69,
            "eps_4q": 1.19,
            "eps_4q_growth_year": 20.5,
            "roe": 3.85,
            "roe_4q": 8.62,
            "gross_profit": 45740,
            "gross_margin": 15.27,
            "gross_margin_4q_avg": 14.93,
            "net_income": 33303,
            "revenue": 299559,
            "common_shares": 625774,
            "book_valuer_per_share": 14.08,
            "book_valuer_per_share_4q_avg": 13.97,
            "equity": 881170,
            "current_ratio": 251.06,
            "debt_ratio": 30.68,
            "inventory_turnover_ratio": 2.4,
            "account_receivable_turnover_ratio": null,
            "reinvestment_rate": 6.1,
            "research_to_sale_ratio": null,
            "price_fair": 41.65,
            "eps_avg_yearly": 1.19,
            "eps_latest_yearly": 2.12,
            "eps_growth_yearly": 311.91
        },
        "20031": {
            "year_quarter": 20031,
            "year": 2003,
            "quarter": 1,
            "eps": 0.19,
            "eps_growth_year": -20.83,
            "eps_4q": 1.16,
            "eps_4q_growth_year": 18.52,
            "roe": 1.32,
            "roe_4q": 8.33,
            "gross_profit": 33505,
            "gross_margin": 12.78,
            "gross_margin_4q_avg": 14.28,
            "net_income": 11716,
            "revenue": 262249,
            "common_shares": 625774,
            "book_valuer_per_share": 14.27,
            "book_valuer_per_share_4q_avg": 13.77,
            "equity": 892886,
            "current_ratio": 264.32,
            "debt_ratio": 26.24,
            "inventory_turnover_ratio": 2.07,
            "account_receivable_turnover_ratio": null,
            "reinvestment_rate": 1.62,
            "research_to_sale_ratio": null,
            "price_fair": 38.64,
            "eps_avg_yearly": 1.1,
            "eps_latest_yearly": 0.76,
            "eps_growth_yearly": 198.2
        },
        "20032": {
            "year_quarter": 20032,
            "year": 2003,
            "quarter": 2,
            "eps": 0.34,
            "eps_growth_year": 240,
            "eps_4q": 1.38,
            "eps_4q_growth_year": 104.56,
            "roe": 2.38,
            "roe_4q": 9.97,
            "gross_profit": 43330,
            "gross_margin": 15.46,
            "gross_margin_4q_avg": 14.7,
            "net_income": 21310,
            "revenue": 280319,
            "common_shares": 625774,
            "book_valuer_per_share": 14.33,
            "book_valuer_per_share_4q_avg": 14.06,
            "equity": 897046,
            "current_ratio": 268.42,
            "debt_ratio": 25.96,
            "inventory_turnover_ratio": 2.02,
            "account_receivable_turnover_ratio": null,
            "reinvestment_rate": 1.11,
            "research_to_sale_ratio": null,
            "price_fair": 40.13,
            "eps_avg_yearly": 1.15,
            "eps_latest_yearly": 1.36,
            "eps_growth_yearly": 217.8
        },
        "20033": {
            "year_quarter": 20033,
            "year": 2003,
            "quarter": 3,
            "eps": 0.35,
            "eps_growth_year": 9.38,
            "eps_4q": 1.31,
            "eps_4q_growth_year": 65.08,
            "roe": 2.67,
            "roe_4q": 10.22,
            "gross_profit": 49148,
            "gross_margin": 17.46,
            "gross_margin_4q_avg": 15.24,
            "net_income": 24250,
            "revenue": 281522,
            "common_shares": 694608,
            "book_valuer_per_share": 13.23,
            "book_valuer_per_share_4q_avg": 13.98,
            "equity": 918931,
            "current_ratio": 310.95,
            "debt_ratio": 22.44,
            "inventory_turnover_ratio": 1.87,
            "account_receivable_turnover_ratio": null,
            "reinvestment_rate": -0.12,
            "research_to_sale_ratio": null,
            "price_fair": 41.4,
            "eps_avg_yearly": 1.18,
            "eps_latest_yearly": 1.4,
            "eps_growth_yearly": 188.37
        },
        "20034": {
            "year_quarter": 20034,
            "year": 2003,
            "quarter": 4,
            "eps": 0.14,
            "eps_growth_year": -73.58,
            "eps_4q": 0.98,
            "eps_4q_growth_year": -17.84,
            "roe": 1.03,
            "roe_4q": 7.4,
            "gross_profit": 39971,
            "gross_margin": 14.2,
            "gross_margin_4q_avg": 14.98,
            "net_income": 9527,
            "revenue": 281438,
            "common_shares": 694608,
            "book_valuer_per_share": 13.34,
            "book_valuer_per_share_4q_avg": 13.79,
            "equity": 926723,
            "current_ratio": 273.12,
            "debt_ratio": 26.96,
            "inventory_turnover_ratio": 1.84,
            "account_receivable_turnover_ratio": null,
            "reinvestment_rate": 15.13,
            "research_to_sale_ratio": null,
            "price_fair": 38.68,
            "eps_avg_yearly": 1.11,
            "eps_latest_yearly": 0.56,
            "eps_growth_yearly": 134.82
        },
        "20041": {
            "year_quarter": 20041,
            "year": 2004,
            "quarter": 1,
            "eps": 0.07,
            "eps_growth_year": -63.16,
            "eps_4q": 0.87,
            "eps_4q_growth_year": -25.31,
            "roe": 0.52,
            "roe_4q": 6.6,
            "gross_profit": 43342,
            "gross_margin": 15.69,
            "gross_margin_4q_avg": 15.7,
            "net_income": 4828,
            "revenue": 276164,
            "common_shares": 694608,
            "book_valuer_per_share": 13.4,
            "book_valuer_per_share_4q_avg": 13.58,
            "equity": 931029,
            "current_ratio": 270.24,
            "debt_ratio": 25.28,
            "inventory_turnover_ratio": 1.6,
            "account_receivable_turnover_ratio": null,
            "reinvestment_rate": -10.41,
            "research_to_sale_ratio": null,
            "price_fair": 35.47,
            "eps_avg_yearly": 1.01,
            "eps_latest_yearly": 0.28,
            "eps_growth_yearly": 97.62
        },
        "20042": {
            "year_quarter": 20042,
            "year": 2004,
            "quarter": 2,
            "eps": 0.03,
            "eps_growth_year": -91.18,
            "eps_4q": 0.52,
            "eps_4q_growth_year": -61.98,
            "roe": 0.26,
            "roe_4q": 4.48,
            "gross_profit": 32904,
            "gross_margin": 12.91,
            "gross_margin_4q_avg": 15.07,
            "net_income": 2341,
            "revenue": 254941,
            "common_shares": 694608,
            "book_valuer_per_share": 12.87,
            "book_valuer_per_share_4q_avg": 13.21,
            "equity": 894262,
            "current_ratio": 300.73,
            "debt_ratio": 23.38,
            "inventory_turnover_ratio": 1.44,
            "account_receivable_turnover_ratio": null,
            "reinvestment_rate": -11.17,
            "research_to_sale_ratio": null,
            "price_fair": 32.34,
            "eps_avg_yearly": 0.92,
            "eps_latest_yearly": 0.12,
            "eps_growth_yearly": 65
        },
        "20043": {
            "year_quarter": 20043,
            "year": 2004,
            "quarter": 3,
            "eps": -0.03,
            "eps_growth_year": -108.57,
            "eps_4q": 0.2,
            "eps_4q_growth_year": -85,
            "roe": -0.27,
            "roe_4q": 1.54,
            "gross_profit": 28441,
            "gross_margin": 9.48,
            "gross_margin_4q_avg": 13.07,
            "net_income": -2390,
            "revenue": 300012,
            "common_shares": 729339,
            "book_valuer_per_share": 12.24,
            "book_valuer_per_share_4q_avg": 12.96,
            "equity": 892822,
            "current_ratio": 276.44,
            "debt_ratio": 25.69,
            "inventory_turnover_ratio": 1.81,
            "account_receivable_turnover_ratio": null,
            "reinvestment_rate": -22.74,
            "research_to_sale_ratio": null,
            "price_fair": 32.34,
            "eps_avg_yearly": 0.92,
            "eps_latest_yearly": 0.12,
            "eps_growth_yearly": 65
        },
        "20044": {
            "year_quarter": 20044,
            "year": 2004,
            "quarter": 4,
            "eps": 0.33,
            "eps_growth_year": 135.71,
            "eps_4q": 0.4,
            "eps_4q_growth_year": -59.7,
            "roe": 2.67,
            "roe_4q": 3.18,
            "gross_profit": 59403,
            "gross_margin": 20.14,
            "gross_margin_4q_avg": 14.56,
            "net_income": 24035,
            "revenue": 294954,
            "common_shares": 729339,
            "book_valuer_per_share": 12.49,
            "book_valuer_per_share_4q_avg": 12.75,
            "equity": 910598,
            "current_ratio": 226.02,
            "debt_ratio": 30.46,
            "inventory_turnover_ratio": 1.36,
            "account_receivable_turnover_ratio": null,
            "reinvestment_rate": 39.4,
            "research_to_sale_ratio": null,
            "price_fair": 32.34,
            "eps_avg_yearly": 0.92,
            "eps_latest_yearly": 0.12,
            "eps_growth_yearly": 65
        },
        "20051": {
            "year_quarter": 20051,
            "year": 2005,
            "quarter": 1,
            "eps": 0.14,
            "eps_growth_year": 100,
            "eps_4q": 0.48,
            "eps_4q_growth_year": -45.04,
            "roe": 1.09,
            "roe_4q": 3.75,
            "gross_profit": 48124,
            "gross_margin": 18.06,
            "gross_margin_4q_avg": 15.15,
            "net_income": 9951,
            "revenue": 266461,
            "common_shares": 729339,
            "book_valuer_per_share": 12.62,
            "book_valuer_per_share_4q_avg": 12.56,
            "equity": 920197,
            "current_ratio": 322.94,
            "debt_ratio": 22.91,
            "inventory_turnover_ratio": 1.19,
            "account_receivable_turnover_ratio": null,
            "reinvestment_rate": -26.06,
            "research_to_sale_ratio": null,
            "price_fair": 31.18,
            "eps_avg_yearly": 0.89,
            "eps_latest_yearly": 0.56,
            "eps_growth_yearly": 38.15
        },
        "20052": {
            "year_quarter": 20052,
            "year": 2005,
            "quarter": 2,
            "eps": -0.04,
            "eps_growth_year": -233.33,
            "eps_4q": 0.39,
            "eps_4q_growth_year": -25.75,
            "roe": -0.36,
            "roe_4q": 3.13,
            "gross_profit": 34020,
            "gross_margin": 11.27,
            "gross_margin_4q_avg": 14.74,
            "net_income": -3182,
            "revenue": 301809,
            "common_shares": 729339,
            "book_valuer_per_share": 11.96,
            "book_valuer_per_share_4q_avg": 12.33,
            "equity": 872077,
            "current_ratio": 248.53,
            "debt_ratio": 28.95,
            "inventory_turnover_ratio": 1.72,
            "account_receivable_turnover_ratio": null,
            "reinvestment_rate": -25.76,
            "research_to_sale_ratio": null,
            "price_fair": 31.18,
            "eps_avg_yearly": 0.89,
            "eps_latest_yearly": 0.56,
            "eps_growth_yearly": 38.15
        },
        "20053": {
            "year_quarter": 20053,
            "year": 2005,
            "quarter": 3,
            "eps": 0.17,
            "eps_growth_year": null,
            "eps_4q": 0.58,
            "eps_4q_growth_year": 197.86,
            "roe": 1.43,
            "roe_4q": 4.83,
            "gross_profit": 45828,
            "gross_margin": 15.17,
            "gross_margin_4q_avg": 16.16,
            "net_income": 12641,
            "revenue": 302052,
            "common_shares": 729339,
            "book_valuer_per_share": 12.27,
            "book_valuer_per_share_4q_avg": 12.34,
            "equity": 894657,
            "current_ratio": 259.21,
            "debt_ratio": 27.6,
            "inventory_turnover_ratio": 1.75,
            "account_receivable_turnover_ratio": null,
            "reinvestment_rate": -26.46,
            "research_to_sale_ratio": null,
            "price_fair": 31.18,
            "eps_avg_yearly": 0.89,
            "eps_latest_yearly": 0.56,
            "eps_growth_yearly": 38.15
        },
        "20054": {
            "year_quarter": 20054,
            "year": 2005,
            "quarter": 4,
            "eps": 0.24,
            "eps_growth_year": -27.27,
            "eps_4q": 0.51,
            "eps_4q_growth_year": 28.76,
            "roe": 1.92,
            "roe_4q": 4.08,
            "gross_profit": 51010,
            "gross_margin": 16.97,
            "gross_margin_4q_avg": 15.37,
            "net_income": 17292,
            "revenue": 300587,
            "common_shares": 729339,
            "book_valuer_per_share": 12.49,
            "book_valuer_per_share_4q_avg": 12.34,
            "equity": 910787,
            "current_ratio": 209.92,
            "debt_ratio": 32.71,
            "inventory_turnover_ratio": 1.41,
            "account_receivable_turnover_ratio": null,
            "reinvestment_rate": 64.08,
            "research_to_sale_ratio": null,
            "price_fair": 31.38,
            "eps_avg_yearly": 0.9,
            "eps_latest_yearly": 0.96,
            "eps_growth_yearly": 48.7
        },
        "20061": {
            "year_quarter": 20061,
            "year": 2006,
            "quarter": 1,
            "eps": -0.16,
            "eps_growth_year": -214.29,
            "eps_4q": 0.21,
            "eps_4q_growth_year": -56.08,
            "roe": -1.28,
            "roe_4q": 1.71,
            "gross_profit": 16416,
            "gross_margin": 6.94,
            "gross_margin_4q_avg": 12.59,
            "net_income": -11577,
            "revenue": 236702,
            "common_shares": 729339,
            "book_valuer_per_share": 12.34,
            "book_valuer_per_share_4q_avg": 12.27,
            "equity": 899967,
            "current_ratio": 330.12,
            "debt_ratio": 20.56,
            "inventory_turnover_ratio": 1.21,
            "account_receivable_turnover_ratio": null,
            "reinvestment_rate": -22.43,
            "research_to_sale_ratio": null,
            "price_fair": 28.83,
            "eps_avg_yearly": 0.89,
            "eps_latest_yearly": 0.96,
            "eps_growth_yearly": 22.36
        },
        "20062": {
            "year_quarter": 20062,
            "year": 2006,
            "quarter": 2,
            "eps": 0.08,
            "eps_growth_year": null,
            "eps_4q": 0.34,
            "eps_4q_growth_year": -14,
            "roe": 0.64,
            "roe_4q": 2.71,
            "gross_profit": 37267,
            "gross_margin": 13.31,
            "gross_margin_4q_avg": 13.1,
            "net_income": 5758,
            "revenue": 279955,
            "common_shares": 729339,
            "book_valuer_per_share": 12.17,
            "book_valuer_per_share_4q_avg": 12.32,
            "equity": 887740,
            "current_ratio": 217.8,
            "debt_ratio": 28.58,
            "inventory_turnover_ratio": 1.46,
            "account_receivable_turnover_ratio": null,
            "reinvestment_rate": -16.96,
            "research_to_sale_ratio": null,
            "price_fair": 32.9,
            "eps_avg_yearly": 0.94,
            "eps_latest_yearly": 0.96,
            "eps_growth_yearly": 47.93
        },
        "20063": {
            "year_quarter": 20063,
            "year": 2006,
            "quarter": 3,
            "eps": 0.08,
            "eps_growth_year": -52.94,
            "eps_4q": 0.24,
            "eps_4q_growth_year": -59.58,
            "roe": 0.66,
            "roe_4q": 1.94,
            "gross_profit": 39516,
            "gross_margin": 12.13,
            "gross_margin_4q_avg": 12.34,
            "net_income": 5877,
            "revenue": 325705,
            "common_shares": 751219,
            "book_valuer_per_share": 11.95,
            "book_valuer_per_share_4q_avg": 12.24,
            "equity": 898046,
            "current_ratio": 211.55,
            "debt_ratio": 28.02,
            "inventory_turnover_ratio": 1.59,
            "account_receivable_turnover_ratio": null,
            "reinvestment_rate": 3.85,
            "research_to_sale_ratio": null,
            "price_fair": 2.53,
            "eps_avg_yearly": 0.84,
            "eps_latest_yearly": 0.32,
            "eps_growth_yearly": -40.07
        },
        "20064": {
            "year_quarter": 20064,
            "year": 2006,
            "quarter": 4,
            "eps": -0.15,
            "eps_growth_year": -162.5,
            "eps_4q": -0.14,
            "eps_4q_growth_year": -127.48,
            "roe": -1.23,
            "roe_4q": -1.21,
            "gross_profit": 28030,
            "gross_margin": 9,
            "gross_margin_4q_avg": 10.35,
            "net_income": -11005,
            "revenue": 311376,
            "common_shares": 751219,
            "book_valuer_per_share": 11.9,
            "book_valuer_per_share_4q_avg": 12.09,
            "equity": 893766,
            "current_ratio": 211.7,
            "debt_ratio": 28.38,
            "inventory_turnover_ratio": 1.48,
            "account_receivable_turnover_ratio": null,
            "reinvestment_rate": 162.51,
            "research_to_sale_ratio": null,
            "price_fair": 2.11,
            "eps_avg_yearly": 0.7,
            "eps_latest_yearly": 0.32,
            "eps_growth_yearly": -73.69
        },
        "20071": {
            "year_quarter": 20071,
            "year": 2007,
            "quarter": 1,
            "eps": -0.06,
            "eps_growth_year": null,
            "eps_4q": -0.05,
            "eps_4q_growth_year": -124.54,
            "roe": -0.5,
            "roe_4q": -0.4299999999999998,
            "gross_profit": 17207,
            "gross_margin": 6.47,
            "gross_margin_4q_avg": 10.23,
            "net_income": -4429,
            "revenue": 265934,
            "common_shares": 751219,
            "book_valuer_per_share": 11.92,
            "book_valuer_per_share_4q_avg": 11.99,
            "equity": 895474,
            "current_ratio": 219.84,
            "debt_ratio": 23.08,
            "inventory_turnover_ratio": 1.47,
            "account_receivable_turnover_ratio": null,
            "reinvestment_rate": 19.54,
            "research_to_sale_ratio": null,
            "price_fair": 2.09,
            "eps_avg_yearly": 0.7,
            "eps_latest_yearly": 0.32,
            "eps_growth_yearly": -50.83
        },
        "20072": {
            "year_quarter": 20072,
            "year": 2007,
            "quarter": 2,
            "eps": -0.15,
            "eps_growth_year": -287.5,
            "eps_4q": -0.28,
            "eps_4q_growth_year": -182.18,
            "roe": -1.26,
            "roe_4q": -2.33,
            "gross_profit": 25134,
            "gross_margin": 7.98,
            "gross_margin_4q_avg": 8.9,
            "net_income": -11127,
            "revenue": 314771,
            "common_shares": 751219,
            "book_valuer_per_share": 11.68,
            "book_valuer_per_share_4q_avg": 11.86,
            "equity": 877512,
            "current_ratio": 212.88,
            "debt_ratio": 24.09,
            "inventory_turnover_ratio": 1.9,
            "account_receivable_turnover_ratio": null,
            "reinvestment_rate": 24.51,
            "research_to_sale_ratio": null,
            "price_fair": 1.8,
            "eps_avg_yearly": 0.6,
            "eps_latest_yearly": 0.32,
            "eps_growth_yearly": -103.2
        },
        "20073": {
            "year_quarter": 20073,
            "year": 2007,
            "quarter": 3,
            "eps": -0.08,
            "eps_growth_year": -200,
            "eps_4q": -0.43,
            "eps_4q_growth_year": -281.94,
            "roe": -0.65,
            "roe_4q": -3.64,
            "gross_profit": 32587,
            "gross_margin": 10.4,
            "gross_margin_4q_avg": 8.46,
            "net_income": -5719,
            "revenue": 313427,
            "common_shares": 751219,
            "book_valuer_per_share": 11.62,
            "book_valuer_per_share_4q_avg": 11.78,
            "equity": 873280,
            "current_ratio": 213.77,
            "debt_ratio": 23.87,
            "inventory_turnover_ratio": 1.72,
            "account_receivable_turnover_ratio": null,
            "reinvestment_rate": 35.02,
            "research_to_sale_ratio": null,
            "price_fair": 1.4,
            "eps_avg_yearly": 0.47,
            "eps_latest_yearly": 0.32,
            "eps_growth_yearly": -122.36
        },
        "20074": {
            "year_quarter": 20074,
            "year": 2007,
            "quarter": 4,
            "eps": -0.17,
            "eps_growth_year": null,
            "eps_4q": -0.45,
            "eps_4q_growth_year": null,
            "roe": -1.44,
            "roe_4q": -3.8499999999999996,
            "gross_profit": 46235,
            "gross_margin": 13.37,
            "gross_margin_4q_avg": 9.56,
            "net_income": -12509,
            "revenue": 345786,
            "common_shares": 751219,
            "book_valuer_per_share": 11.54,
            "book_valuer_per_share_4q_avg": 11.69,
            "equity": 866778,
            "current_ratio": 224.04,
            "debt_ratio": 26.67,
            "inventory_turnover_ratio": 1.57,
            "account_receivable_turnover_ratio": null,
            "reinvestment_rate": 575.52,
            "research_to_sale_ratio": null,
            "price_fair": 1.34,
            "eps_avg_yearly": 0.45,
            "eps_latest_yearly": 0.32,
            "eps_growth_yearly": -98.83
        },
        "20081": {
            "year_quarter": 20081,
            "year": 2008,
            "quarter": 1,
            "eps": 0.01,
            "eps_growth_year": null,
            "eps_4q": -0.25,
            "eps_4q_growth_year": null,
            "roe": 0.13,
            "roe_4q": -3.2199999999999998,
            "gross_profit": 43678,
            "gross_margin": 14.43,
            "gross_margin_4q_avg": 11.55,
            "net_income": 1128,
            "revenue": 302774,
            "common_shares": 751219,
            "book_valuer_per_share": 11.47,
            "book_valuer_per_share_4q_avg": 11.58,
            "equity": 861754,
            "current_ratio": 230.05,
            "debt_ratio": 26.46,
            "inventory_turnover_ratio": 1.12,
            "account_receivable_turnover_ratio": null,
            "reinvestment_rate": 1266.18,
            "research_to_sale_ratio": null,
            "price_fair": 1.47,
            "eps_avg_yearly": 0.49,
            "eps_latest_yearly": 0.32,
            "eps_growth_yearly": -73.54
        },
        "20082": {
            "year_quarter": 20082,
            "year": 2008,
            "quarter": 2,
            "eps": 0.09,
            "eps_growth_year": null,
            "eps_4q": -0.14,
            "eps_4q_growth_year": null,
            "roe": 0.76,
            "roe_4q": -1.2,
            "gross_profit": 49312,
            "gross_margin": 14.24,
            "gross_margin_4q_avg": 13.11,
            "net_income": 6597,
            "revenue": 346399,
            "common_shares": 751219,
            "book_valuer_per_share": 11.56,
            "book_valuer_per_share_4q_avg": 11.55,
            "equity": 868366,
            "current_ratio": 212.41,
            "debt_ratio": 29.88,
            "inventory_turnover_ratio": 1.18,
            "account_receivable_turnover_ratio": null,
            "reinvestment_rate": 1010.79,
            "research_to_sale_ratio": null,
            "price_fair": 19.25,
            "eps_avg_yearly": 0.55,
            "eps_latest_yearly": 0.36,
            "eps_growth_yearly": 783.6
        },
        "20083": {
            "year_quarter": 20083,
            "year": 2008,
            "quarter": 3,
            "eps": 0.21,
            "eps_growth_year": null,
            "eps_4q": 0.15,
            "eps_4q_growth_year": null,
            "roe": 1.79,
            "roe_4q": 1.2399999999999998,
            "gross_profit": 58058,
            "gross_margin": 15.58,
            "gross_margin_4q_avg": 14.41,
            "net_income": 15874,
            "revenue": 372749,
            "common_shares": 751219,
            "book_valuer_per_share": 12,
            "book_valuer_per_share_4q_avg": 11.64,
            "equity": 901778,
            "current_ratio": 262.82,
            "debt_ratio": 23.87,
            "inventory_turnover_ratio": 1.22,
            "account_receivable_turnover_ratio": null,
            "reinvestment_rate": 581.55,
            "research_to_sale_ratio": null,
            "price_fair": 21.28,
            "eps_avg_yearly": 0.61,
            "eps_latest_yearly": 0.84,
            "eps_growth_yearly": 733.55
        },
        "20084": {
            "year_quarter": 20084,
            "year": 2008,
            "quarter": 4,
            "eps": 0.17,
            "eps_growth_year": null,
            "eps_4q": 0.48,
            "eps_4q_growth_year": null,
            "roe": 1.41,
            "roe_4q": 4.09,
            "gross_profit": 62929,
            "gross_margin": 19.18,
            "gross_margin_4q_avg": 15.86,
            "net_income": 12805,
            "revenue": 328084,
            "common_shares": 751219,
            "book_valuer_per_share": 12.25,
            "book_valuer_per_share_4q_avg": 11.82,
            "equity": 920146,
            "current_ratio": 274.73,
            "debt_ratio": 22.75,
            "inventory_turnover_ratio": 1.23,
            "account_receivable_turnover_ratio": 3.65,
            "reinvestment_rate": 342.16,
            "research_to_sale_ratio": null,
            "price_fair": 21.7,
            "eps_avg_yearly": 0.62,
            "eps_latest_yearly": 0.68,
            "eps_growth_yearly": 598.59
        },
        "20091": {
            "year_quarter": 20091,
            "year": 2009,
            "quarter": 1,
            "eps": 0.17,
            "eps_growth_year": 1600,
            "eps_4q": 0.65,
            "eps_4q_growth_year": null,
            "roe": 1.33,
            "roe_4q": 5.29,
            "gross_profit": 53368,
            "gross_margin": 21.23,
            "gross_margin_4q_avg": 17.56,
            "net_income": 12372,
            "revenue": 251324,
            "common_shares": 751219,
            "book_valuer_per_share": 12.49,
            "book_valuer_per_share_4q_avg": 12.08,
            "equity": 938486,
            "current_ratio": 317.24,
            "debt_ratio": 20.14,
            "inventory_turnover_ratio": 1.16,
            "account_receivable_turnover_ratio": 1.43,
            "reinvestment_rate": 796.15,
            "research_to_sale_ratio": null,
            "price_fair": 22.4,
            "eps_avg_yearly": 0.64,
            "eps_latest_yearly": 0.68,
            "eps_growth_yearly": 636.97
        },
        "20092": {
            "year_quarter": 20092,
            "year": 2009,
            "quarter": 2,
            "eps": 0.08,
            "eps_growth_year": -11.11,
            "eps_4q": 0.65,
            "eps_4q_growth_year": null,
            "roe": 0.61,
            "roe_4q": 5.14,
            "gross_profit": 63188,
            "gross_margin": 21.97,
            "gross_margin_4q_avg": 19.49,
            "net_income": 5719,
            "revenue": 287553,
            "common_shares": 751219,
            "book_valuer_per_share": 12.34,
            "book_valuer_per_share_4q_avg": 12.27,
            "equity": 927020,
            "current_ratio": 257.93,
            "debt_ratio": 25.61,
            "inventory_turnover_ratio": 1.28,
            "account_receivable_turnover_ratio": 1.68,
            "reinvestment_rate": 572.19,
            "research_to_sale_ratio": null,
            "price_fair": 20.8,
            "eps_avg_yearly": 0.59,
            "eps_latest_yearly": 0.32,
            "eps_growth_yearly": 515.73
        },
        "20093": {
            "year_quarter": 20093,
            "year": 2009,
            "quarter": 3,
            "eps": 0.43,
            "eps_growth_year": 104.76,
            "eps_4q": 0.84,
            "eps_4q_growth_year": 473.87,
            "roe": 3.43,
            "roe_4q": 6.78,
            "gross_profit": 95792,
            "gross_margin": 24.62,
            "gross_margin_4q_avg": 21.75,
            "net_income": 32251,
            "revenue": 389087,
            "common_shares": 751219,
            "book_valuer_per_share": 12.68,
            "book_valuer_per_share_4q_avg": 12.44,
            "equity": 952401,
            "current_ratio": 263.67,
            "debt_ratio": 25.98,
            "inventory_turnover_ratio": 1.59,
            "account_receivable_turnover_ratio": 1.89,
            "reinvestment_rate": 367.79,
            "research_to_sale_ratio": null,
            "price_fair": 25.73,
            "eps_avg_yearly": 0.74,
            "eps_latest_yearly": 1.72,
            "eps_growth_yearly": 670.01
        },
        "20094": {
            "year_quarter": 20094,
            "year": 2009,
            "quarter": 4,
            "eps": 0.4,
            "eps_growth_year": 135.29,
            "eps_4q": 1.07,
            "eps_4q_growth_year": 122.42,
            "roe": 3.13,
            "roe_4q": 8.5,
            "gross_profit": 90516,
            "gross_margin": 23.5,
            "gross_margin_4q_avg": 22.83,
            "net_income": 30412,
            "revenue": 385247,
            "common_shares": 751219,
            "book_valuer_per_share": 13.19,
            "book_valuer_per_share_4q_avg": 12.68,
            "equity": 991193,
            "current_ratio": 250.99,
            "debt_ratio": 28.22,
            "inventory_turnover_ratio": 1.44,
            "account_receivable_turnover_ratio": 3.5,
            "reinvestment_rate": 456.88,
            "research_to_sale_ratio": null,
            "price_fair": 28.53,
            "eps_avg_yearly": 0.82,
            "eps_latest_yearly": 1.6,
            "eps_growth_yearly": 645.93
        },
        "20101": {
            "year_quarter": 20101,
            "year": 2010,
            "quarter": 1,
            "eps": 0.23,
            "eps_growth_year": 35.29,
            "eps_4q": 1.14,
            "eps_4q_growth_year": 73.97,
            "roe": 1.73,
            "roe_4q": 8.899999999999999,
            "gross_profit": 71819,
            "gross_margin": 21.5,
            "gross_margin_4q_avg": 22.9,
            "net_income": 17185,
            "revenue": 333975,
            "common_shares": 751219,
            "book_valuer_per_share": 13.28,
            "book_valuer_per_share_4q_avg": 12.87,
            "equity": 997704,
            "current_ratio": 279.78,
            "debt_ratio": 25.65,
            "inventory_turnover_ratio": 1.09,
            "account_receivable_turnover_ratio": 1.64,
            "reinvestment_rate": 473.4,
            "research_to_sale_ratio": 1.71,
            "price_fair": 28.93,
            "eps_avg_yearly": 0.83,
            "eps_latest_yearly": 0.92,
            "eps_growth_yearly": 555.27
        },
        "20102": {
            "year_quarter": 20102,
            "year": 2010,
            "quarter": 2,
            "eps": 0.12,
            "eps_growth_year": 50.5,
            "eps_4q": 1.18,
            "eps_4q_growth_year": 80.87,
            "roe": 0.92,
            "roe_4q": 9.209999999999999,
            "gross_profit": 61607,
            "gross_margin": 18.72,
            "gross_margin_4q_avg": 22.09,
            "net_income": 9045,
            "revenue": 329066,
            "common_shares": 751219,
            "book_valuer_per_share": 12.93,
            "book_valuer_per_share_4q_avg": 13.02,
            "equity": 971198,
            "current_ratio": 269.69,
            "debt_ratio": 26.19,
            "inventory_turnover_ratio": 1.04,
            "account_receivable_turnover_ratio": 1.63,
            "reinvestment_rate": 463.66,
            "research_to_sale_ratio": 2.12,
            "price_fair": 27.72,
            "eps_avg_yearly": 0.79,
            "eps_latest_yearly": 0.48,
            "eps_growth_yearly": 480.62
        },
        "20103": {
            "year_quarter": 20103,
            "year": 2010,
            "quarter": 3,
            "eps": 0.34,
            "eps_growth_year": -20.36,
            "eps_4q": 1.1,
            "eps_4q_growth_year": 30.23,
            "roe": 2.62,
            "roe_4q": 8.399999999999999,
            "gross_profit": 80132,
            "gross_margin": 20.84,
            "gross_margin_4q_avg": 21.14,
            "net_income": 25725,
            "revenue": 384494,
            "common_shares": 751219,
            "book_valuer_per_share": 13.21,
            "book_valuer_per_share_4q_avg": 13.15,
            "equity": 992700,
            "current_ratio": 252.89,
            "debt_ratio": 28.45,
            "inventory_turnover_ratio": 1.17,
            "account_receivable_turnover_ratio": 1.73,
            "reinvestment_rate": 354.35,
            "research_to_sale_ratio": 1.61,
            "price_fair": 31.36,
            "eps_avg_yearly": 0.9,
            "eps_latest_yearly": 1.36,
            "eps_growth_yearly": 553.95
        },
        "20104": {
            "year_quarter": 20104,
            "year": 2010,
            "quarter": 4,
            "eps": 0.11,
            "eps_growth_year": -72.18,
            "eps_4q": 0.8,
            "eps_4q_growth_year": -25.31,
            "roe": 0.85,
            "roe_4q": 6.120000000000001,
            "gross_profit": 72621,
            "gross_margin": 19.51,
            "gross_margin_4q_avg": 20.14,
            "net_income": 8359,
            "revenue": 372315,
            "common_shares": 751219,
            "book_valuer_per_share": 13.11,
            "book_valuer_per_share_4q_avg": 13.13,
            "equity": 984554,
            "current_ratio": 273.82,
            "debt_ratio": 26.37,
            "inventory_turnover_ratio": 1.12,
            "account_receivable_turnover_ratio": 1.58,
            "reinvestment_rate": 148.44,
            "research_to_sale_ratio": 2.94,
            "price_fair": 29.91,
            "eps_avg_yearly": 0.85,
            "eps_latest_yearly": 0.44,
            "eps_growth_yearly": 478.99
        },
        "20111": {
            "year_quarter": 20111,
            "year": 2011,
            "quarter": 1,
            "eps": 0.22,
            "eps_growth_year": -4.35,
            "eps_4q": 0.79,
            "eps_4q_growth_year": -30.54,
            "roe": 1.64,
            "roe_4q": 6.029999999999999,
            "gross_profit": 68910,
            "gross_margin": 18.27,
            "gross_margin_4q_avg": 19.34,
            "net_income": 16303,
            "revenue": 377087,
            "common_shares": 751219,
            "book_valuer_per_share": 13.38,
            "book_valuer_per_share_4q_avg": 13.16,
            "equity": 1005298,
            "current_ratio": 258.65,
            "debt_ratio": 28.41,
            "inventory_turnover_ratio": 1.01,
            "account_receivable_turnover_ratio": 1.66,
            "reinvestment_rate": 246.25,
            "research_to_sale_ratio": 1.82,
            "price_fair": 29.98,
            "eps_avg_yearly": 0.86,
            "eps_latest_yearly": 0.88,
            "eps_growth_yearly": 472.41
        },
        "20112": {
            "year_quarter": 20112,
            "year": 2011,
            "quarter": 2,
            "eps": 0.26,
            "eps_growth_year": 112.21,
            "eps_4q": 0.93,
            "eps_4q_growth_year": -21.72,
            "roe": 1.92,
            "roe_4q": 7.029999999999999,
            "gross_profit": 76206,
            "gross_margin": 18.4,
            "gross_margin_4q_avg": 19.26,
            "net_income": 19194,
            "revenue": 414187,
            "common_shares": 751219,
            "book_valuer_per_share": 13.2,
            "book_valuer_per_share_4q_avg": 13.23,
            "equity": 991568,
            "current_ratio": 258.92,
            "debt_ratio": 28.37,
            "inventory_turnover_ratio": 1,
            "account_receivable_turnover_ratio": 1.89,
            "reinvestment_rate": 208.19,
            "research_to_sale_ratio": 1.83,
            "price_fair": 30.48,
            "eps_avg_yearly": 0.87,
            "eps_latest_yearly": 1.04,
            "eps_growth_yearly": 441.66
        },
        "20113": {
            "year_quarter": 20113,
            "year": 2011,
            "quarter": 3,
            "eps": 0.42,
            "eps_growth_year": 23.67,
            "eps_4q": 1.01,
            "eps_4q_growth_year": -8.13,
            "roe": 3.13,
            "roe_4q": 7.539999999999999,
            "gross_profit": 78553,
            "gross_margin": 18.45,
            "gross_margin_4q_avg": 18.66,
            "net_income": 31814,
            "revenue": 425809,
            "common_shares": 751219,
            "book_valuer_per_share": 13.89,
            "book_valuer_per_share_4q_avg": 13.4,
            "equity": 1043375,
            "current_ratio": 276.85,
            "debt_ratio": 27.06,
            "inventory_turnover_ratio": 1.04,
            "account_receivable_turnover_ratio": 1.76,
            "reinvestment_rate": 187.63,
            "research_to_sale_ratio": 1.54,
            "price_fair": 32.5,
            "eps_avg_yearly": 0.93,
            "eps_latest_yearly": 1.68,
            "eps_growth_yearly": 427.7
        },
        "20114": {
            "year_quarter": 20114,
            "year": 2011,
            "quarter": 4,
            "eps": 0.06,
            "eps_growth_year": -48.83,
            "eps_4q": 0.95,
            "eps_4q_growth_year": 18.69,
            "roe": 0.41,
            "roe_4q": 7.1,
            "gross_profit": 62133,
            "gross_margin": 17.99,
            "gross_margin_4q_avg": 18.28,
            "net_income": 4277,
            "revenue": 345401,
            "common_shares": 751219,
            "book_valuer_per_share": 13.9,
            "book_valuer_per_share_4q_avg": 13.59,
            "equity": 1043906,
            "current_ratio": 374.78,
            "debt_ratio": 20.35,
            "inventory_turnover_ratio": 0.96,
            "account_receivable_turnover_ratio": 1.52,
            "reinvestment_rate": 93.39,
            "research_to_sale_ratio": 2.12,
            "price_fair": 30.89,
            "eps_avg_yearly": 0.88,
            "eps_latest_yearly": 0.24,
            "eps_growth_yearly": 376.33
        },
        "20121": {
            "year_quarter": 20121,
            "year": 2012,
            "quarter": 1,
            "eps": 0.05,
            "eps_growth_year": -77.27,
            "eps_4q": 0.79,
            "eps_4q_growth_year": -0.25,
            "roe": 0.38,
            "roe_4q": 5.84,
            "gross_profit": 52281,
            "gross_margin": 16.85,
            "gross_margin_4q_avg": 17.92,
            "net_income": 4000,
            "revenue": 310287,
            "common_shares": 751219,
            "book_valuer_per_share": 13.85,
            "book_valuer_per_share_4q_avg": 13.71,
            "equity": 1040700,
            "current_ratio": 315.85,
            "debt_ratio": 24.27,
            "inventory_turnover_ratio": 0.98,
            "account_receivable_turnover_ratio": 1.59,
            "reinvestment_rate": 86.67,
            "research_to_sale_ratio": 1.98,
            "price_fair": 29.4,
            "eps_avg_yearly": 0.84,
            "eps_latest_yearly": 0.2,
            "eps_growth_yearly": 348.64
        },
        "20122": {
            "year_quarter": 20122,
            "year": 2012,
            "quarter": 2,
            "eps": 0.02,
            "eps_growth_year": -91.2,
            "eps_4q": 0.56,
            "eps_4q_growth_year": -39.95,
            "roe": 0.17,
            "roe_4q": 4.09,
            "gross_profit": 53037,
            "gross_margin": 16.44,
            "gross_margin_4q_avg": 17.43,
            "net_income": 1689,
            "revenue": 322645,
            "common_shares": 751219,
            "book_valuer_per_share": 13.27,
            "book_valuer_per_share_4q_avg": 13.73,
            "equity": 996654,
            "current_ratio": 305.28,
            "debt_ratio": 24.98,
            "inventory_turnover_ratio": 1.08,
            "account_receivable_turnover_ratio": 1.78,
            "reinvestment_rate": 88.24,
            "research_to_sale_ratio": 1.96,
            "price_fair": 28.79,
            "eps_avg_yearly": 0.82,
            "eps_latest_yearly": 0.08,
            "eps_growth_yearly": 133.64
        },
        "20123": {
            "year_quarter": 20123,
            "year": 2012,
            "quarter": 3,
            "eps": 0.21,
            "eps_growth_year": -51.53,
            "eps_4q": 0.34,
            "eps_4q_growth_year": -66.45,
            "roe": 1.54,
            "roe_4q": 2.5,
            "gross_profit": 63566,
            "gross_margin": 17.14,
            "gross_margin_4q_avg": 17.11,
            "net_income": 15419,
            "revenue": 370920,
            "common_shares": 751219,
            "book_valuer_per_share": 13.44,
            "book_valuer_per_share_4q_avg": 13.62,
            "equity": 1009686,
            "current_ratio": 271.06,
            "debt_ratio": 28.55,
            "inventory_turnover_ratio": 1.34,
            "account_receivable_turnover_ratio": 1.79,
            "reinvestment_rate": 79.15,
            "research_to_sale_ratio": 1.63,
            "price_fair": 28.79,
            "eps_avg_yearly": 0.82,
            "eps_latest_yearly": 0.84,
            "eps_growth_yearly": 337.81
        },
        "20124": {
            "year_quarter": 20124,
            "year": 2012,
            "quarter": 4,
            "eps": 0.22,
            "eps_growth_year": 285.01,
            "eps_4q": 0.5,
            "eps_4q_growth_year": -47.51,
            "roe": 1.63,
            "roe_4q": 3.7199999999999998,
            "gross_profit": 71867,
            "gross_margin": 19.93,
            "gross_margin_4q_avg": 17.59,
            "net_income": 16467,
            "revenue": 360672,
            "common_shares": 751219,
            "book_valuer_per_share": 13.51,
            "book_valuer_per_share_4q_avg": 13.52,
            "equity": 1014915,
            "current_ratio": 350.78,
            "debt_ratio": 23.37,
            "inventory_turnover_ratio": 1.35,
            "account_receivable_turnover_ratio": 1.62,
            "reinvestment_rate": 76.12,
            "research_to_sale_ratio": 1.62,
            "price_fair": 29.23,
            "eps_avg_yearly": 0.84,
            "eps_latest_yearly": 0.88,
            "eps_growth_yearly": 343.76
        },
        "20131": {
            "year_quarter": 20131,
            "year": 2013,
            "quarter": 1,
            "eps": 0.19,
            "eps_growth_year": 280,
            "eps_4q": 0.63,
            "eps_4q_growth_year": -19.62,
            "roe": 1.39,
            "roe_4q": 4.7299999999999995,
            "gross_profit": 54682,
            "gross_margin": 14.15,
            "gross_margin_4q_avg": 16.92,
            "net_income": 14079,
            "revenue": 386514,
            "common_shares": 751219,
            "book_valuer_per_share": 13.45,
            "book_valuer_per_share_4q_avg": 13.42,
            "equity": 1010472,
            "current_ratio": 307.42,
            "debt_ratio": 27.83,
            "inventory_turnover_ratio": 1.59,
            "account_receivable_turnover_ratio": 1.74,
            "reinvestment_rate": -36.59,
            "research_to_sale_ratio": 1.76,
            "price_fair": 29.4,
            "eps_avg_yearly": 0.84,
            "eps_latest_yearly": 0.76,
            "eps_growth_yearly": 340.35
        },
        "20132": {
            "year_quarter": 20132,
            "year": 2013,
            "quarter": 2,
            "eps": 0.17,
            "eps_growth_year": 656.13,
            "eps_4q": 0.78,
            "eps_4q_growth_year": 40.16,
            "roe": 1.25,
            "roe_4q": 5.81,
            "gross_profit": 67565,
            "gross_margin": 18.75,
            "gross_margin_4q_avg": 17.49,
            "net_income": 12596,
            "revenue": 360272,
            "common_shares": 751219,
            "book_valuer_per_share": 13.28,
            "book_valuer_per_share_4q_avg": 13.42,
            "equity": 997248,
            "current_ratio": 317.16,
            "debt_ratio": 27.3,
            "inventory_turnover_ratio": 1.36,
            "account_receivable_turnover_ratio": 1.58,
            "reinvestment_rate": -32.77,
            "research_to_sale_ratio": 1.67,
            "price_fair": 30.19,
            "eps_avg_yearly": 0.86,
            "eps_latest_yearly": 0.68,
            "eps_growth_yearly": 350.96
        },
        "20133": {
            "year_quarter": 20133,
            "year": 2013,
            "quarter": 3,
            "eps": 0.1,
            "eps_growth_year": -51.28,
            "eps_4q": 0.68,
            "eps_4q_growth_year": 99.87,
            "roe": 0.76,
            "roe_4q": 5.029999999999999,
            "gross_profit": 57436,
            "gross_margin": 16.82,
            "gross_margin_4q_avg": 17.41,
            "net_income": 7596,
            "revenue": 341525,
            "common_shares": 751219,
            "book_valuer_per_share": 13.34,
            "book_valuer_per_share_4q_avg": 13.4,
            "equity": 1001990,
            "current_ratio": 345.23,
            "debt_ratio": 25.66,
            "inventory_turnover_ratio": 1.32,
            "account_receivable_turnover_ratio": 1.61,
            "reinvestment_rate": -35.66,
            "research_to_sale_ratio": 1.39,
            "price_fair": 27.3,
            "eps_avg_yearly": 0.78,
            "eps_latest_yearly": 0.4,
            "eps_growth_yearly": 231.29
        },
        "20134": {
            "year_quarter": 20134,
            "year": 2013,
            "quarter": 4,
            "eps": 0.12,
            "eps_growth_year": -43.92,
            "eps_4q": 0.58,
            "eps_4q_growth_year": 15.78,
            "roe": 0.91,
            "roe_4q": 4.31,
            "gross_profit": 60162,
            "gross_margin": 15.04,
            "gross_margin_4q_avg": 16.19,
            "net_income": 9234,
            "revenue": 399990,
            "common_shares": 751219,
            "book_valuer_per_share": 13.56,
            "book_valuer_per_share_4q_avg": 13.41,
            "equity": 1018798,
            "current_ratio": 333.98,
            "debt_ratio": 25.84,
            "inventory_turnover_ratio": 1.62,
            "account_receivable_turnover_ratio": 1.78,
            "reinvestment_rate": -167.88,
            "research_to_sale_ratio": 1.52,
            "price_fair": 24.85,
            "eps_avg_yearly": 0.71,
            "eps_latest_yearly": 0.48,
            "eps_growth_yearly": 238.03
        },
        "20141": {
            "year_quarter": 20141,
            "year": 2014,
            "quarter": 1,
            "eps": 0.2,
            "eps_growth_year": 5.26,
            "eps_4q": 0.59,
            "eps_4q_growth_year": -6.46,
            "roe": 1.48,
            "roe_4q": 4.4,
            "gross_profit": 63749,
            "gross_margin": 16.93,
            "gross_margin_4q_avg": 16.89,
            "net_income": 15150,
            "revenue": 376564,
            "common_shares": 751219,
            "book_valuer_per_share": 13.75,
            "book_valuer_per_share_4q_avg": 13.48,
            "equity": 1032877,
            "current_ratio": 344.03,
            "debt_ratio": 24.99,
            "inventory_turnover_ratio": 1.54,
            "account_receivable_turnover_ratio": 1.71,
            "reinvestment_rate": -151.24,
            "research_to_sale_ratio": 1.8,
            "price_fair": 24.59,
            "eps_avg_yearly": 0.7,
            "eps_latest_yearly": 0.8,
            "eps_growth_yearly": 265.32
        },
        "20142": {
            "year_quarter": 20142,
            "year": 2014,
            "quarter": 2,
            "eps": 0.13,
            "eps_growth_year": -23.53,
            "eps_4q": 0.56,
            "eps_4q_growth_year": -28.53,
            "roe": 1,
            "roe_4q": 4.15,
            "gross_profit": 56928,
            "gross_margin": 16.23,
            "gross_margin_4q_avg": 16.26,
            "net_income": 9876,
            "revenue": 350840,
            "common_shares": 751219,
            "book_valuer_per_share": 12.51,
            "book_valuer_per_share_4q_avg": 13.29,
            "equity": 939994,
            "current_ratio": 263.25,
            "debt_ratio": 31.49,
            "inventory_turnover_ratio": 1.37,
            "account_receivable_turnover_ratio": 1.67,
            "reinvestment_rate": -161.52,
            "research_to_sale_ratio": 1.65,
            "price_fair": 24.68,
            "eps_avg_yearly": 0.71,
            "eps_latest_yearly": 0.52,
            "eps_growth_yearly": 268.53
        },
        "20143": {
            "year_quarter": 20143,
            "year": 2014,
            "quarter": 3,
            "eps": 0.15,
            "eps_growth_year": 50,
            "eps_4q": 0.6,
            "eps_4q_growth_year": -10.53,
            "roe": 1.17,
            "roe_4q": 4.56,
            "gross_profit": 60430,
            "gross_margin": 16.39,
            "gross_margin_4q_avg": 16.15,
            "net_income": 11134,
            "revenue": 368756,
            "common_shares": 751219,
            "book_valuer_per_share": 12.75,
            "book_valuer_per_share_4q_avg": 13.14,
            "equity": 958152,
            "current_ratio": 315.09,
            "debt_ratio": 27.12,
            "inventory_turnover_ratio": 1.4,
            "account_receivable_turnover_ratio": 1.75,
            "reinvestment_rate": -173.9,
            "research_to_sale_ratio": 1.56,
            "price_fair": 23.01,
            "eps_avg_yearly": 0.66,
            "eps_latest_yearly": 0.6,
            "eps_growth_yearly": 226.54
        },
        "20144": {
            "year_quarter": 20144,
            "year": 2014,
            "quarter": 4,
            "eps": 0.09,
            "eps_growth_year": -25.35,
            "eps_4q": 0.57,
            "eps_4q_growth_year": -1.04,
            "roe": 0.72,
            "roe_4q": 4.369999999999999,
            "gross_profit": 52478,
            "gross_margin": 14.94,
            "gross_margin_4q_avg": 16.12,
            "net_income": 6893,
            "revenue": 351237,
            "common_shares": 751219,
            "book_valuer_per_share": 12.77,
            "book_valuer_per_share_4q_avg": 12.95,
            "equity": 959654,
            "current_ratio": 333,
            "debt_ratio": 27.14,
            "inventory_turnover_ratio": 1.45,
            "account_receivable_turnover_ratio": 1.73,
            "reinvestment_rate": -161.92,
            "research_to_sale_ratio": 1.73,
            "price_fair": 22.84,
            "eps_avg_yearly": 0.65,
            "eps_latest_yearly": 0.36,
            "eps_growth_yearly": 233.45
        },
        "20151": {
            "year_quarter": 20151,
            "year": 2015,
            "quarter": 1,
            "eps": 0.09,
            "eps_growth_year": -55,
            "eps_4q": 0.46,
            "eps_4q_growth_year": -21.92,
            "roe": 0.72,
            "roe_4q": 3.61,
            "gross_profit": 58772,
            "gross_margin": 18.61,
            "gross_margin_4q_avg": 16.54,
            "net_income": 6902,
            "revenue": 315831,
            "common_shares": 751219,
            "book_valuer_per_share": 12.82,
            "book_valuer_per_share_4q_avg": 12.71,
            "equity": 963047,
            "current_ratio": 349.14,
            "debt_ratio": 26.41,
            "inventory_turnover_ratio": 1.33,
            "account_receivable_turnover_ratio": 1.63,
            "reinvestment_rate": -171.58,
            "research_to_sale_ratio": 2.21,
            "price_fair": 21.7,
            "eps_avg_yearly": 0.62,
            "eps_latest_yearly": 0.36,
            "eps_growth_yearly": 208.45
        },
        "20152": {
            "year_quarter": 20152,
            "year": 2015,
            "quarter": 2,
            "eps": 0.2,
            "eps_growth_year": 53.85,
            "eps_4q": 0.53,
            "eps_4q_growth_year": -4.86,
            "roe": 1.56,
            "roe_4q": 4.17,
            "gross_profit": 65991,
            "gross_margin": 20.04,
            "gross_margin_4q_avg": 17.5,
            "net_income": 14892,
            "revenue": 329249,
            "common_shares": 751219,
            "book_valuer_per_share": 12.66,
            "book_valuer_per_share_4q_avg": 12.75,
            "equity": 951258,
            "current_ratio": 310.16,
            "debt_ratio": 28.8,
            "inventory_turnover_ratio": 1.41,
            "account_receivable_turnover_ratio": 1.69,
            "reinvestment_rate": -176.71,
            "research_to_sale_ratio": 1.73,
            "price_fair": 21.18,
            "eps_avg_yearly": 0.61,
            "eps_latest_yearly": 0.8,
            "eps_growth_yearly": 234.46
        },
        "20153": {
            "year_quarter": 20153,
            "year": 2015,
            "quarter": 3,
            "eps": 0.28,
            "eps_growth_year": 86.67,
            "eps_4q": 0.66,
            "eps_4q_growth_year": 9.86,
            "roe": 2.19,
            "roe_4q": 5.1899999999999995,
            "gross_profit": 67461,
            "gross_margin": 20.7,
            "gross_margin_4q_avg": 18.57,
            "net_income": 21182,
            "revenue": 325927,
            "common_shares": 751219,
            "book_valuer_per_share": 13.1,
            "book_valuer_per_share_4q_avg": 12.84,
            "equity": 983995,
            "current_ratio": 347.82,
            "debt_ratio": 26,
            "inventory_turnover_ratio": 1.4,
            "account_receivable_turnover_ratio": 1.51,
            "reinvestment_rate": -201.82,
            "research_to_sale_ratio": 1.73,
            "price_fair": 19.95,
            "eps_avg_yearly": 0.57,
            "eps_latest_yearly": 1.12,
            "eps_growth_yearly": 229.08
        },
        "20154": {
            "year_quarter": 20154,
            "year": 2015,
            "quarter": 4,
            "eps": 0.2,
            "eps_growth_year": 115.64,
            "eps_4q": 0.77,
            "eps_4q_growth_year": 34.35,
            "roe": 1.51,
            "roe_4q": 5.9799999999999995,
            "gross_profit": 66804,
            "gross_margin": 22.05,
            "gross_margin_4q_avg": 20.35,
            "net_income": 14864,
            "revenue": 303023,
            "common_shares": 751219,
            "book_valuer_per_share": 13.16,
            "book_valuer_per_share_4q_avg": 12.94,
            "equity": 988267,
            "current_ratio": 354.24,
            "debt_ratio": 24.04,
            "inventory_turnover_ratio": 1.3,
            "account_receivable_turnover_ratio": 1.42,
            "reinvestment_rate": -193.33,
            "research_to_sale_ratio": 2,
            "price_fair": 21.18,
            "eps_avg_yearly": 0.61,
            "eps_latest_yearly": 0.8,
            "eps_growth_yearly": 243.36
        },
        "20161": {
            "year_quarter": 20161,
            "year": 2016,
            "quarter": 1,
            "eps": 0.23,
            "eps_growth_year": 155.56,
            "eps_4q": 0.91,
            "eps_4q_growth_year": 96.36,
            "roe": 1.75,
            "roe_4q": 7.01,
            "gross_profit": 63524,
            "gross_margin": 22.36,
            "gross_margin_4q_avg": 21.29,
            "net_income": 17404,
            "revenue": 284076,
            "common_shares": 751219,
            "book_valuer_per_share": 13.37,
            "book_valuer_per_share_4q_avg": 13.07,
            "equity": 1004752,
            "current_ratio": 365,
            "debt_ratio": 23.38,
            "inventory_turnover_ratio": 1.21,
            "account_receivable_turnover_ratio": 1.45,
            "reinvestment_rate": -172.09,
            "research_to_sale_ratio": 2.17,
            "price_fair": 22.75,
            "eps_avg_yearly": 0.65,
            "eps_latest_yearly": 0.92,
            "eps_growth_yearly": 251.28
        },
        "20162": {
            "year_quarter": 20162,
            "year": 2016,
            "quarter": 2,
            "eps": 0.29,
            "eps_growth_year": 45,
            "eps_4q": 1,
            "eps_4q_growth_year": 88.31,
            "roe": 2.16,
            "roe_4q": 7.609999999999999,
            "gross_profit": 82373,
            "gross_margin": 24.96,
            "gross_margin_4q_avg": 22.52,
            "net_income": 21538,
            "revenue": 329987,
            "common_shares": 751219,
            "book_valuer_per_share": 13.17,
            "book_valuer_per_share_4q_avg": 13.2,
            "equity": 989107,
            "current_ratio": 292.74,
            "debt_ratio": 28.57,
            "inventory_turnover_ratio": 1.29,
            "account_receivable_turnover_ratio": 1.61,
            "reinvestment_rate": -157.04,
            "research_to_sale_ratio": 1.87,
            "price_fair": 25.11,
            "eps_avg_yearly": 0.72,
            "eps_latest_yearly": 1.16,
            "eps_growth_yearly": 272.8
        },
        "20163": {
            "year_quarter": 20163,
            "year": 2016,
            "quarter": 3,
            "eps": 0.14,
            "eps_growth_year": -50,
            "eps_4q": 0.86,
            "eps_4q_growth_year": 29.2,
            "roe": 1.07,
            "roe_4q": 6.49,
            "gross_profit": 60059,
            "gross_margin": 20.31,
            "gross_margin_4q_avg": 22.42,
            "net_income": 10627,
            "revenue": 295765,
            "common_shares": 751219,
            "book_valuer_per_share": 13.2,
            "book_valuer_per_share_4q_avg": 13.23,
            "equity": 991686,
            "current_ratio": 352.78,
            "debt_ratio": 24.55,
            "inventory_turnover_ratio": 1.21,
            "account_receivable_turnover_ratio": 1.42,
            "reinvestment_rate": -158.16,
            "research_to_sale_ratio": 2.04,
            "price_fair": 22.66,
            "eps_avg_yearly": 0.7,
            "eps_latest_yearly": 0.56,
            "eps_growth_yearly": 22.37
        },
        "20164": {
            "year_quarter": 20164,
            "year": 2016,
            "quarter": 4,
            "eps": 0.2,
            "eps_growth_year": 3.45,
            "eps_4q": 0.86,
            "eps_4q_growth_year": 12.29,
            "roe": 1.54,
            "roe_4q": 6.5200000000000005,
            "gross_profit": 69157,
            "gross_margin": 21.2,
            "gross_margin_4q_avg": 22.21,
            "net_income": 15377,
            "revenue": 326287,
            "common_shares": 751219,
            "book_valuer_per_share": 13.32,
            "book_valuer_per_share_4q_avg": 13.27,
            "equity": 1000707,
            "current_ratio": 341.88,
            "debt_ratio": 25.63,
            "inventory_turnover_ratio": 1.39,
            "account_receivable_turnover_ratio": 1.61,
            "reinvestment_rate": -165.97,
            "research_to_sale_ratio": 1.86,
            "price_fair": 24.33,
            "eps_avg_yearly": 0.7,
            "eps_latest_yearly": 0.8,
            "eps_growth_yearly": 31.9
        },
        "20171": {
            "year_quarter": 20171,
            "year": 2017,
            "quarter": 1,
            "eps": 1.02,
            "eps_growth_year": 343.48,
            "eps_4q": 1.65,
            "eps_4q_growth_year": 81.86,
            "roe": 7.43,
            "roe_4q": 12.2,
            "gross_profit": 44976,
            "gross_margin": 15.71,
            "gross_margin_4q_avg": 20.55,
            "net_income": 76748,
            "revenue": 286287,
            "common_shares": 751219,
            "book_valuer_per_share": 14.17,
            "book_valuer_per_share_4q_avg": 13.47,
            "equity": 1064256,
            "current_ratio": 319.19,
            "debt_ratio": 26.71,
            "inventory_turnover_ratio": 1.19,
            "account_receivable_turnover_ratio": 1.41,
            "reinvestment_rate": -25,
            "research_to_sale_ratio": 1.99,
            "price_fair": 31.59,
            "eps_avg_yearly": 0.9,
            "eps_latest_yearly": 4.08,
            "eps_growth_yearly": 137.8
        },
        "20172": {
            "year_quarter": 20172,
            "year": 2017,
            "quarter": 2,
            "eps": -0.2,
            "eps_growth_year": -168.97,
            "eps_4q": 1.17,
            "eps_4q_growth_year": 17.24,
            "roe": -1.42,
            "roe_4q": 8.62,
            "gross_profit": 45002,
            "gross_margin": 15.41,
            "gross_margin_4q_avg": 18.16,
            "net_income": -14833,
            "revenue": 291938,
            "common_shares": 751219,
            "book_valuer_per_share": 13.64,
            "book_valuer_per_share_4q_avg": 13.58,
            "equity": 1024538,
            "current_ratio": 326.88,
            "debt_ratio": 25.91,
            "inventory_turnover_ratio": 1.12,
            "account_receivable_turnover_ratio": 1.49,
            "reinvestment_rate": -13.79,
            "research_to_sale_ratio": 2.36,
            "price_fair": 32.11,
            "eps_avg_yearly": 0.92,
            "eps_latest_yearly": 4.08,
            "eps_growth_yearly": 149.8
        },
        "20173": {
            "year_quarter": 20173,
            "year": 2017,
            "quarter": 3,
            "eps": -0.03,
            "eps_growth_year": -121.43,
            "eps_4q": 1,
            "eps_4q_growth_year": 16.04,
            "roe": -0.25,
            "roe_4q": 7.3,
            "gross_profit": 44182,
            "gross_margin": 14.34,
            "gross_margin_4q_avg": 16.67,
            "net_income": -2523,
            "revenue": 308083,
            "common_shares": 751219,
            "book_valuer_per_share": 13.67,
            "book_valuer_per_share_4q_avg": 13.7,
            "equity": 1026677,
            "current_ratio": 330.64,
            "debt_ratio": 25.44,
            "inventory_turnover_ratio": 1.28,
            "account_receivable_turnover_ratio": 1.5,
            "reinvestment_rate": -4.96,
            "research_to_sale_ratio": 1.8,
            "price_fair": 33.4,
            "eps_avg_yearly": 0.95,
            "eps_latest_yearly": 4.08,
            "eps_growth_yearly": 172.26
        },
        "20174": {
            "year_quarter": 20174,
            "year": 2017,
            "quarter": 4,
            "eps": 0.01,
            "eps_growth_year": -94.19,
            "eps_4q": 0.8,
            "eps_4q_growth_year": -7.18,
            "roe": 0.09,
            "roe_4q": 5.85,
            "gross_profit": 52649,
            "gross_margin": 15.45,
            "gross_margin_4q_avg": 15.23,
            "net_income": 894,
            "revenue": 340845,
            "common_shares": 751219,
            "book_valuer_per_share": 13.65,
            "book_valuer_per_share_4q_avg": 13.78,
            "equity": 1025498,
            "current_ratio": 310.81,
            "debt_ratio": 26.24,
            "inventory_turnover_ratio": 1.57,
            "account_receivable_turnover_ratio": 1.51,
            "reinvestment_rate": -5.1,
            "research_to_sale_ratio": 1.75,
            "price_fair": 34.68,
            "eps_avg_yearly": 0.99,
            "eps_latest_yearly": 4.08,
            "eps_growth_yearly": 179.36
        },
        "20181": {
            "year_quarter": 20181,
            "year": 2018,
            "quarter": 1,
            "eps": -0.07,
            "eps_growth_year": -106.86,
            "eps_4q": -0.29,
            "eps_4q_growth_year": -117.58,
            "roe": -0.53,
            "roe_4q": -2.11,
            "gross_profit": 39128,
            "gross_margin": 14.99,
            "gross_margin_4q_avg": 15.05,
            "net_income": -5387,
            "revenue": 261060,
            "common_shares": 751219,
            "book_valuer_per_share": 13.66,
            "book_valuer_per_share_4q_avg": 13.66,
            "equity": 1026142,
            "current_ratio": 301.23,
            "debt_ratio": 24.75,
            "inventory_turnover_ratio": 1.17,
            "account_receivable_turnover_ratio": 1.22,
            "reinvestment_rate": -18.05,
            "research_to_sale_ratio": 2.32,
            "price_fair": 35.23,
            "eps_avg_yearly": 1.01,
            "eps_latest_yearly": 4.08,
            "eps_growth_yearly": 172.09
        },
        "20182": {
            "year_quarter": 20182,
            "year": 2018,
            "quarter": 2,
            "eps": 0.09,
            "eps_growth_year": null,
            "eps_4q": -0.01,
            "eps_4q_growth_year": -100.62,
            "roe": 0.64,
            "roe_4q": -0.05000000000000002,
            "gross_profit": 54562,
            "gross_margin": 17.8,
            "gross_margin_4q_avg": 15.65,
            "net_income": 6475,
            "revenue": 306530,
            "common_shares": 751219,
            "book_valuer_per_share": 13.4,
            "book_valuer_per_share_4q_avg": 13.6,
            "equity": 1006582,
            "current_ratio": 301.11,
            "debt_ratio": 24.73,
            "inventory_turnover_ratio": 1.19,
            "account_receivable_turnover_ratio": 1.46,
            "reinvestment_rate": -12.53,
            "research_to_sale_ratio": 1.84,
            "price_fair": 36.78,
            "eps_avg_yearly": 1.05,
            "eps_latest_yearly": 4.08,
            "eps_growth_yearly": 200.46
        },
        "20183": {
            "year_quarter": 20183,
            "year": 2018,
            "quarter": 3,
            "eps": 0.04,
            "eps_growth_year": null,
            "eps_4q": 0.06,
            "eps_4q_growth_year": -93.66,
            "roe": 0.28,
            "roe_4q": 0.48,
            "gross_profit": 45155,
            "gross_margin": 16.13,
            "gross_margin_4q_avg": 16.09,
            "net_income": 2761,
            "revenue": 279875,
            "common_shares": 751219,
            "book_valuer_per_share": 13.29,
            "book_valuer_per_share_4q_avg": 13.5,
            "equity": 998149,
            "current_ratio": 309.91,
            "debt_ratio": 23.62,
            "inventory_turnover_ratio": 1.11,
            "account_receivable_turnover_ratio": 1.28,
            "reinvestment_rate": -11.61,
            "research_to_sale_ratio": 2.01,
            "price_fair": 35.38,
            "eps_avg_yearly": 1.01,
            "eps_latest_yearly": 0.16,
            "eps_growth_yearly": 174.66
        },
        "20184": {
            "year_quarter": 20184,
            "year": 2018,
            "quarter": 4,
            "eps": -0.04,
            "eps_growth_year": -396.86,
            "eps_4q": 0.02,
            "eps_4q_growth_year": -98.02,
            "roe": -0.27,
            "roe_4q": 0.12,
            "gross_profit": 39394,
            "gross_margin": 13.58,
            "gross_margin_4q_avg": 15.63,
            "net_income": -2654,
            "revenue": 290004,
            "common_shares": 751219,
            "book_valuer_per_share": 13.34,
            "book_valuer_per_share_4q_avg": 13.42,
            "equity": 1002363,
            "current_ratio": 307.65,
            "debt_ratio": 23.3,
            "inventory_turnover_ratio": 1.21,
            "account_receivable_turnover_ratio": 1.41,
            "reinvestment_rate": -10.74,
            "research_to_sale_ratio": 1.65,
            "price_fair": 37.66,
            "eps_avg_yearly": 1.08,
            "eps_latest_yearly": 0.16,
            "eps_growth_yearly": 208.13
        },
        "20191": {
            "year_quarter": 20191,
            "year": 2019,
            "quarter": 1,
            "eps": -0.05,
            "eps_growth_year": null,
            "eps_4q": 0.04,
            "eps_4q_growth_year": null,
            "roe": -0.37,
            "roe_4q": 0.28,
            "gross_profit": 42650,
            "gross_margin": 14.66,
            "gross_margin_4q_avg": 15.54,
            "net_income": -3725,
            "revenue": 290939,
            "common_shares": 751219,
            "book_valuer_per_share": 13.39,
            "book_valuer_per_share_4q_avg": 13.36,
            "equity": 1005900,
            "current_ratio": 318.58,
            "debt_ratio": 22.07,
            "inventory_turnover_ratio": 1.19,
            "account_receivable_turnover_ratio": 1.45,
            "reinvestment_rate": 21.07,
            "research_to_sale_ratio": 2.27,
            "price_fair": 40.44,
            "eps_avg_yearly": 1.16,
            "eps_latest_yearly": 0.16,
            "eps_growth_yearly": 231.25
        },
        "20192": {
            "year_quarter": 20192,
            "year": 2019,
            "quarter": 2,
            "eps": 0.06,
            "eps_growth_year": -33.33,
            "eps_4q": 0.01,
            "eps_4q_growth_year": null,
            "roe": 0.42,
            "roe_4q": 0.06,
            "gross_profit": 53734,
            "gross_margin": 18.34,
            "gross_margin_4q_avg": 15.68,
            "net_income": 4217,
            "revenue": 292939,
            "common_shares": 751219,
            "book_valuer_per_share": 13.09,
            "book_valuer_per_share_4q_avg": 13.28,
            "equity": 983382,
            "current_ratio": 293.64,
            "debt_ratio": 24.07,
            "inventory_turnover_ratio": 1.12,
            "account_receivable_turnover_ratio": 1.42,
            "reinvestment_rate": 21.43,
            "research_to_sale_ratio": 2.21,
            "price_fair": 42,
            "eps_avg_yearly": 1.2,
            "eps_latest_yearly": 0.16,
            "eps_growth_yearly": 199.05
        },
        "20193": {
            "year_quarter": 20193,
            "year": 2019,
            "quarter": 3,
            "eps": -0.03,
            "eps_growth_year": -175,
            "eps_4q": -0.06,
            "eps_4q_growth_year": -193.61,
            "roe": -0.23,
            "roe_4q": -0.45000000000000007,
            "gross_profit": 43224,
            "gross_margin": 15.85,
            "gross_margin_4q_avg": 15.61,
            "net_income": -2278,
            "revenue": 272645,
            "common_shares": 751219,
            "book_valuer_per_share": 12.91,
            "book_valuer_per_share_4q_avg": 13.18,
            "equity": 969782,
            "current_ratio": 323.52,
            "debt_ratio": 22.2,
            "inventory_turnover_ratio": 1.07,
            "account_receivable_turnover_ratio": 1.34,
            "reinvestment_rate": 11.07,
            "research_to_sale_ratio": 2.24,
            "price_fair": 42.4,
            "eps_avg_yearly": 1.21,
            "eps_latest_yearly": 0.16,
            "eps_growth_yearly": 204.62
        },
        "20194": {
            "year_quarter": 20194,
            "year": 2019,
            "quarter": 4,
            "eps": 0.07,
            "eps_growth_year": null,
            "eps_4q": 0.04,
            "eps_4q_growth_year": 167.29,
            "roe": 0.51,
            "roe_4q": 0.32999999999999996,
            "gross_profit": 45619,
            "gross_margin": 16.3,
            "gross_margin_4q_avg": 16.29,
            "net_income": 4980,
            "revenue": 279818,
            "common_shares": 751219,
            "book_valuer_per_share": 12.96,
            "book_valuer_per_share_4q_avg": 13.09,
            "equity": 973468,
            "current_ratio": 354,
            "debt_ratio": 20.43,
            "inventory_turnover_ratio": 1.13,
            "account_receivable_turnover_ratio": 1.39,
            "reinvestment_rate": 14.04,
            "research_to_sale_ratio": 1.67,
            "price_fair": 44.8,
            "eps_avg_yearly": 1.28,
            "eps_latest_yearly": 0.16,
            "eps_growth_yearly": 257.78
        },
        "20201": {
            "year_quarter": 20201,
            "year": 2020,
            "quarter": 1,
            "eps": 0.11,
            "eps_growth_year": null,
            "eps_4q": 0.2,
            "eps_4q_growth_year": 436.19,
            "roe": 0.86,
            "roe_4q": 1.56,
            "gross_profit": 48505,
            "gross_margin": 17.15,
            "gross_margin_4q_avg": 16.91,
            "net_income": 8400,
            "revenue": 282796,
            "common_shares": 751219,
            "book_valuer_per_share": 13.03,
            "book_valuer_per_share_4q_avg": 13,
            "equity": 978660,
            "current_ratio": 350.13,
            "debt_ratio": 20.92,
            "inventory_turnover_ratio": 1.17,
            "account_receivable_turnover_ratio": 1.37,
            "reinvestment_rate": 14.16,
            "research_to_sale_ratio": 2.23,
            "price_fair": 42,
            "eps_avg_yearly": 1.2,
            "eps_latest_yearly": 0.44,
            "eps_growth_yearly": 285.87
        },
        "20202": {
            "year_quarter": 20202,
            "year": 2020,
            "quarter": 2,
            "eps": -0.01,
            "eps_growth_year": -116.67,
            "eps_4q": 0.14,
            "eps_4q_growth_year": 1652.02,
            "roe": -0.06,
            "roe_4q": 1.08,
            "gross_profit": 43582,
            "gross_margin": 17.42,
            "gross_margin_4q_avg": 16.68,
            "net_income": -607,
            "revenue": 250150,
            "common_shares": 751219,
            "book_valuer_per_share": 12.67,
            "book_valuer_per_share_4q_avg": 12.89,
            "equity": 951443,
            "current_ratio": 337.6,
            "debt_ratio": 21.67,
            "inventory_turnover_ratio": 1.05,
            "account_receivable_turnover_ratio": 1.33,
            "reinvestment_rate": 16.39,
            "research_to_sale_ratio": 2.31,
            "price_fair": 42.28,
            "eps_avg_yearly": 1.21,
            "eps_latest_yearly": 0.44,
            "eps_growth_yearly": 322.18
        },
        "20203": {
            "year_quarter": 20203,
            "year": 2020,
            "quarter": 3,
            "eps": 0.05,
            "eps_growth_year": null,
            "eps_4q": 0.22,
            "eps_4q_growth_year": null,
            "roe": 0.42,
            "roe_4q": 1.73,
            "gross_profit": 48029,
            "gross_margin": 18.4,
            "gross_margin_4q_avg": 17.32,
            "net_income": 3993,
            "revenue": 260976,
            "common_shares": 751219,
            "book_valuer_per_share": 12.78,
            "book_valuer_per_share_4q_avg": 12.86,
            "equity": 960429,
            "current_ratio": 386.05,
            "debt_ratio": 19.24,
            "inventory_turnover_ratio": 1.14,
            "account_receivable_turnover_ratio": 1.5,
            "reinvestment_rate": 23.31,
            "research_to_sale_ratio": 2.27,
            "price_fair": 47.95,
            "eps_avg_yearly": 1.37,
            "eps_latest_yearly": 0.44,
            "eps_growth_yearly": 454.44
        },
        "20204": {
            "year_quarter": 20204,
            "year": 2020,
            "quarter": 4,
            "eps": 0.06,
            "eps_growth_year": -8.07,
            "eps_4q": 0.22,
            "eps_4q_growth_year": 412.33,
            "roe": 0.47,
            "roe_4q": 1.69,
            "gross_profit": 43198,
            "gross_margin": 16.5,
            "gross_margin_4q_avg": 17.37,
            "net_income": 4578,
            "revenue": 261836,
            "common_shares": 751219,
            "book_valuer_per_share": 12.94,
            "book_valuer_per_share_4q_avg": 12.86,
            "equity": 972295,
            "current_ratio": 342.95,
            "debt_ratio": 21.75,
            "inventory_turnover_ratio": 1.26,
            "account_receivable_turnover_ratio": 1.39,
            "reinvestment_rate": 34.14,
            "research_to_sale_ratio": 1.79,
            "price_fair": 43.05,
            "eps_avg_yearly": 1.23,
            "eps_latest_yearly": 0.24,
            "eps_growth_yearly": 431.59
        },
        "20211": {
            "year_quarter": 20211,
            "year": 2021,
            "quarter": 1,
            "eps": -0.04,
            "eps_growth_year": -136.36,
            "eps_4q": 0.07,
            "eps_4q_growth_year": -68.01,
            "roe": -0.32,
            "roe_4q": 0.51,
            "gross_profit": 39391,
            "gross_margin": 15.64,
            "gross_margin_4q_avg": 16.99,
            "net_income": -3064,
            "revenue": 251889,
            "common_shares": 751219,
            "book_valuer_per_share": 12.88,
            "book_valuer_per_share_4q_avg": 12.82,
            "equity": 967204,
            "current_ratio": 316.56,
            "debt_ratio": 23.83,
            "inventory_turnover_ratio": 1.12,
            "account_receivable_turnover_ratio": 1.25,
            "reinvestment_rate": 2044.42,
            "research_to_sale_ratio": 1.7,
            "price_fair": 9.8,
            "eps_avg_yearly": 0.28,
            "eps_latest_yearly": 0.24,
            "eps_growth_yearly": 28.78
        },
        "20212": {
            "year_quarter": 20212,
            "year": 2021,
            "quarter": 2,
            "eps": 0,
            "eps_growth_year": null,
            "eps_4q": 0.07,
            "eps_4q_growth_year": -48.04,
            "roe": -0.01,
            "roe_4q": 0.5599999999999999,
            "gross_profit": 43212,
            "gross_margin": 16.2,
            "gross_margin_4q_avg": 16.69,
            "net_income": -54,
            "revenue": 266793,
            "common_shares": 751219,
            "book_valuer_per_share": 12.85,
            "book_valuer_per_share_4q_avg": 12.86,
            "equity": 965053,
            "current_ratio": 330.65,
            "debt_ratio": 23.01,
            "inventory_turnover_ratio": 1,
            "account_receivable_turnover_ratio": 1.32,
            "reinvestment_rate": -56.69,
            "research_to_sale_ratio": 1.66,
            "price_fair": 9.8,
            "eps_avg_yearly": 0.28,
            "eps_latest_yearly": 0.24,
            "eps_growth_yearly": 28.78
        },
        "20213": {
            "year_quarter": 20213,
            "year": 2021,
            "quarter": 3,
            "eps": -0.05,
            "eps_growth_year": -200,
            "eps_4q": -0.03,
            "eps_4q_growth_year": -112.22,
            "roe": -0.37,
            "roe_4q": -0.22999999999999998,
            "gross_profit": 37032,
            "gross_margin": 13.38,
            "gross_margin_4q_avg": 15.43,
            "net_income": -3508,
            "revenue": 276821,
            "common_shares": 751219,
            "book_valuer_per_share": 12.5,
            "book_valuer_per_share_4q_avg": 12.79,
            "equity": 938828,
            "current_ratio": 322.77,
            "debt_ratio": 23.04,
            "inventory_turnover_ratio": 1.03,
            "account_receivable_turnover_ratio": 1.33,
            "reinvestment_rate": -169.43,
            "research_to_sale_ratio": 1.57,
            "price_fair": 9.8,
            "eps_avg_yearly": 0.28,
            "eps_latest_yearly": 0.24,
            "eps_growth_yearly": 28.78
        },
        "20214": {
            "year_quarter": 20214,
            "year": 2021,
            "quarter": 4,
            "eps": 0.1,
            "eps_growth_year": 58.61,
            "eps_4q": 0.01,
            "eps_4q_growth_year": -96.12,
            "roe": 0.77,
            "roe_4q": 0.07,
            "gross_profit": 45471,
            "gross_margin": 16.16,
            "gross_margin_4q_avg": 15.35,
            "net_income": 7261,
            "revenue": 281337,
            "common_shares": 751219,
            "book_valuer_per_share": 12.63,
            "book_valuer_per_share_4q_avg": 12.72,
            "equity": 949040,
            "current_ratio": 318.96,
            "debt_ratio": 23.79,
            "inventory_turnover_ratio": 0.98,
            "account_receivable_turnover_ratio": 1.3,
            "reinvestment_rate": -235.89,
            "research_to_sale_ratio": 1.21,
            "price_fair": 9.8,
            "eps_avg_yearly": 0.28,
            "eps_latest_yearly": 0.24,
            "eps_growth_yearly": 28.78
        },
        "20221": {
            "year_quarter": 20221,
            "year": 2022,
            "quarter": 1,
            "eps": -0.03,
            "eps_growth_year": null,
            "eps_4q": 0.02,
            "eps_4q_growth_year": -71.69,
            "roe": -0.24,
            "roe_4q": 0.15000000000000002,
            "gross_profit": 38672,
            "gross_margin": 15.1,
            "gross_margin_4q_avg": 15.21,
            "net_income": -2312,
            "revenue": 256030,
            "common_shares": 751219,
            "book_valuer_per_share": 12.72,
            "book_valuer_per_share_4q_avg": 12.68,
            "equity": 955548,
            "current_ratio": 342.71,
            "debt_ratio": 22.09,
            "inventory_turnover_ratio": 0.85,
            "account_receivable_turnover_ratio": 1.22,
            "reinvestment_rate": -136.17,
            "research_to_sale_ratio": 1.51,
            "price_fair": 9.8,
            "eps_avg_yearly": 0.28,
            "eps_latest_yearly": 0.24,
            "eps_growth_yearly": 28.78
        },
        "20222": {
            "year_quarter": 20222,
            "year": 2022,
            "quarter": 2,
            "eps": -0.02,
            "eps_growth_year": null,
            "eps_4q": 0,
            "eps_4q_growth_year": -98.17,
            "roe": -0.14,
            "roe_4q": 0.020000000000000018,
            "gross_profit": 37301,
            "gross_margin": 14.31,
            "gross_margin_4q_avg": 14.74,
            "net_income": -1341,
            "revenue": 260678,
            "common_shares": 751219,
            "book_valuer_per_share": 12.45,
            "book_valuer_per_share_4q_avg": 12.58,
            "equity": 935453,
            "current_ratio": 349.59,
            "debt_ratio": 21.77,
            "inventory_turnover_ratio": 0.96,
            "account_receivable_turnover_ratio": 1.32,
            "reinvestment_rate": -263.69,
            "research_to_sale_ratio": 1.36,
            "price_fair": 9.8,
            "eps_avg_yearly": 0.28,
            "eps_latest_yearly": 0.24,
            "eps_growth_yearly": 28.78
        },
        "20223": {
            "year_quarter": 20223,
            "year": 2022,
            "quarter": 3,
            "eps": -0.01,
            "eps_growth_year": null,
            "eps_4q": 0.04,
            "eps_4q_growth_year": null,
            "roe": -0.1,
            "roe_4q": 0.29000000000000004,
            "gross_profit": 30723,
            "gross_margin": 13.82,
            "gross_margin_4q_avg": 14.85,
            "net_income": -972,
            "revenue": 222362,
            "common_shares": 751219,
            "book_valuer_per_share": 12.46,
            "book_valuer_per_share_4q_avg": 12.57,
            "equity": 936198,
            "current_ratio": 374.42,
            "debt_ratio": 20.59,
            "inventory_turnover_ratio": 0.89,
            "account_receivable_turnover_ratio": 1.23,
            "reinvestment_rate": -380.35,
            "research_to_sale_ratio": 1.85,
            "price_fair": 11.9,
            "eps_avg_yearly": 0.34,
            "eps_latest_yearly": 0.24,
            "eps_growth_yearly": 154.29
        },
        "20224": {
            "year_quarter": 20224,
            "year": 2022,
            "quarter": 4,
            "eps": 0.13,
            "eps_growth_year": 29.84,
            "eps_4q": 0.06,
            "eps_4q_growth_year": 656.37,
            "roe": 1,
            "roe_4q": 0.52,
            "gross_profit": 47092,
            "gross_margin": 19.3,
            "gross_margin_4q_avg": 15.63,
            "net_income": 9428,
            "revenue": 243947,
            "common_shares": 751219,
            "book_valuer_per_share": 12.69,
            "book_valuer_per_share_4q_avg": 12.58,
            "equity": 953592,
            "current_ratio": 380.23,
            "debt_ratio": 18.94,
            "inventory_turnover_ratio": 0.95,
            "account_receivable_turnover_ratio": 1.43,
            "reinvestment_rate": -191.42,
            "research_to_sale_ratio": 1.27,
            "price_fair": 11.9,
            "eps_avg_yearly": 0.34,
            "eps_latest_yearly": 0.24,
            "eps_growth_yearly": 154.29
        },
        "20231": {
            "year_quarter": 20231,
            "year": 2023,
            "quarter": 1,
            "eps": 0.09,
            "eps_growth_year": null,
            "eps_4q": 0.18,
            "eps_4q_growth_year": 896.85,
            "roe": 0.71,
            "roe_4q": 1.4699999999999998,
            "gross_profit": 46542,
            "gross_margin": 20.12,
            "gross_margin_4q_avg": 16.89,
            "net_income": 6711,
            "revenue": 231342,
            "common_shares": 751219,
            "book_valuer_per_share": 12.6,
            "book_valuer_per_share_4q_avg": 12.55,
            "equity": 946416,
            "current_ratio": 357.29,
            "debt_ratio": 20.31,
            "inventory_turnover_ratio": 0.93,
            "account_receivable_turnover_ratio": 1.32,
            "reinvestment_rate": -291.44,
            "research_to_sale_ratio": 1.59,
            "price_fair": 12.13,
            "eps_avg_yearly": 0.35,
            "eps_latest_yearly": 0.36,
            "eps_growth_yearly": 61.83
        }
    },
    "months": {
        "2001-06": {
            "month": "2001-06",
            "price": "17.53",
            "revenue": 79991
        },
        "2001-07": {
            "month": "2001-07",
            "price": "12.90",
            "revenue": 76676
        },
        "2001-08": {
            "month": "2001-08",
            "price": "11.81",
            "revenue": 78655
        },
        "2001-09": {
            "month": "2001-09",
            "price": "9.24",
            "revenue": 74711
        },
        "2001-10": {
            "month": "2001-10",
            "price": "8.13",
            "revenue": 79273
        },
        "2001-11": {
            "month": "2001-11",
            "price": "9.56",
            "revenue": 74886
        },
        "2001-12": {
            "month": "2001-12",
            "price": "10.88",
            "revenue": 87533
        },
        "2002-01": {
            "month": "2002-01",
            "price": "11.37",
            "revenue": 78475
        },
        "2002-02": {
            "month": "2002-02",
            "price": "11.07",
            "revenue": 57396
        },
        "2002-03": {
            "month": "2002-03",
            "price": "11.95",
            "revenue": 95170
        },
        "2002-04": {
            "month": "2002-04",
            "price": "17.28",
            "revenue": 86379
        },
        "2002-05": {
            "month": "2002-05",
            "price": "15.78",
            "revenue": 92486
        },
        "2002-06": {
            "month": "2002-06",
            "price": "15.90",
            "revenue": 86220
        },
        "2002-07": {
            "month": "2002-07",
            "price": "15.93",
            "revenue": 88564
        },
        "2002-08": {
            "month": "2002-08",
            "price": "12.32",
            "revenue": 85678
        },
        "2002-09": {
            "month": "2002-09",
            "price": "10.80",
            "revenue": 90409
        },
        "2002-10": {
            "month": "2002-10",
            "price": "10.14",
            "revenue": 96318
        },
        "2002-11": {
            "month": "2002-11",
            "price": "12.01",
            "revenue": 102780
        },
        "2002-12": {
            "month": "2002-12",
            "price": "12.21",
            "revenue": 100461
        },
        "2003-01": {
            "month": "2003-01",
            "price": "12.40",
            "revenue": 79952
        },
        "2003-02": {
            "month": "2003-02",
            "price": "12.04",
            "revenue": 75124
        },
        "2003-03": {
            "month": "2003-03",
            "price": "11.76",
            "revenue": 107173
        },
        "2003-04": {
            "month": "2003-04",
            "price": "11.48",
            "revenue": 94108
        },
        "2003-05": {
            "month": "2003-05",
            "price": "10.88",
            "revenue": 92153
        },
        "2003-06": {
            "month": "2003-06",
            "price": "11.62",
            "revenue": 94058
        },
        "2003-07": {
            "month": "2003-07",
            "price": "12.46",
            "revenue": 95163
        },
        "2003-08": {
            "month": "2003-08",
            "price": "11.10",
            "revenue": 97595
        },
        "2003-09": {
            "month": "2003-09",
            "price": "10.58",
            "revenue": 88764
        },
        "2003-10": {
            "month": "2003-10",
            "price": "11.03",
            "revenue": 83004
        },
        "2003-11": {
            "month": "2003-11",
            "price": "11.57",
            "revenue": 86480
        },
        "2003-12": {
            "month": "2003-12",
            "price": "11.77",
            "revenue": 111956
        },
        "2004-01": {
            "month": "2004-01",
            "price": "12.16",
            "revenue": 75304
        },
        "2004-02": {
            "month": "2004-02",
            "price": "12.89",
            "revenue": 106788
        },
        "2004-03": {
            "month": "2004-03",
            "price": "12.77",
            "revenue": 94072
        },
        "2004-04": {
            "month": "2004-04",
            "price": "12.59",
            "revenue": 93113
        },
        "2004-05": {
            "month": "2004-05",
            "price": "11.01",
            "revenue": 79161
        },
        "2004-06": {
            "month": "2004-06",
            "price": "10.95",
            "revenue": 82667
        },
        "2004-07": {
            "month": "2004-07",
            "price": "10.66",
            "revenue": 88047
        },
        "2004-08": {
            "month": "2004-08",
            "price": "10.02",
            "revenue": 100163
        },
        "2004-09": {
            "month": "2004-09",
            "price": "9.69",
            "revenue": 111802
        },
        "2004-10": {
            "month": "2004-10",
            "price": "9.73",
            "revenue": 115541
        },
        "2004-11": {
            "month": "2004-11",
            "price": "9.18",
            "revenue": 101638
        },
        "2004-12": {
            "month": "2004-12",
            "price": "9.11",
            "revenue": 96529
        },
        "2005-01": {
            "month": "2005-01",
            "price": "9.29",
            "revenue": 89574
        },
        "2005-02": {
            "month": "2005-02",
            "price": "9.18",
            "revenue": 74392
        },
        "2005-03": {
            "month": "2005-03",
            "price": "9.01",
            "revenue": 108727
        },
        "2005-04": {
            "month": "2005-04",
            "price": "8.87",
            "revenue": 107987
        },
        "2005-05": {
            "month": "2005-05",
            "price": "8.85",
            "revenue": 96129
        },
        "2005-06": {
            "month": "2005-06",
            "price": "8.86",
            "revenue": 105403
        },
        "2005-07": {
            "month": "2005-07",
            "price": "9.04",
            "revenue": 93935
        },
        "2005-08": {
            "month": "2005-08",
            "price": "8.52",
            "revenue": 103111
        },
        "2005-09": {
            "month": "2005-09",
            "price": "8.03",
            "revenue": 120845
        },
        "2005-10": {
            "month": "2005-10",
            "price": "7.91",
            "revenue": 103439
        },
        "2005-11": {
            "month": "2005-11",
            "price": "7.52",
            "revenue": 95285
        },
        "2005-12": {
            "month": "2005-12",
            "price": "7.30",
            "revenue": 107438
        },
        "2006-01": {
            "month": "2006-01",
            "price": "7.24",
            "revenue": 74735
        },
        "2006-02": {
            "month": "2006-02",
            "price": "7.41",
            "revenue": 76934
        },
        "2006-03": {
            "month": "2006-03",
            "price": "7.25",
            "revenue": 96401
        },
        "2006-04": {
            "month": "2006-04",
            "price": "7.27",
            "revenue": 94396
        },
        "2006-05": {
            "month": "2006-05",
            "price": "7.76",
            "revenue": 90665
        },
        "2006-06": {
            "month": "2006-06",
            "price": "7.33",
            "revenue": 110783
        },
        "2006-07": {
            "month": "2006-07",
            "price": "7.20",
            "revenue": 107572
        },
        "2006-08": {
            "month": "2006-08",
            "price": "7.37",
            "revenue": 113086
        },
        "2006-09": {
            "month": "2006-09",
            "price": "6.79",
            "revenue": 120285
        },
        "2006-10": {
            "month": "2006-10",
            "price": "7.12",
            "revenue": 111703
        },
        "2006-11": {
            "month": "2006-11",
            "price": "7.16",
            "revenue": 110449
        },
        "2006-12": {
            "month": "2006-12",
            "price": "8.34",
            "revenue": 108338
        },
        "2007-01": {
            "month": "2007-01",
            "price": "9.93",
            "revenue": 93872
        },
        "2007-02": {
            "month": "2007-02",
            "price": "21.18",
            "revenue": 60344
        },
        "2007-03": {
            "month": "2007-03",
            "price": "27.04",
            "revenue": 127631
        },
        "2007-04": {
            "month": "2007-04",
            "price": "34.81",
            "revenue": 121517
        },
        "2007-05": {
            "month": "2007-05",
            "price": "24.37",
            "revenue": 108403
        },
        "2007-06": {
            "month": "2007-06",
            "price": "27.30",
            "revenue": 105714
        },
        "2007-07": {
            "month": "2007-07",
            "price": "32.03",
            "revenue": 108826
        },
        "2007-08": {
            "month": "2007-08",
            "price": "31.40",
            "revenue": 110811
        },
        "2007-09": {
            "month": "2007-09",
            "price": "31.95",
            "revenue": 96795
        },
        "2007-10": {
            "month": "2007-10",
            "price": "29.23",
            "revenue": 109799
        },
        "2007-11": {
            "month": "2007-11",
            "price": "21.79",
            "revenue": 109044
        },
        "2007-12": {
            "month": "2007-12",
            "price": "20.54",
            "revenue": 126943
        },
        "2008-01": {
            "month": "2008-01",
            "price": "23.11",
            "revenue": 108188
        },
        "2008-02": {
            "month": "2008-02",
            "price": "22.86",
            "revenue": 80313
        },
        "2008-03": {
            "month": "2008-03",
            "price": "25.10",
            "revenue": 106950
        },
        "2008-04": {
            "month": "2008-04",
            "price": "25.01",
            "revenue": 101720
        },
        "2008-05": {
            "month": "2008-05",
            "price": "22.97",
            "revenue": 113533
        },
        "2008-06": {
            "month": "2008-06",
            "price": "18.09",
            "revenue": 123799
        },
        "2008-07": {
            "month": "2008-07",
            "price": "11.37",
            "revenue": 132473
        },
        "2008-08": {
            "month": "2008-08",
            "price": "12.98",
            "revenue": 121841
        },
        "2008-09": {
            "month": "2008-09",
            "price": "10.29",
            "revenue": 111840
        },
        "2008-10": {
            "month": "2008-10",
            "price": "9.38",
            "revenue": 120710
        },
        "2008-11": {
            "month": "2008-11",
            "price": "7.88",
            "revenue": 94585
        },
        "2008-12": {
            "month": "2008-12",
            "price": "8.10",
            "revenue": 108892
        },
        "2009-01": {
            "month": "2009-01",
            "price": "8.23",
            "revenue": 57535
        },
        "2009-02": {
            "month": "2009-02",
            "price": "7.86",
            "revenue": 98316
        },
        "2009-03": {
            "month": "2009-03",
            "price": "9.40",
            "revenue": 95702
        },
        "2009-04": {
            "month": "2009-04",
            "price": "11.50",
            "revenue": 89410
        },
        "2009-05": {
            "month": "2009-05",
            "price": "12.42",
            "revenue": 88929
        },
        "2009-06": {
            "month": "2009-06",
            "price": "11.80",
            "revenue": 105872
        },
        "2009-07": {
            "month": "2009-07",
            "price": "12.32",
            "revenue": 124198
        },
        "2009-08": {
            "month": "2009-08",
            "price": "12.12",
            "revenue": 131737
        },
        "2009-09": {
            "month": "2009-09",
            "price": "13.21",
            "revenue": 131584
        },
        "2009-10": {
            "month": "2009-10",
            "price": "14.44",
            "revenue": 116736
        },
        "2009-11": {
            "month": "2009-11",
            "price": "14.87",
            "revenue": 134243
        },
        "2009-12": {
            "month": "2009-12",
            "price": "18.08",
            "revenue": 128332
        },
        "2010-01": {
            "month": "2010-01",
            "price": "22.08",
            "revenue": 116574
        },
        "2010-02": {
            "month": "2010-02",
            "price": "18.00",
            "revenue": 93833
        },
        "2010-03": {
            "month": "2010-03",
            "price": "19.73",
            "revenue": 111994
        },
        "2010-04": {
            "month": "2010-04",
            "price": "20.95",
            "revenue": 104448
        },
        "2010-05": {
            "month": "2010-05",
            "price": "18.09",
            "revenue": 107733
        },
        "2010-06": {
            "month": "2010-06",
            "price": "17.13",
            "revenue": 161679
        },
        "2010-07": {
            "month": "2010-07",
            "price": "19.06",
            "revenue": 112263
        },
        "2010-08": {
            "month": "2010-08",
            "price": "24.39",
            "revenue": 131802
        },
        "2010-09": {
            "month": "2010-09",
            "price": "23.55",
            "revenue": 137745
        },
        "2010-10": {
            "month": "2010-10",
            "price": "22.10",
            "revenue": 108954
        },
        "2010-11": {
            "month": "2010-11",
            "price": "19.25",
            "revenue": 129898
        },
        "2010-12": {
            "month": "2010-12",
            "price": "19.88",
            "revenue": 134075
        },
        "2011-01": {
            "month": "2011-01",
            "price": "19.59",
            "revenue": 120721
        },
        "2011-02": {
            "month": "2011-02",
            "price": "18.59",
            "revenue": 120137
        },
        "2011-03": {
            "month": "2011-03",
            "price": "17.23",
            "revenue": 135350
        },
        "2011-04": {
            "month": "2011-04",
            "price": "17.76",
            "revenue": 155518
        },
        "2011-05": {
            "month": "2011-05",
            "price": "17.56",
            "revenue": 129691
        },
        "2011-06": {
            "month": "2011-06",
            "price": "17.29",
            "revenue": 122632
        },
        "2011-07": {
            "month": "2011-07",
            "price": "16.53",
            "revenue": 139804
        },
        "2011-08": {
            "month": "2011-08",
            "price": "14.23",
            "revenue": 153278
        },
        "2011-09": {
            "month": "2011-09",
            "price": "13.15",
            "revenue": 132547
        },
        "2011-10": {
            "month": "2011-10",
            "price": "12.54",
            "revenue": 117858
        },
        "2011-11": {
            "month": "2011-11",
            "price": "12.45",
            "revenue": 125379
        },
        "2011-12": {
            "month": "2011-12",
            "price": "10.90",
            "revenue": 98251
        },
        "2012-01": {
            "month": "2012-01",
            "price": "11.36",
            "revenue": 97442
        },
        "2012-02": {
            "month": "2012-02",
            "price": "13.39",
            "revenue": 105581
        },
        "2012-03": {
            "month": "2012-03",
            "price": "13.68",
            "revenue": 105757
        },
        "2012-04": {
            "month": "2012-04",
            "price": "12.71",
            "revenue": 126284
        },
        "2012-05": {
            "month": "2012-05",
            "price": "11.99",
            "revenue": 110635
        },
        "2012-06": {
            "month": "2012-06",
            "price": "11.32",
            "revenue": 83433
        },
        "2012-07": {
            "month": "2012-07",
            "price": "11.09",
            "revenue": 107310
        },
        "2012-08": {
            "month": "2012-08",
            "price": "11.34",
            "revenue": 125884
        },
        "2012-09": {
            "month": "2012-09",
            "price": "12.05",
            "revenue": 135796
        },
        "2012-10": {
            "month": "2012-10",
            "price": "11.22",
            "revenue": 128069
        },
        "2012-11": {
            "month": "2012-11",
            "price": "10.45",
            "revenue": 118108
        },
        "2012-12": {
            "month": "2012-12",
            "price": "11.19",
            "revenue": 108602
        },
        "2013-01": {
            "month": "2013-01",
            "price": "11.36",
            "revenue": 123475
        },
        "2013-02": {
            "month": "2013-02",
            "price": "11.16",
            "revenue": 111881
        },
        "2013-03": {
            "month": "2013-03",
            "price": "11.28",
            "revenue": 151149
        },
        "2013-04": {
            "month": "2013-04",
            "price": "12.90",
            "revenue": 119277
        },
        "2013-05": {
            "month": "2013-05",
            "price": "13.51",
            "revenue": 134300
        },
        "2013-06": {
            "month": "2013-06",
            "price": "13.39",
            "revenue": 106354
        },
        "2013-07": {
            "month": "2013-07",
            "price": "15.08",
            "revenue": 114870
        },
        "2013-08": {
            "month": "2013-08",
            "price": "15.70",
            "revenue": 107247
        },
        "2013-09": {
            "month": "2013-09",
            "price": "15.93",
            "revenue": 119430
        },
        "2013-10": {
            "month": "2013-10",
            "price": "15.33",
            "revenue": 134001
        },
        "2013-11": {
            "month": "2013-11",
            "price": "14.91",
            "revenue": 116700
        },
        "2013-12": {
            "month": "2013-12",
            "price": "15.56",
            "revenue": 149617
        },
        "2014-01": {
            "month": "2014-01",
            "price": "15.71",
            "revenue": 132086
        },
        "2014-02": {
            "month": "2014-02",
            "price": "15.31",
            "revenue": 108612
        },
        "2014-03": {
            "month": "2014-03",
            "price": "15.86",
            "revenue": 135866
        },
        "2014-04": {
            "month": "2014-04",
            "price": "16.59",
            "revenue": 118142
        },
        "2014-05": {
            "month": "2014-05",
            "price": "16.45",
            "revenue": 103958
        },
        "2014-06": {
            "month": "2014-06",
            "price": "16.63",
            "revenue": 128740
        },
        "2014-07": {
            "month": "2014-07",
            "price": "17.09",
            "revenue": 127604
        },
        "2014-08": {
            "month": "2014-08",
            "price": "16.50",
            "revenue": 129151
        },
        "2014-09": {
            "month": "2014-09",
            "price": "14.85",
            "revenue": 112001
        },
        "2014-10": {
            "month": "2014-10",
            "price": "13.55",
            "revenue": 122500
        },
        "2014-11": {
            "month": "2014-11",
            "price": "13.15",
            "revenue": 112936
        },
        "2014-12": {
            "month": "2014-12",
            "price": "13.61",
            "revenue": 115801
        },
        "2015-01": {
            "month": "2015-01",
            "price": "14.32",
            "revenue": 111771
        },
        "2015-02": {
            "month": "2015-02",
            "price": "14.10",
            "revenue": 83854
        },
        "2015-03": {
            "month": "2015-03",
            "price": "14.04",
            "revenue": 120206
        },
        "2015-04": {
            "month": "2015-04",
            "price": "13.40",
            "revenue": 108559
        },
        "2015-05": {
            "month": "2015-05",
            "price": "12.48",
            "revenue": 107447
        },
        "2015-06": {
            "month": "2015-06",
            "price": "11.08",
            "revenue": 113244
        },
        "2015-07": {
            "month": "2015-07",
            "price": "10.62",
            "revenue": 106610
        },
        "2015-08": {
            "month": "2015-08",
            "price": "10.32",
            "revenue": 109125
        },
        "2015-09": {
            "month": "2015-09",
            "price": "10.46",
            "revenue": 110016
        },
        "2015-10": {
            "month": "2015-10",
            "price": "11.18",
            "revenue": 96133
        },
        "2015-11": {
            "month": "2015-11",
            "price": "11.35",
            "revenue": 104036
        },
        "2015-12": {
            "month": "2015-12",
            "price": "11.38",
            "revenue": 103029
        },
        "2016-01": {
            "month": "2016-01",
            "price": "11.01",
            "revenue": 98013
        },
        "2016-02": {
            "month": "2016-02",
            "price": "11.06",
            "revenue": 72525
        },
        "2016-03": {
            "month": "2016-03",
            "price": "11.36",
            "revenue": 113538
        },
        "2016-04": {
            "month": "2016-04",
            "price": "11.24",
            "revenue": 98876
        },
        "2016-05": {
            "month": "2016-05",
            "price": "10.94",
            "revenue": 122206
        },
        "2016-06": {
            "month": "2016-06",
            "price": "11.11",
            "revenue": 108979
        },
        "2016-07": {
            "month": "2016-07",
            "price": "11.42",
            "revenue": 106182
        },
        "2016-08": {
            "month": "2016-08",
            "price": "12.18",
            "revenue": 99112
        },
        "2016-09": {
            "month": "2016-09",
            "price": "12.53",
            "revenue": 90397
        },
        "2016-10": {
            "month": "2016-10",
            "price": "12.96",
            "revenue": 107146
        },
        "2016-11": {
            "month": "2016-11",
            "price": "13.16",
            "revenue": 114196
        },
        "2016-12": {
            "month": "2016-12",
            "price": "13.10",
            "revenue": 104944
        },
        "2017-01": {
            "month": "2017-01",
            "price": "13.14",
            "revenue": 87286
        },
        "2017-02": {
            "month": "2017-02",
            "price": "13.15",
            "revenue": 79878
        },
        "2017-03": {
            "month": "2017-03",
            "price": "13.12",
            "revenue": 119123
        },
        "2017-04": {
            "month": "2017-04",
            "price": "12.51",
            "revenue": 98944
        },
        "2017-05": {
            "month": "2017-05",
            "price": "12.80",
            "revenue": 90753
        },
        "2017-06": {
            "month": "2017-06",
            "price": "13.14",
            "revenue": 102241
        },
        "2017-07": {
            "month": "2017-07",
            "price": "13.12",
            "revenue": 103109
        },
        "2017-08": {
            "month": "2017-08",
            "price": "13.03",
            "revenue": 97129
        },
        "2017-09": {
            "month": "2017-09",
            "price": "12.62",
            "revenue": 107845
        },
        "2017-10": {
            "month": "2017-10",
            "price": "12.91",
            "revenue": 115690
        },
        "2017-11": {
            "month": "2017-11",
            "price": "12.92",
            "revenue": 105613
        },
        "2017-12": {
            "month": "2017-12",
            "price": "12.50",
            "revenue": 119542
        },
        "2018-01": {
            "month": "2018-01",
            "price": "12.55",
            "revenue": 87808
        },
        "2018-02": {
            "month": "2018-02",
            "price": "12.43",
            "revenue": 66470
        },
        "2018-03": {
            "month": "2018-03",
            "price": "13.93",
            "revenue": 106782
        },
        "2018-04": {
            "month": "2018-04",
            "price": "12.81",
            "revenue": 93946
        },
        "2018-05": {
            "month": "2018-05",
            "price": "12.55",
            "revenue": 101081
        },
        "2018-06": {
            "month": "2018-06",
            "price": "12.54",
            "revenue": 111503
        },
        "2018-07": {
            "month": "2018-07",
            "price": "12.17",
            "revenue": 94371
        },
        "2018-08": {
            "month": "2018-08",
            "price": "11.81",
            "revenue": 102001
        },
        "2018-09": {
            "month": "2018-09",
            "price": "12.07",
            "revenue": 83503
        },
        "2018-10": {
            "month": "2018-10",
            "price": "11.34",
            "revenue": 96976
        },
        "2018-11": {
            "month": "2018-11",
            "price": "10.97",
            "revenue": 100342
        },
        "2018-12": {
            "month": "2018-12",
            "price": "10.99",
            "revenue": 92683
        },
        "2019-01": {
            "month": "2019-01",
            "price": "10.84",
            "revenue": 99191
        },
        "2019-02": {
            "month": "2019-02",
            "price": "10.97",
            "revenue": 83062
        },
        "2019-03": {
            "month": "2019-03",
            "price": "10.97",
            "revenue": 108686
        },
        "2019-04": {
            "month": "2019-04",
            "price": "11.02",
            "revenue": 99656
        },
        "2019-05": {
            "month": "2019-05",
            "price": "10.99",
            "revenue": 98271
        },
        "2019-06": {
            "month": "2019-06",
            "price": "11.19",
            "revenue": 95012
        },
        "2019-07": {
            "month": "2019-07",
            "price": "10.96",
            "revenue": 90435
        },
        "2019-08": {
            "month": "2019-08",
            "price": "10.46",
            "revenue": 92566
        },
        "2019-09": {
            "month": "2019-09",
            "price": "9.97",
            "revenue": 89644
        },
        "2019-10": {
            "month": "2019-10",
            "price": "9.94",
            "revenue": 94553
        },
        "2019-11": {
            "month": "2019-11",
            "price": "9.85",
            "revenue": 93162
        },
        "2019-12": {
            "month": "2019-12",
            "price": "9.71",
            "revenue": 92103
        },
        "2020-01": {
            "month": "2020-01",
            "price": "9.68",
            "revenue": 76543
        },
        "2020-02": {
            "month": "2020-02",
            "price": "9.60",
            "revenue": 101024
        },
        "2020-03": {
            "month": "2020-03",
            "price": "8.26",
            "revenue": 105320
        },
        "2020-04": {
            "month": "2020-04",
            "price": "8.18",
            "revenue": 83401
        },
        "2020-05": {
            "month": "2020-05",
            "price": "9.33",
            "revenue": 80291
        },
        "2020-06": {
            "month": "2020-06",
            "price": "9.85",
            "revenue": 86367
        },
        "2020-07": {
            "month": "2020-07",
            "price": "9.76",
            "revenue": 88678
        },
        "2020-08": {
            "month": "2020-08",
            "price": "10.12",
            "revenue": 86992
        },
        "2020-09": {
            "month": "2020-09",
            "price": "9.86",
            "revenue": 85306
        },
        "2020-10": {
            "month": "2020-10",
            "price": "9.84",
            "revenue": 82168
        },
        "2020-11": {
            "month": "2020-11",
            "price": "9.99",
            "revenue": 76948
        },
        "2020-12": {
            "month": "2020-12",
            "price": "10.22",
            "revenue": 102720
        },
        "2021-01": {
            "month": "2021-01",
            "price": "10.23",
            "revenue": 82015
        },
        "2021-02": {
            "month": "2021-02",
            "price": "10.06",
            "revenue": 58498
        },
        "2021-03": {
            "month": "2021-03",
            "price": "10.24",
            "revenue": 111375
        },
        "2021-04": {
            "month": "2021-04",
            "price": "12.12",
            "revenue": 83533
        },
        "2021-05": {
            "month": "2021-05",
            "price": "10.93",
            "revenue": 97182
        },
        "2021-06": {
            "month": "2021-06",
            "price": "11.06",
            "revenue": 86079
        },
        "2021-07": {
            "month": "2021-07",
            "price": "11.62",
            "revenue": 87410
        },
        "2021-08": {
            "month": "2021-08",
            "price": "10.95",
            "revenue": 92497
        },
        "2021-09": {
            "month": "2021-09",
            "price": "10.80",
            "revenue": 96914
        },
        "2021-10": {
            "month": "2021-10",
            "price": "11.04",
            "revenue": 84282
        },
        "2021-11": {
            "month": "2021-11",
            "price": "11.03",
            "revenue": 95952
        },
        "2021-12": {
            "month": "2021-12",
            "price": "11.48",
            "revenue": 101103
        },
        "2022-01": {
            "month": "2022-01",
            "price": "11.55",
            "revenue": 87732
        },
        "2022-02": {
            "month": "2022-02",
            "price": "11.55",
            "revenue": 68459
        },
        "2022-03": {
            "month": "2022-03",
            "price": "11.20",
            "revenue": 99839
        },
        "2022-04": {
            "month": "2022-04",
            "price": "10.78",
            "revenue": 95073
        },
        "2022-05": {
            "month": "2022-05",
            "price": "10.51",
            "revenue": 79065
        },
        "2022-06": {
            "month": "2022-06",
            "price": "10.75",
            "revenue": 86540
        },
        "2022-07": {
            "month": "2022-07",
            "price": "10.54",
            "revenue": 73983
        },
        "2022-08": {
            "month": "2022-08",
            "price": "11.09",
            "revenue": 75027
        },
        "2022-09": {
            "month": "2022-09",
            "price": "10.82",
            "revenue": 73352
        },
        "2022-10": {
            "month": "2022-10",
            "price": "10.42",
            "revenue": 72801
        },
        "2022-11": {
            "month": "2022-11",
            "price": "10.42",
            "revenue": 89461
        },
        "2022-12": {
            "month": "2022-12",
            "price": "10.58",
            "revenue": 81685
        },
        "2023-01": {
            "month": "2023-01",
            "price": "10.98",
            "revenue": 62008
        },
        "2023-02": {
            "month": "2023-02",
            "price": "11.01",
            "revenue": 76806
        },
        "2023-03": {
            "month": "2023-03",
            "price": "11.28",
            "revenue": 92528
        },
        "2023-04": {
            "month": "2023-04",
            "price": "11.44",
            "revenue": 66894
        }
    }
}
