{
    "summary": {
        "stock_name": "恆大",
        "stock_id": "1325",
        "category": "塑膠",
        "main_business": "各類不織布之產銷",
        "website_url": "http://www.uk.com.tw",
        "ceo": "黃美慧",
        "pe_ratio": 100,
        "report_year_from": 2001,
        "report_year_to": 2023,
        "age": 22,
        "eps_negative_percentage": 9,
        "eps_growth_avg": {
            "last_all": -1.13,
            "last_2y": -26.59,
            "last_4y": -16.22,
            "last_8y": -7.6,
            "last_12y": -11.8,
            "last_16y": -0.43,
            "last_20y": -1.13,
            "at_2006_last_3y": -13.43,
            "at_2007_last_3y": -4.17,
            "at_2008_last_3y": 39.53,
            "at_2009_last_3y": 36.54,
            "at_2010_last_3y": 34.76,
            "at_2011_last_3y": 4.3,
            "at_2012_last_3y": -13.68,
            "at_2013_last_3y": -21.24,
            "at_2014_last_3y": -20.86,
            "at_2015_last_3y": 1.98,
            "at_2016_last_3y": 16.68,
            "at_2017_last_3y": 3.16,
            "at_2018_last_3y": 16.99,
            "at_2019_last_3y": -10.02,
            "at_2020_last_3y": 10.48,
            "at_2021_last_3y": 3.2,
            "at_2022_last_3y": -29.58,
            "at_2023_last_3y": -29.58,
            "at_2006_last_all": -6.94,
            "at_2007_last_all": 14.44,
            "at_2008_last_all": 17.22,
            "at_2009_last_all": 18.7,
            "at_2010_last_all": 13.91,
            "at_2011_last_all": 9.93,
            "at_2012_last_all": 4.86,
            "at_2013_last_all": 4.17,
            "at_2014_last_all": 2.32,
            "at_2015_last_all": 7.49,
            "at_2016_last_all": 8.24,
            "at_2017_last_all": 3.9,
            "at_2018_last_all": 5.99,
            "at_2019_last_all": 3.37,
            "at_2020_last_all": 8.74,
            "at_2021_last_all": 3.76,
            "at_2022_last_all": -1.13,
            "at_2023_last_all": -1.13
        },
        "latest_eps": 0.14,
        "latest_price": 24.45,
        "latest_roe": 0.29,
        "latest_gross_margin": 5.06,
        "latest_equity": 2880100,
        "latest_revenue": 109668,
        "latest_gross_profit": 5548,
        "latest_net_income": -2618,
        "latest_debt_ratio": 3.79,
        "latest_current_ratio": 3074.12,
        "latest_account_receivable_turnover_ratio": 1.58,
        "latest_inventory_turnover_ratio": 0.89,
        "latest_reinvestment_rate": 13.91,
        "latest_research_to_sale_ratio": 2.09
    },
    "eps_dividends": {
        "1999": {
            "cash": 0.18,
            "stock": 1.2,
            "eps": 0
        },
        "2000": {
            "cash": 1.5,
            "stock": 1.5,
            "eps": 0
        },
        "2001": {
            "cash": 0,
            "stock": 1.05,
            "eps": 0.16
        },
        "2002": {
            "cash": 0,
            "stock": 0,
            "eps": 0.18
        },
        "2003": {
            "cash": 0,
            "stock": 0,
            "eps": 0.31
        },
        "2004": {
            "cash": 0,
            "stock": 0,
            "eps": -0.71
        },
        "2005": {
            "cash": 0,
            "stock": 0,
            "eps": 0.4
        },
        "2006": {
            "cash": 0.2,
            "stock": 0,
            "eps": 0.35
        },
        "2007": {
            "cash": 0.3,
            "stock": 0,
            "eps": 1.19
        },
        "2008": {
            "cash": 0.6,
            "stock": 0,
            "eps": 1.56
        },
        "2009": {
            "cash": 0.3,
            "stock": 0.3,
            "eps": 1.99
        },
        "2010": {
            "cash": 0.5,
            "stock": 0.3,
            "eps": 1.6
        },
        "2011": {
            "cash": 1,
            "stock": 0.65,
            "eps": 1.25
        },
        "2012": {
            "cash": 0,
            "stock": 0,
            "eps": 0.74
        },
        "2013": {
            "cash": 0.45,
            "stock": 0,
            "eps": 0.72
        },
        "2014": {
            "cash": 0.65,
            "stock": 0,
            "eps": 0.59
        },
        "2015": {
            "cash": 0.45,
            "stock": 0,
            "eps": 1
        },
        "2016": {
            "cash": 0.7,
            "stock": 0,
            "eps": 1.18
        },
        "2017": {
            "cash": 0.8,
            "stock": 0,
            "eps": 0.51
        },
        "2018": {
            "cash": 0.35,
            "stock": 0,
            "eps": 0.7
        },
        "2019": {
            "cash": 0.5,
            "stock": 0,
            "eps": 0.43
        },
        "2020": {
            "cash": 0.3,
            "stock": 0,
            "eps": 23.16
        },
        "2021": {
            "cash": 12,
            "stock": 0,
            "eps": 3.27
        },
        "2022": {
            "cash": 2,
            "stock": 0,
            "eps": 0.2
        },
        "2023": {
            "cash": 0.5,
            "stock": 0,
            "eps": -0.02
        }
    },
    "dividends": {
        "1999-06-24": {
            "cash": 0.18,
            "stock": 1.2
        },
        "2000-06-12": {
            "cash": 1.5,
            "stock": 1.5
        },
        "2001-06-28": {
            "cash": 0,
            "stock": 1.05
        },
        "2006-04-06": {
            "cash": 0.2,
            "stock": 0
        },
        "2007-03-29": {
            "cash": 0.3,
            "stock": 0
        },
        "2008-03-28": {
            "cash": 0.6,
            "stock": 0
        },
        "2009-05-07": {
            "cash": 0.3,
            "stock": 0.3
        },
        "2010-03-26": {
            "cash": 0.5,
            "stock": 0.3
        },
        "2011-01-01": {
            "cash": 0.65,
            "stock": 0
        },
        "2011-03-25": {
            "cash": 0.35,
            "stock": 0.65
        },
        "2013-03-28": {
            "cash": 0.45,
            "stock": 0
        },
        "2014-06-20": {
            "cash": 0.65,
            "stock": 0
        },
        "2015-07-29": {
            "cash": 0.45,
            "stock": 0
        },
        "2016-08-10": {
            "cash": 0.7,
            "stock": 0
        },
        "2017-08-16": {
            "cash": 0.8,
            "stock": 0
        },
        "2018-08-10": {
            "cash": 0.35,
            "stock": 0
        },
        "2019-08-09": {
            "cash": 0.5,
            "stock": 0
        },
        "2020-08-12": {
            "cash": 0.3,
            "stock": 0
        },
        "2021-08-11": {
            "cash": 12,
            "stock": 0
        },
        "2022-08-12": {
            "cash": 2,
            "stock": 0
        },
        "2023-03-24": {
            "cash": 0.5,
            "stock": 0
        }
    },
    "prices": {
        "200101": "12.37",
        "200102": "14.31",
        "200103": "18.46",
        "200104": "16.67",
        "200105": "13.96",
        "200106": "12.92",
        "200107": "10.51",
        "200108": "9.98",
        "200109": "8.62",
        "200110": "7.84",
        "200111": "8.01",
        "200112": "8.89",
        "200201": "8.84",
        "200202": "8.57",
        "200203": "9.08",
        "200204": "10.07",
        "200205": "8.93",
        "200206": "9.17",
        "200207": "8.93",
        "200208": "8.51",
        "200209": "7.47",
        "200210": "7.55",
        "200211": "7.74",
        "200212": "8.68",
        "200301": "8.87",
        "200302": "8.47",
        "200303": "7.99",
        "200304": "10.24",
        "200305": "14.28",
        "200306": "11.05",
        "200307": "10.70",
        "200308": "11.30",
        "200309": "11.44",
        "200310": "11.14",
        "200311": "10.92",
        "200312": "11.50",
        "200401": "11.43",
        "200402": "12.19",
        "200403": "11.06",
        "200404": "10.44",
        "200405": "8.71",
        "200406": "8.07",
        "200407": "7.75",
        "200408": "7.34",
        "200409": "7.16",
        "200410": "7.34",
        "200411": "7.13",
        "200412": "7.32",
        "200501": "7.75",
        "200502": "7.79",
        "200503": "8.40",
        "200504": "9.52",
        "200505": "8.82",
        "200506": "9.09",
        "200507": "9.20",
        "200508": "9.31",
        "200509": "9.30",
        "200510": "11.83",
        "200511": "15.49",
        "200512": "14.08",
        "200601": "13.67",
        "200602": "14.00",
        "200603": "13.71",
        "200604": "12.19",
        "200605": "10.93",
        "200606": "10.30",
        "200607": "10.07",
        "200608": "10.27",
        "200609": "10.56",
        "200610": "11.49",
        "200611": "11.41",
        "200612": "11.70",
        "200701": "11.63",
        "200702": "11.36",
        "200703": "10.53",
        "200704": "11.06",
        "200705": "11.48",
        "200706": "12.11",
        "200707": "13.66",
        "200708": "12.49",
        "200709": "13.40",
        "200710": "13.19",
        "200711": "12.37",
        "200712": "12.42",
        "200801": "12.21",
        "200802": "12.17",
        "200803": "13.29",
        "200804": "13.50",
        "200805": "14.90",
        "200806": "12.73",
        "200807": "10.76",
        "200808": "10.57",
        "200809": "9.76",
        "200810": "8.14",
        "200811": "8.37",
        "200812": "8.78",
        "200901": "8.89",
        "200902": "8.83",
        "200903": "9.37",
        "200904": "11.60",
        "200905": "20.48",
        "200906": "19.98",
        "200907": "21.56",
        "200908": "29.82",
        "200909": "29.50",
        "200910": "29.34",
        "200911": "29.90",
        "200912": "27.62",
        "201001": "25.65",
        "201002": "21.07",
        "201003": "22.32",
        "201004": "24.23",
        "201005": "23.10",
        "201006": "22.15",
        "201007": "22.44",
        "201008": "24.47",
        "201009": "25.86",
        "201010": "25.60",
        "201011": "25.31",
        "201012": "24.84",
        "201101": "25.16",
        "201102": "25.33",
        "201103": "25.30",
        "201104": "24.24",
        "201105": "23.12",
        "201106": "22.25",
        "201107": "21.90",
        "201108": "18.56",
        "201109": "18.18",
        "201110": "17.94",
        "201111": "18.38",
        "201112": "17.85",
        "201201": "18.57",
        "201202": "18.89",
        "201203": "18.79",
        "201204": "17.36",
        "201205": "16.97",
        "201206": "16.16",
        "201207": "16.15",
        "201208": "16.24",
        "201209": "16.70",
        "201210": "17.43",
        "201211": "16.46",
        "201212": "16.82",
        "201301": "17.70",
        "201302": "17.54",
        "201303": "17.24",
        "201304": "21.46",
        "201305": "19.59",
        "201306": "18.04",
        "201307": "17.95",
        "201308": "18.67",
        "201309": "18.74",
        "201310": "19.47",
        "201311": "19.81",
        "201312": "20.07",
        "201401": "20.52",
        "201402": "20.47",
        "201403": "19.73",
        "201404": "18.98",
        "201405": "18.51",
        "201406": "18.39",
        "201407": "18.51",
        "201408": "18.90",
        "201409": "18.62",
        "201410": "21.04",
        "201411": "20.25",
        "201412": "20.27",
        "201501": "20.67",
        "201502": "20.55",
        "201503": "20.26",
        "201504": "20.37",
        "201505": "20.54",
        "201506": "20.99",
        "201507": "19.55",
        "201508": "19.75",
        "201509": "19.58",
        "201510": "20.13",
        "201511": "20.55",
        "201512": "20.90",
        "201601": "20.73",
        "201602": "20.91",
        "201603": "20.47",
        "201604": "19.59",
        "201605": "19.36",
        "201606": "19.59",
        "201607": "19.91",
        "201608": "19.77",
        "201609": "19.49",
        "201610": "19.57",
        "201611": "19.37",
        "201612": "21.09",
        "201701": "21.05",
        "201702": "21.88",
        "201703": "21.74",
        "201704": "21.22",
        "201705": "21.24",
        "201706": "21.11",
        "201707": "20.29",
        "201708": "19.57",
        "201709": "19.63",
        "201710": "19.47",
        "201711": "19.17",
        "201712": "19.39",
        "201801": "19.61",
        "201802": "19.05",
        "201803": "18.31",
        "201804": "18.01",
        "201805": "18.12",
        "201806": "18.06",
        "201807": "17.81",
        "201808": "17.43",
        "201809": "17.62",
        "201810": "17.22",
        "201811": "16.88",
        "201812": "16.73",
        "201901": "16.45",
        "201902": "16.40",
        "201903": "16.33",
        "201904": "16.36",
        "201905": "16.04",
        "201906": "16.06",
        "201907": "15.89",
        "201908": "15.62",
        "201909": "15.59",
        "201910": "15.55",
        "201911": "15.61",
        "201912": "15.60",
        "202001": "18.83",
        "202002": "29.08",
        "202003": "37.48",
        "202004": "58.24",
        "202005": "130.06",
        "202006": "179.40",
        "202007": "159.33",
        "202008": "167.86",
        "202009": "139.61",
        "202010": "132.08",
        "202011": "119.31",
        "202012": "94.41",
        "202101": "87.62",
        "202102": "81.21",
        "202103": "88.81",
        "202104": "89.49",
        "202105": "94.67",
        "202106": "89.69",
        "202107": "78.12",
        "202108": "54.79",
        "202109": "50.68",
        "202110": "40.42",
        "202111": "41.07",
        "202112": "45.48",
        "202201": "52.12",
        "202202": "44.50",
        "202203": "40.87",
        "202204": "42.98",
        "202205": "32.85",
        "202206": "30.54",
        "202207": "26.29",
        "202208": "26.02",
        "202209": "25.19",
        "202210": "22.19",
        "202211": "22.75",
        "202212": "25.55",
        "202301": "25.79",
        "202302": "24.28",
        "202303": "23.83",
        "202304": "23.75",
        "202305": "24.40",
        "202306": "24.83"
    },
    "quarters": {
        "20011": {
            "year_quarter": 20011,
            "year": 2001,
            "quarter": 1,
            "eps": 0.18,
            "eps_growth_year": -82.18,
            "eps_4q": 1.65,
            "eps_4q_growth_year": -48.63,
            "roe": 1.31,
            "roe_4q": 1.31,
            "gross_profit": 17948,
            "gross_margin": 19.72,
            "gross_margin_4q_avg": 19.72,
            "net_income": 14868,
            "revenue": 91010,
            "common_shares": 806500,
            "book_valuer_per_share": 13.98,
            "book_valuer_per_share_4q_avg": 13.98,
            "equity": 1127197,
            "current_ratio": 1501.37,
            "debt_ratio": 29.81,
            "inventory_turnover_ratio": 1.75,
            "account_receivable_turnover_ratio": null,
            "reinvestment_rate": null,
            "research_to_sale_ratio": null,
            "price_fair": 0,
            "eps_avg_yearly": 0,
            "eps_latest_yearly": 0,
            "eps_growth_yearly": 0
        },
        "20012": {
            "year_quarter": 20012,
            "year": 2001,
            "quarter": 2,
            "eps": -0.01,
            "eps_growth_year": -104.35,
            "eps_4q": 1.49,
            "eps_4q_growth_year": -34.91,
            "roe": -0.06,
            "roe_4q": 1.25,
            "gross_profit": 18031,
            "gross_margin": 21.8,
            "gross_margin_4q_avg": 20.76,
            "net_income": -689,
            "revenue": 82718,
            "common_shares": 806500,
            "book_valuer_per_share": 13.78,
            "book_valuer_per_share_4q_avg": 13.88,
            "equity": 1111598,
            "current_ratio": 1240.46,
            "debt_ratio": 30.4,
            "inventory_turnover_ratio": 1.88,
            "account_receivable_turnover_ratio": null,
            "reinvestment_rate": null,
            "research_to_sale_ratio": null,
            "price_fair": 0,
            "eps_avg_yearly": 0,
            "eps_latest_yearly": 0,
            "eps_growth_yearly": 0
        },
        "20013": {
            "year_quarter": 20013,
            "year": 2001,
            "quarter": 3,
            "eps": -0.09,
            "eps_growth_year": -108.49,
            "eps_4q": 0.42,
            "eps_4q_growth_year": -83.7,
            "roe": -0.77,
            "roe_4q": 0.48,
            "gross_profit": 10932,
            "gross_margin": 14.44,
            "gross_margin_4q_avg": 18.65,
            "net_income": -8501,
            "revenue": 75698,
            "common_shares": 896400,
            "book_valuer_per_share": 12.22,
            "book_valuer_per_share_4q_avg": 13.33,
            "equity": 1095546,
            "current_ratio": 1287.33,
            "debt_ratio": 30.49,
            "inventory_turnover_ratio": 1.67,
            "account_receivable_turnover_ratio": null,
            "reinvestment_rate": null,
            "research_to_sale_ratio": null,
            "price_fair": 0,
            "eps_avg_yearly": 0,
            "eps_latest_yearly": 0,
            "eps_growth_yearly": 0
        },
        "20014": {
            "year_quarter": 20014,
            "year": 2001,
            "quarter": 4,
            "eps": 0.08,
            "eps_growth_year": -80,
            "eps_4q": 0.14,
            "eps_4q_growth_year": -93.98,
            "roe": 0.64,
            "roe_4q": 1.12,
            "gross_profit": 15440,
            "gross_margin": 20.62,
            "gross_margin_4q_avg": 19.15,
            "net_income": 7177,
            "revenue": 74887,
            "common_shares": 896400,
            "book_valuer_per_share": 12.3,
            "book_valuer_per_share_4q_avg": 13.07,
            "equity": 1149717,
            "current_ratio": 247.86,
            "debt_ratio": 21.69,
            "inventory_turnover_ratio": 1.11,
            "account_receivable_turnover_ratio": null,
            "reinvestment_rate": null,
            "research_to_sale_ratio": null,
            "price_fair": 0,
            "eps_avg_yearly": 0,
            "eps_latest_yearly": 0,
            "eps_growth_yearly": 0
        },
        "20021": {
            "year_quarter": 20021,
            "year": 2002,
            "quarter": 1,
            "eps": 0.07,
            "eps_growth_year": -61.11,
            "eps_4q": 0.05,
            "eps_4q_growth_year": -97.1,
            "roe": 0.57,
            "roe_4q": 0.37999999999999995,
            "gross_profit": 15110,
            "gross_margin": 21.34,
            "gross_margin_4q_avg": 19.55,
            "net_income": 6419,
            "revenue": 70814,
            "common_shares": 896400,
            "book_valuer_per_share": 12.13,
            "book_valuer_per_share_4q_avg": 12.61,
            "equity": 1087167,
            "current_ratio": 186.54,
            "debt_ratio": 22.98,
            "inventory_turnover_ratio": 1.04,
            "account_receivable_turnover_ratio": null,
            "reinvestment_rate": null,
            "research_to_sale_ratio": null,
            "price_fair": 0.84,
            "eps_avg_yearly": 0.28,
            "eps_latest_yearly": 0.28,
            "eps_growth_yearly": -50
        },
        "20022": {
            "year_quarter": 20022,
            "year": 2002,
            "quarter": 2,
            "eps": -0.17,
            "eps_growth_year": null,
            "eps_4q": -0.11,
            "eps_4q_growth_year": -107.55,
            "roe": -1.41,
            "roe_4q": -0.97,
            "gross_profit": -790,
            "gross_margin": -1.01,
            "gross_margin_4q_avg": 13.85,
            "net_income": -15177,
            "revenue": 78119,
            "common_shares": 896400,
            "book_valuer_per_share": 11.94,
            "book_valuer_per_share_4q_avg": 12.15,
            "equity": 1070040,
            "current_ratio": 684.69,
            "debt_ratio": 34.83,
            "inventory_turnover_ratio": 1.54,
            "account_receivable_turnover_ratio": null,
            "reinvestment_rate": null,
            "research_to_sale_ratio": null,
            "price_fair": 0.84,
            "eps_avg_yearly": 0.28,
            "eps_latest_yearly": 0.28,
            "eps_growth_yearly": -50
        },
        "20023": {
            "year_quarter": 20023,
            "year": 2002,
            "quarter": 3,
            "eps": -0.35,
            "eps_growth_year": null,
            "eps_4q": -0.36,
            "eps_4q_growth_year": -184.91,
            "roe": -2.9,
            "roe_4q": -3.0999999999999996,
            "gross_profit": -15068,
            "gross_margin": -20.2,
            "gross_margin_4q_avg": 5.19,
            "net_income": -30579,
            "revenue": 74609,
            "common_shares": 896400,
            "book_valuer_per_share": 11.61,
            "book_valuer_per_share_4q_avg": 12,
            "equity": 1040710,
            "current_ratio": 500.79,
            "debt_ratio": 36.36,
            "inventory_turnover_ratio": 1.42,
            "account_receivable_turnover_ratio": null,
            "reinvestment_rate": null,
            "research_to_sale_ratio": null,
            "price_fair": 0.84,
            "eps_avg_yearly": 0.28,
            "eps_latest_yearly": 0.28,
            "eps_growth_yearly": -50
        },
        "20024": {
            "year_quarter": 20024,
            "year": 2002,
            "quarter": 4,
            "eps": 0.63,
            "eps_growth_year": 687.5,
            "eps_4q": 0.18,
            "eps_4q_growth_year": 24.63,
            "roe": 5.04,
            "roe_4q": 1.3000000000000003,
            "gross_profit": -2669,
            "gross_margin": -2.88,
            "gross_margin_4q_avg": -0.69,
            "net_income": 54899,
            "revenue": 92599,
            "common_shares": 896400,
            "book_valuer_per_share": 12.18,
            "book_valuer_per_share_4q_avg": 11.97,
            "equity": 1137752,
            "current_ratio": 619.36,
            "debt_ratio": 33.54,
            "inventory_turnover_ratio": 1.36,
            "account_receivable_turnover_ratio": null,
            "reinvestment_rate": 183.56,
            "research_to_sale_ratio": null,
            "price_fair": 0.84,
            "eps_avg_yearly": 0.28,
            "eps_latest_yearly": 0.28,
            "eps_growth_yearly": -50
        },
        "20031": {
            "year_quarter": 20031,
            "year": 2003,
            "quarter": 1,
            "eps": -0.04,
            "eps_growth_year": -157.14,
            "eps_4q": 0.06,
            "eps_4q_growth_year": 26.09,
            "roe": -0.33,
            "roe_4q": 0.40000000000000013,
            "gross_profit": -5031,
            "gross_margin": -5.78,
            "gross_margin_4q_avg": -7.47,
            "net_income": -3636,
            "revenue": 87092,
            "common_shares": 891110,
            "book_valuer_per_share": 12.19,
            "book_valuer_per_share_4q_avg": 11.98,
            "equity": 1086649,
            "current_ratio": 704.51,
            "debt_ratio": 34.18,
            "inventory_turnover_ratio": 1.31,
            "account_receivable_turnover_ratio": null,
            "reinvestment_rate": 191.49,
            "research_to_sale_ratio": null,
            "price_fair": 0.84,
            "eps_avg_yearly": 0.28,
            "eps_latest_yearly": 0.28,
            "eps_growth_yearly": -50
        },
        "20032": {
            "year_quarter": 20032,
            "year": 2003,
            "quarter": 2,
            "eps": 0.46,
            "eps_growth_year": null,
            "eps_4q": 0.7,
            "eps_4q_growth_year": null,
            "roe": 3.56,
            "roe_4q": 5.369999999999999,
            "gross_profit": 42155,
            "gross_margin": 22.38,
            "gross_margin_4q_avg": -1.62,
            "net_income": 40092,
            "revenue": 188364,
            "common_shares": 891110,
            "book_valuer_per_share": 13.11,
            "book_valuer_per_share_4q_avg": 12.27,
            "equity": 1168690,
            "current_ratio": 568.02,
            "debt_ratio": 32.78,
            "inventory_turnover_ratio": 1.85,
            "account_receivable_turnover_ratio": null,
            "reinvestment_rate": 211.85,
            "research_to_sale_ratio": null,
            "price_fair": 0.84,
            "eps_avg_yearly": 0.28,
            "eps_latest_yearly": 0.28,
            "eps_growth_yearly": -50
        },
        "20033": {
            "year_quarter": 20033,
            "year": 2003,
            "quarter": 3,
            "eps": 0.01,
            "eps_growth_year": null,
            "eps_4q": 1.03,
            "eps_4q_growth_year": null,
            "roe": 0.07,
            "roe_4q": 8.34,
            "gross_profit": 13307,
            "gross_margin": 9.54,
            "gross_margin_4q_avg": 5.82,
            "net_income": 871,
            "revenue": 139471,
            "common_shares": 891110,
            "book_valuer_per_share": 13.11,
            "book_valuer_per_share_4q_avg": 12.65,
            "equity": 1168261,
            "current_ratio": 869.84,
            "debt_ratio": 31.58,
            "inventory_turnover_ratio": 1.49,
            "account_receivable_turnover_ratio": null,
            "reinvestment_rate": 246.47,
            "research_to_sale_ratio": null,
            "price_fair": 0.48,
            "eps_avg_yearly": 0.16,
            "eps_latest_yearly": 0.04,
            "eps_growth_yearly": -220.65
        },
        "20034": {
            "year_quarter": 20034,
            "year": 2003,
            "quarter": 4,
            "eps": -0.12,
            "eps_growth_year": -119.05,
            "eps_4q": 0.28,
            "eps_4q_growth_year": 55.68,
            "roe": -0.87,
            "roe_4q": 2.4299999999999997,
            "gross_profit": 2402,
            "gross_margin": 2.32,
            "gross_margin_4q_avg": 7.12,
            "net_income": -10378,
            "revenue": 103644,
            "common_shares": 891110,
            "book_valuer_per_share": 12.99,
            "book_valuer_per_share_4q_avg": 12.85,
            "equity": 1206069,
            "current_ratio": 1021.16,
            "debt_ratio": 30.89,
            "inventory_turnover_ratio": 1.25,
            "account_receivable_turnover_ratio": null,
            "reinvestment_rate": 236.72,
            "research_to_sale_ratio": null,
            "price_fair": 0.48,
            "eps_avg_yearly": 0.16,
            "eps_latest_yearly": 0.04,
            "eps_growth_yearly": -220.65
        },
        "20041": {
            "year_quarter": 20041,
            "year": 2004,
            "quarter": 1,
            "eps": -0.07,
            "eps_growth_year": null,
            "eps_4q": 0.28,
            "eps_4q_growth_year": 358.24,
            "roe": -0.52,
            "roe_4q": 2.24,
            "gross_profit": -2644,
            "gross_margin": -2.36,
            "gross_margin_4q_avg": 7.97,
            "net_income": -6159,
            "revenue": 111932,
            "common_shares": 891110,
            "book_valuer_per_share": 12.91,
            "book_valuer_per_share_4q_avg": 13.03,
            "equity": 1150622,
            "current_ratio": 943.21,
            "debt_ratio": 32.04,
            "inventory_turnover_ratio": 1.43,
            "account_receivable_turnover_ratio": null,
            "reinvestment_rate": 224.36,
            "research_to_sale_ratio": null,
            "price_fair": 0.48,
            "eps_avg_yearly": 0.16,
            "eps_latest_yearly": 0.04,
            "eps_growth_yearly": -220.65
        },
        "20042": {
            "year_quarter": 20042,
            "year": 2004,
            "quarter": 2,
            "eps": -0.39,
            "eps_growth_year": -184.78,
            "eps_4q": -0.56,
            "eps_4q_growth_year": -180.78,
            "roe": -3.05,
            "roe_4q": -4.369999999999999,
            "gross_profit": -2180,
            "gross_margin": -1.92,
            "gross_margin_4q_avg": 1.9,
            "net_income": -34529,
            "revenue": 113269,
            "common_shares": 891110,
            "book_valuer_per_share": 12.53,
            "book_valuer_per_share_4q_avg": 12.89,
            "equity": 1116993,
            "current_ratio": 1070.71,
            "debt_ratio": 32.43,
            "inventory_turnover_ratio": 1.64,
            "account_receivable_turnover_ratio": null,
            "reinvestment_rate": 292.11,
            "research_to_sale_ratio": null,
            "price_fair": 0.48,
            "eps_avg_yearly": 0.16,
            "eps_latest_yearly": 0.04,
            "eps_growth_yearly": -220.65
        },
        "20043": {
            "year_quarter": 20043,
            "year": 2004,
            "quarter": 3,
            "eps": 0.03,
            "eps_growth_year": 200,
            "eps_4q": -0.47,
            "eps_4q_growth_year": -145.32,
            "roe": 0.27,
            "roe_4q": -4.17,
            "gross_profit": 4017,
            "gross_margin": 3.37,
            "gross_margin_4q_avg": 0.35,
            "net_income": 3070,
            "revenue": 119051,
            "common_shares": 891110,
            "book_valuer_per_share": 12.57,
            "book_valuer_per_share_4q_avg": 12.75,
            "equity": 1120341,
            "current_ratio": 378.44,
            "debt_ratio": 22.94,
            "inventory_turnover_ratio": 1.57,
            "account_receivable_turnover_ratio": null,
            "reinvestment_rate": 619.94,
            "research_to_sale_ratio": null,
            "price_fair": 0.48,
            "eps_avg_yearly": 0.16,
            "eps_latest_yearly": 0.04,
            "eps_growth_yearly": -220.65
        },
        "20044": {
            "year_quarter": 20044,
            "year": 2004,
            "quarter": 4,
            "eps": -0.28,
            "eps_growth_year": null,
            "eps_4q": -0.7,
            "eps_4q_growth_year": -351.05,
            "roe": -2.2,
            "roe_4q": -5.5,
            "gross_profit": -11145,
            "gross_margin": -8.99,
            "gross_margin_4q_avg": -2.48,
            "net_income": -24753,
            "revenue": 123966,
            "common_shares": 891110,
            "book_valuer_per_share": 12.22,
            "book_valuer_per_share_4q_avg": 12.56,
            "equity": 1126307,
            "current_ratio": 278.12,
            "debt_ratio": 21.73,
            "inventory_turnover_ratio": 1.7,
            "account_receivable_turnover_ratio": null,
            "reinvestment_rate": null,
            "research_to_sale_ratio": null,
            "price_fair": 0.48,
            "eps_avg_yearly": 0.16,
            "eps_latest_yearly": 0.04,
            "eps_growth_yearly": -220.65
        },
        "20051": {
            "year_quarter": 20051,
            "year": 2005,
            "quarter": 1,
            "eps": 0.13,
            "eps_growth_year": null,
            "eps_4q": -0.51,
            "eps_4q_growth_year": -284.97,
            "roe": 1,
            "roe_4q": -3.98,
            "gross_profit": 28737,
            "gross_margin": 14.95,
            "gross_margin_4q_avg": 1.85,
            "net_income": 11356,
            "revenue": 192248,
            "common_shares": 891110,
            "book_valuer_per_share": 12.77,
            "book_valuer_per_share_4q_avg": 12.52,
            "equity": 1138354,
            "current_ratio": 327.32,
            "debt_ratio": 19.23,
            "inventory_turnover_ratio": 1.83,
            "account_receivable_turnover_ratio": null,
            "reinvestment_rate": null,
            "research_to_sale_ratio": null,
            "price_fair": 0.48,
            "eps_avg_yearly": 0.16,
            "eps_latest_yearly": 0.04,
            "eps_growth_yearly": -220.65
        },
        "20052": {
            "year_quarter": 20052,
            "year": 2005,
            "quarter": 2,
            "eps": -0.09,
            "eps_growth_year": null,
            "eps_4q": -0.2,
            "eps_4q_growth_year": null,
            "roe": -0.69,
            "roe_4q": -1.62,
            "gross_profit": 14235,
            "gross_margin": 7.19,
            "gross_margin_4q_avg": 4.13,
            "net_income": -7774,
            "revenue": 198007,
            "common_shares": 891110,
            "book_valuer_per_share": 12.69,
            "book_valuer_per_share_4q_avg": 12.56,
            "equity": 1130687,
            "current_ratio": 312.41,
            "debt_ratio": 18.89,
            "inventory_turnover_ratio": 1.87,
            "account_receivable_turnover_ratio": null,
            "reinvestment_rate": null,
            "research_to_sale_ratio": null,
            "price_fair": 0.48,
            "eps_avg_yearly": 0.16,
            "eps_latest_yearly": 0.04,
            "eps_growth_yearly": -220.65
        },
        "20053": {
            "year_quarter": 20053,
            "year": 2005,
            "quarter": 3,
            "eps": 0.11,
            "eps_growth_year": 266.67,
            "eps_4q": -0.13,
            "eps_4q_growth_year": null,
            "roe": 0.86,
            "roe_4q": -1.0300000000000002,
            "gross_profit": 29282,
            "gross_margin": 14.46,
            "gross_margin_4q_avg": 6.9,
            "net_income": 9752,
            "revenue": 202572,
            "common_shares": 891110,
            "book_valuer_per_share": 12.84,
            "book_valuer_per_share_4q_avg": 12.63,
            "equity": 1143789,
            "current_ratio": 314.42,
            "debt_ratio": 16.78,
            "inventory_turnover_ratio": 1.78,
            "account_receivable_turnover_ratio": null,
            "reinvestment_rate": -20381.41,
            "research_to_sale_ratio": null,
            "price_fair": 0.48,
            "eps_avg_yearly": 0.16,
            "eps_latest_yearly": 0.04,
            "eps_growth_yearly": -220.65
        },
        "20054": {
            "year_quarter": 20054,
            "year": 2005,
            "quarter": 4,
            "eps": 0.25,
            "eps_growth_year": null,
            "eps_4q": 0.4,
            "eps_4q_growth_year": null,
            "roe": 1.9,
            "roe_4q": 3.07,
            "gross_profit": 45291,
            "gross_margin": 17.3,
            "gross_margin_4q_avg": 13.48,
            "net_income": 22304,
            "revenue": 261840,
            "common_shares": 891110,
            "book_valuer_per_share": 13.08,
            "book_valuer_per_share_4q_avg": 12.85,
            "equity": 1202603,
            "current_ratio": 415.03,
            "debt_ratio": 12.17,
            "inventory_turnover_ratio": 2.14,
            "account_receivable_turnover_ratio": null,
            "reinvestment_rate": -1180.21,
            "research_to_sale_ratio": null,
            "price_fair": 14.34,
            "eps_avg_yearly": 0.44,
            "eps_latest_yearly": 1,
            "eps_growth_yearly": 22.6
        },
        "20061": {
            "year_quarter": 20061,
            "year": 2006,
            "quarter": 1,
            "eps": 0.17,
            "eps_growth_year": 30.77,
            "eps_4q": 0.44,
            "eps_4q_growth_year": null,
            "roe": 1.28,
            "roe_4q": 3.35,
            "gross_profit": 39116,
            "gross_margin": 17.77,
            "gross_margin_4q_avg": 14.18,
            "net_income": 15302,
            "revenue": 220102,
            "common_shares": 891110,
            "book_valuer_per_share": 13.25,
            "book_valuer_per_share_4q_avg": 12.97,
            "equity": 1180907,
            "current_ratio": 978.01,
            "debt_ratio": 9.18,
            "inventory_turnover_ratio": 1.7,
            "account_receivable_turnover_ratio": null,
            "reinvestment_rate": -983.48,
            "research_to_sale_ratio": null,
            "price_fair": 1.72,
            "eps_avg_yearly": 0.57,
            "eps_latest_yearly": 0.68,
            "eps_growth_yearly": -3.4
        },
        "20062": {
            "year_quarter": 20062,
            "year": 2006,
            "quarter": 2,
            "eps": 0.07,
            "eps_growth_year": null,
            "eps_4q": 0.57,
            "eps_4q_growth_year": null,
            "roe": 0.56,
            "roe_4q": 4.6000000000000005,
            "gross_profit": 28818,
            "gross_margin": 13.07,
            "gross_margin_4q_avg": 15.65,
            "net_income": 6568,
            "revenue": 220516,
            "common_shares": 891110,
            "book_valuer_per_share": 13.13,
            "book_valuer_per_share_4q_avg": 13.08,
            "equity": 1169815,
            "current_ratio": 557.72,
            "debt_ratio": 11.87,
            "inventory_turnover_ratio": 1.66,
            "account_receivable_turnover_ratio": null,
            "reinvestment_rate": -593.43,
            "research_to_sale_ratio": null,
            "price_fair": 1.5,
            "eps_avg_yearly": 0.5,
            "eps_latest_yearly": 0.28,
            "eps_growth_yearly": -61.38
        },
        "20063": {
            "year_quarter": 20063,
            "year": 2006,
            "quarter": 3,
            "eps": 0.04,
            "eps_growth_year": -63.64,
            "eps_4q": 0.51,
            "eps_4q_growth_year": null,
            "roe": 0.32,
            "roe_4q": 4.0600000000000005,
            "gross_profit": 20599,
            "gross_margin": 10.13,
            "gross_margin_4q_avg": 14.57,
            "net_income": 3748,
            "revenue": 203318,
            "common_shares": 891110,
            "book_valuer_per_share": 13.17,
            "book_valuer_per_share_4q_avg": 13.16,
            "equity": 1173762,
            "current_ratio": 878.73,
            "debt_ratio": 9.97,
            "inventory_turnover_ratio": 1.48,
            "account_receivable_turnover_ratio": null,
            "reinvestment_rate": -339.99,
            "research_to_sale_ratio": null,
            "price_fair": 1.3,
            "eps_avg_yearly": 0.43,
            "eps_latest_yearly": 0.16,
            "eps_growth_yearly": -83.39
        },
        "20064": {
            "year_quarter": 20064,
            "year": 2006,
            "quarter": 4,
            "eps": 0.07,
            "eps_growth_year": -72,
            "eps_4q": 0.36,
            "eps_4q_growth_year": -8.63,
            "roe": 0.51,
            "roe_4q": 2.67,
            "gross_profit": 33002,
            "gross_margin": 12.82,
            "gross_margin_4q_avg": 13.45,
            "net_income": 6079,
            "revenue": 257488,
            "common_shares": 891110,
            "book_valuer_per_share": 13.26,
            "book_valuer_per_share_4q_avg": 13.2,
            "equity": 1215216,
            "current_ratio": 524.89,
            "debt_ratio": 13.2,
            "inventory_turnover_ratio": 1.8,
            "account_receivable_turnover_ratio": null,
            "reinvestment_rate": -1098.61,
            "research_to_sale_ratio": null,
            "price_fair": 1.22,
            "eps_avg_yearly": 0.41,
            "eps_latest_yearly": 0.28,
            "eps_growth_yearly": -19.49
        },
        "20071": {
            "year_quarter": 20071,
            "year": 2007,
            "quarter": 1,
            "eps": 0.27,
            "eps_growth_year": 58.82,
            "eps_4q": 0.45,
            "eps_4q_growth_year": 2.97,
            "roe": 2,
            "roe_4q": 3.3899999999999997,
            "gross_profit": 40002,
            "gross_margin": 15.45,
            "gross_margin_4q_avg": 12.87,
            "net_income": 24210,
            "revenue": 258923,
            "common_shares": 891110,
            "book_valuer_per_share": 13.51,
            "book_valuer_per_share_4q_avg": 13.27,
            "equity": 1203884,
            "current_ratio": 586.46,
            "debt_ratio": 12.72,
            "inventory_turnover_ratio": 1.68,
            "account_receivable_turnover_ratio": null,
            "reinvestment_rate": -507.6,
            "research_to_sale_ratio": null,
            "price_fair": 17.6,
            "eps_avg_yearly": 0.5,
            "eps_latest_yearly": 1.08,
            "eps_growth_yearly": 146.56
        },
        "20072": {
            "year_quarter": 20072,
            "year": 2007,
            "quarter": 2,
            "eps": 0.31,
            "eps_growth_year": 342.86,
            "eps_4q": 0.69,
            "eps_4q_growth_year": 20.58,
            "roe": 2.28,
            "roe_4q": 5.109999999999999,
            "gross_profit": 43242,
            "gross_margin": 15.72,
            "gross_margin_4q_avg": 13.53,
            "net_income": 27549,
            "revenue": 275068,
            "common_shares": 891110,
            "book_valuer_per_share": 13.61,
            "book_valuer_per_share_4q_avg": 13.39,
            "equity": 1212491,
            "current_ratio": 637.25,
            "debt_ratio": 12.5,
            "inventory_turnover_ratio": 1.63,
            "account_receivable_turnover_ratio": null,
            "reinvestment_rate": -642.15,
            "research_to_sale_ratio": null,
            "price_fair": 20.83,
            "eps_avg_yearly": 0.6,
            "eps_latest_yearly": 1.24,
            "eps_growth_yearly": 135.65
        },
        "20073": {
            "year_quarter": 20073,
            "year": 2007,
            "quarter": 3,
            "eps": 0.23,
            "eps_growth_year": 475,
            "eps_4q": 0.89,
            "eps_4q_growth_year": 73.21,
            "roe": 1.67,
            "roe_4q": 6.459999999999999,
            "gross_profit": 27239,
            "gross_margin": 10.39,
            "gross_margin_4q_avg": 13.6,
            "net_income": 20282,
            "revenue": 262084,
            "common_shares": 891110,
            "book_valuer_per_share": 13.73,
            "book_valuer_per_share_4q_avg": 13.53,
            "equity": 1223340,
            "current_ratio": 666.41,
            "debt_ratio": 12.51,
            "inventory_turnover_ratio": 1.66,
            "account_receivable_turnover_ratio": null,
            "reinvestment_rate": -456.78,
            "research_to_sale_ratio": null,
            "price_fair": 24.68,
            "eps_avg_yearly": 0.71,
            "eps_latest_yearly": 0.92,
            "eps_growth_yearly": 171.66
        },
        "20074": {
            "year_quarter": 20074,
            "year": 2007,
            "quarter": 4,
            "eps": 0.38,
            "eps_growth_year": 442.86,
            "eps_4q": 1.2,
            "eps_4q_growth_year": 227.53,
            "roe": 2.58,
            "roe_4q": 8.53,
            "gross_profit": 52661,
            "gross_margin": 16.73,
            "gross_margin_4q_avg": 14.57,
            "net_income": 33571,
            "revenue": 314704,
            "common_shares": 891110,
            "book_valuer_per_share": 14.2,
            "book_valuer_per_share_4q_avg": 13.76,
            "equity": 1381978,
            "current_ratio": 1007.54,
            "debt_ratio": 10.41,
            "inventory_turnover_ratio": 1.88,
            "account_receivable_turnover_ratio": null,
            "reinvestment_rate": -320.82,
            "research_to_sale_ratio": null,
            "price_fair": 27.84,
            "eps_avg_yearly": 0.8,
            "eps_latest_yearly": 1.52,
            "eps_growth_yearly": 181.57
        },
        "20081": {
            "year_quarter": 20081,
            "year": 2008,
            "quarter": 1,
            "eps": 0.3,
            "eps_growth_year": 11.11,
            "eps_4q": 1.41,
            "eps_4q_growth_year": 211.16,
            "roe": 1.64,
            "roe_4q": 8.17,
            "gross_profit": 58267,
            "gross_margin": 18.85,
            "gross_margin_4q_avg": 15.42,
            "net_income": 23032,
            "revenue": 309122,
            "common_shares": 891110,
            "book_valuer_per_share": 14.7,
            "book_valuer_per_share_4q_avg": 14.06,
            "equity": 1419334,
            "current_ratio": 978.54,
            "debt_ratio": 10.55,
            "inventory_turnover_ratio": 1.86,
            "account_receivable_turnover_ratio": null,
            "reinvestment_rate": -220.05,
            "research_to_sale_ratio": null,
            "price_fair": 29.26,
            "eps_avg_yearly": 0.84,
            "eps_latest_yearly": 1.2,
            "eps_growth_yearly": 154.99
        },
        "20082": {
            "year_quarter": 20082,
            "year": 2008,
            "quarter": 2,
            "eps": 0.35,
            "eps_growth_year": 12.9,
            "eps_4q": 1.38,
            "eps_4q_growth_year": 99.54,
            "roe": 2.04,
            "roe_4q": 7.93,
            "gross_profit": 57338,
            "gross_margin": 18.05,
            "gross_margin_4q_avg": 16.01,
            "net_income": 28302,
            "revenue": 317599,
            "common_shares": 891110,
            "book_valuer_per_share": 14.01,
            "book_valuer_per_share_4q_avg": 14.16,
            "equity": 1357530,
            "current_ratio": 494.54,
            "debt_ratio": 15.56,
            "inventory_turnover_ratio": 2.04,
            "account_receivable_turnover_ratio": null,
            "reinvestment_rate": -129.56,
            "research_to_sale_ratio": null,
            "price_fair": 31.05,
            "eps_avg_yearly": 0.89,
            "eps_latest_yearly": 1.4,
            "eps_growth_yearly": 146.96
        },
        "20083": {
            "year_quarter": 20083,
            "year": 2008,
            "quarter": 3,
            "eps": 0.45,
            "eps_growth_year": 95.65,
            "eps_4q": 1.51,
            "eps_4q_growth_year": 69.97,
            "roe": 2.89,
            "roe_4q": 9.149999999999999,
            "gross_profit": 63692,
            "gross_margin": 21,
            "gross_margin_4q_avg": 18.66,
            "net_income": 39366,
            "revenue": 303271,
            "common_shares": 891110,
            "book_valuer_per_share": 14.07,
            "book_valuer_per_share_4q_avg": 14.25,
            "equity": 1369371,
            "current_ratio": 907.27,
            "debt_ratio": 11.03,
            "inventory_turnover_ratio": 1.67,
            "account_receivable_turnover_ratio": null,
            "reinvestment_rate": -101.52,
            "research_to_sale_ratio": null,
            "price_fair": 33.72,
            "eps_avg_yearly": 0.96,
            "eps_latest_yearly": 1.8,
            "eps_growth_yearly": 144.24
        },
        "20084": {
            "year_quarter": 20084,
            "year": 2008,
            "quarter": 4,
            "eps": 0.46,
            "eps_growth_year": 21.05,
            "eps_4q": 1.59,
            "eps_4q_growth_year": 32.75,
            "roe": 2.89,
            "roe_4q": 9.46,
            "gross_profit": 70086,
            "gross_margin": 26.8,
            "gross_margin_4q_avg": 21.18,
            "net_income": 40397,
            "revenue": 261503,
            "common_shares": 891110,
            "book_valuer_per_share": 14.68,
            "book_valuer_per_share_4q_avg": 14.37,
            "equity": 1424936,
            "current_ratio": 995.42,
            "debt_ratio": 10.71,
            "inventory_turnover_ratio": 1.29,
            "account_receivable_turnover_ratio": 4.52,
            "reinvestment_rate": -87.8,
            "research_to_sale_ratio": null,
            "price_fair": 36.08,
            "eps_avg_yearly": 1.03,
            "eps_latest_yearly": 1.84,
            "eps_growth_yearly": 133.83
        },
        "20091": {
            "year_quarter": 20091,
            "year": 2009,
            "quarter": 1,
            "eps": 0.42,
            "eps_growth_year": 40,
            "eps_4q": 1.75,
            "eps_4q_growth_year": 24.03,
            "roe": 2.49,
            "roe_4q": 10.310000000000002,
            "gross_profit": 53678,
            "gross_margin": 26.44,
            "gross_margin_4q_avg": 23.07,
            "net_income": 36041,
            "revenue": 203012,
            "common_shares": 891110,
            "book_valuer_per_share": 15.22,
            "book_valuer_per_share_4q_avg": 14.5,
            "equity": 1475627,
            "current_ratio": 1009.25,
            "debt_ratio": 10.54,
            "inventory_turnover_ratio": 1.15,
            "account_receivable_turnover_ratio": 1.82,
            "reinvestment_rate": -74.33,
            "research_to_sale_ratio": null,
            "price_fair": 37.7,
            "eps_avg_yearly": 1.08,
            "eps_latest_yearly": 1.68,
            "eps_growth_yearly": 121.78
        },
        "20092": {
            "year_quarter": 20092,
            "year": 2009,
            "quarter": 2,
            "eps": 0.22,
            "eps_growth_year": -37.14,
            "eps_4q": 1.63,
            "eps_4q_growth_year": 17.63,
            "roe": 1.28,
            "roe_4q": 9.55,
            "gross_profit": 48964,
            "gross_margin": 22.94,
            "gross_margin_4q_avg": 24.3,
            "net_income": 18727,
            "revenue": 213429,
            "common_shares": 891110,
            "book_valuer_per_share": 15.12,
            "book_valuer_per_share_4q_avg": 14.77,
            "equity": 1461830,
            "current_ratio": 756.88,
            "debt_ratio": 12.16,
            "inventory_turnover_ratio": 1.22,
            "account_receivable_turnover_ratio": 1.96,
            "reinvestment_rate": -55.62,
            "research_to_sale_ratio": null,
            "price_fair": 37.24,
            "eps_avg_yearly": 1.06,
            "eps_latest_yearly": 0.88,
            "eps_growth_yearly": 100.97
        },
        "20093": {
            "year_quarter": 20093,
            "year": 2009,
            "quarter": 3,
            "eps": 0.32,
            "eps_growth_year": -28.89,
            "eps_4q": 1.45,
            "eps_4q_growth_year": -3.88,
            "roe": 1.91,
            "roe_4q": 8.57,
            "gross_profit": 64179,
            "gross_margin": 23.26,
            "gross_margin_4q_avg": 24.86,
            "net_income": 28252,
            "revenue": 275972,
            "common_shares": 917843,
            "book_valuer_per_share": 15.15,
            "book_valuer_per_share_4q_avg": 15.04,
            "equity": 1501969,
            "current_ratio": 732.43,
            "debt_ratio": 11.97,
            "inventory_turnover_ratio": 1.52,
            "account_receivable_turnover_ratio": 2.07,
            "reinvestment_rate": -31.8,
            "research_to_sale_ratio": null,
            "price_fair": 37.71,
            "eps_avg_yearly": 1.08,
            "eps_latest_yearly": 1.28,
            "eps_growth_yearly": 106.02
        },
        "20094": {
            "year_quarter": 20094,
            "year": 2009,
            "quarter": 4,
            "eps": 1.03,
            "eps_growth_year": 123.91,
            "eps_4q": 1.97,
            "eps_4q_growth_year": 24.08,
            "roe": 5.97,
            "roe_4q": 11.65,
            "gross_profit": 129427,
            "gross_margin": 34.65,
            "gross_margin_4q_avg": 26.82,
            "net_income": 92477,
            "revenue": 373538,
            "common_shares": 917843,
            "book_valuer_per_share": 16.23,
            "book_valuer_per_share_4q_avg": 15.43,
            "equity": 1598650,
            "current_ratio": 689.12,
            "debt_ratio": 12.34,
            "inventory_turnover_ratio": 1.69,
            "account_receivable_turnover_ratio": 4.44,
            "reinvestment_rate": 17.83,
            "research_to_sale_ratio": null,
            "price_fair": 44.54,
            "eps_avg_yearly": 1.27,
            "eps_latest_yearly": 4.12,
            "eps_growth_yearly": 129.67
        },
        "20101": {
            "year_quarter": 20101,
            "year": 2010,
            "quarter": 1,
            "eps": 0.31,
            "eps_growth_year": -26.19,
            "eps_4q": 1.87,
            "eps_4q_growth_year": 6.86,
            "roe": 1.65,
            "roe_4q": 10.809999999999999,
            "gross_profit": 45245,
            "gross_margin": 16.27,
            "gross_margin_4q_avg": 24.28,
            "net_income": 26620,
            "revenue": 278173,
            "common_shares": 917843,
            "book_valuer_per_share": 16.53,
            "book_valuer_per_share_4q_avg": 15.76,
            "equity": 1623909,
            "current_ratio": 793.95,
            "debt_ratio": 11.53,
            "inventory_turnover_ratio": 1.54,
            "account_receivable_turnover_ratio": 1.9,
            "reinvestment_rate": 26.24,
            "research_to_sale_ratio": 0.9,
            "price_fair": 45.76,
            "eps_avg_yearly": 1.31,
            "eps_latest_yearly": 1.24,
            "eps_growth_yearly": 120.19
        },
        "20102": {
            "year_quarter": 20102,
            "year": 2010,
            "quarter": 2,
            "eps": 0.37,
            "eps_growth_year": 68.31,
            "eps_4q": 1.98,
            "eps_4q_growth_year": 21.42,
            "roe": 2.21,
            "roe_4q": 11.74,
            "gross_profit": 71355,
            "gross_margin": 24.63,
            "gross_margin_4q_avg": 24.7,
            "net_income": 36013,
            "revenue": 289717,
            "common_shares": 917843,
            "book_valuer_per_share": 16.69,
            "book_valuer_per_share_4q_avg": 16.15,
            "equity": 1641224,
            "current_ratio": 514.43,
            "debt_ratio": 14.97,
            "inventory_turnover_ratio": 1.31,
            "account_receivable_turnover_ratio": 2.22,
            "reinvestment_rate": 38.94,
            "research_to_sale_ratio": 0.87,
            "price_fair": 48.39,
            "eps_avg_yearly": 1.38,
            "eps_latest_yearly": 1.48,
            "eps_growth_yearly": 139.74
        },
        "20103": {
            "year_quarter": 20103,
            "year": 2010,
            "quarter": 3,
            "eps": 0.36,
            "eps_growth_year": 13.5,
            "eps_4q": 2.03,
            "eps_4q_growth_year": 40,
            "roe": 1.91,
            "roe_4q": 11.739999999999998,
            "gross_profit": 56836,
            "gross_margin": 20.44,
            "gross_margin_4q_avg": 24,
            "net_income": 31919,
            "revenue": 278101,
            "common_shares": 945379,
            "book_valuer_per_share": 16.8,
            "book_valuer_per_share_4q_avg": 16.56,
            "equity": 1702780,
            "current_ratio": 1072.2,
            "debt_ratio": 9.37,
            "inventory_turnover_ratio": 1.24,
            "account_receivable_turnover_ratio": 2.11,
            "reinvestment_rate": 63.76,
            "research_to_sale_ratio": 0.94,
            "price_fair": 51.19,
            "eps_avg_yearly": 1.46,
            "eps_latest_yearly": 1.44,
            "eps_growth_yearly": 149.78
        },
        "20104": {
            "year_quarter": 20104,
            "year": 2010,
            "quarter": 4,
            "eps": 0.56,
            "eps_growth_year": -45.99,
            "eps_4q": 1.59,
            "eps_4q_growth_year": -19.42,
            "roe": 2.98,
            "roe_4q": 8.75,
            "gross_profit": 83690,
            "gross_margin": 24.16,
            "gross_margin_4q_avg": 21.38,
            "net_income": 51589,
            "revenue": 346466,
            "common_shares": 945379,
            "book_valuer_per_share": 17.51,
            "book_valuer_per_share_4q_avg": 16.88,
            "equity": 1762588,
            "current_ratio": 550.62,
            "debt_ratio": 13.45,
            "inventory_turnover_ratio": 1.6,
            "account_receivable_turnover_ratio": 2.49,
            "reinvestment_rate": 73.42,
            "research_to_sale_ratio": 0.75,
            "price_fair": 55.48,
            "eps_avg_yearly": 1.59,
            "eps_latest_yearly": 2.24,
            "eps_growth_yearly": 144.92
        },
        "20111": {
            "year_quarter": 20111,
            "year": 2011,
            "quarter": 1,
            "eps": 0.57,
            "eps_growth_year": 83.87,
            "eps_4q": 1.86,
            "eps_4q_growth_year": -0.63,
            "roe": 2.94,
            "roe_4q": 10.04,
            "gross_profit": 72098,
            "gross_margin": 22.3,
            "gross_margin_4q_avg": 22.88,
            "net_income": 51667,
            "revenue": 323238,
            "common_shares": 945379,
            "book_valuer_per_share": 17.38,
            "book_valuer_per_share_4q_avg": 17.1,
            "equity": 1753802,
            "current_ratio": 505.04,
            "debt_ratio": 14.08,
            "inventory_turnover_ratio": 1.34,
            "account_receivable_turnover_ratio": 2.35,
            "reinvestment_rate": 86.53,
            "research_to_sale_ratio": 0.77,
            "price_fair": 58.1,
            "eps_avg_yearly": 1.66,
            "eps_latest_yearly": 2.28,
            "eps_growth_yearly": 73.93
        },
        "20112": {
            "year_quarter": 20112,
            "year": 2011,
            "quarter": 2,
            "eps": 0.21,
            "eps_growth_year": -44.53,
            "eps_4q": 1.6,
            "eps_4q_growth_year": -18.98,
            "roe": 1.11,
            "roe_4q": 8.94,
            "gross_profit": 53041,
            "gross_margin": 17.13,
            "gross_margin_4q_avg": 21.01,
            "net_income": 19403,
            "revenue": 309724,
            "common_shares": 945379,
            "book_valuer_per_share": 17.22,
            "book_valuer_per_share_4q_avg": 17.23,
            "equity": 1736271,
            "current_ratio": 494.5,
            "debt_ratio": 14.25,
            "inventory_turnover_ratio": 1.23,
            "account_receivable_turnover_ratio": 2.53,
            "reinvestment_rate": 90.4,
            "research_to_sale_ratio": 0.8,
            "price_fair": 57.23,
            "eps_avg_yearly": 1.64,
            "eps_latest_yearly": 0.84,
            "eps_growth_yearly": 54.44
        },
        "20113": {
            "year_quarter": 20113,
            "year": 2011,
            "quarter": 3,
            "eps": 0.18,
            "eps_growth_year": -49.67,
            "eps_4q": 1.44,
            "eps_4q_growth_year": -28.84,
            "roe": 1.02,
            "roe_4q": 8.05,
            "gross_profit": 34609,
            "gross_margin": 13.79,
            "gross_margin_4q_avg": 19.35,
            "net_income": 17850,
            "revenue": 250977,
            "common_shares": 1006828,
            "book_valuer_per_share": 16.52,
            "book_valuer_per_share_4q_avg": 17.16,
            "equity": 1779862,
            "current_ratio": 979.62,
            "debt_ratio": 8.97,
            "inventory_turnover_ratio": 1.14,
            "account_receivable_turnover_ratio": 2,
            "reinvestment_rate": 100.06,
            "research_to_sale_ratio": 1.02,
            "price_fair": 56.79,
            "eps_avg_yearly": 1.62,
            "eps_latest_yearly": 0.72,
            "eps_growth_yearly": 57.32
        },
        "20114": {
            "year_quarter": 20114,
            "year": 2011,
            "quarter": 4,
            "eps": 0.29,
            "eps_growth_year": -47.87,
            "eps_4q": 1.21,
            "eps_4q_growth_year": -23.76,
            "roe": 1.6,
            "roe_4q": 6.67,
            "gross_profit": 55106,
            "gross_margin": 17.47,
            "gross_margin_4q_avg": 17.67,
            "net_income": 28793,
            "revenue": 315375,
            "common_shares": 1006828,
            "book_valuer_per_share": 16.93,
            "book_valuer_per_share_4q_avg": 17.01,
            "equity": 1820386,
            "current_ratio": 727.26,
            "debt_ratio": 10.78,
            "inventory_turnover_ratio": 1.49,
            "account_receivable_turnover_ratio": 2.14,
            "reinvestment_rate": 104.3,
            "research_to_sale_ratio": 0.79,
            "price_fair": 56,
            "eps_avg_yearly": 1.6,
            "eps_latest_yearly": 1.16,
            "eps_growth_yearly": 56.3
        },
        "20121": {
            "year_quarter": 20121,
            "year": 2012,
            "quarter": 1,
            "eps": 0.22,
            "eps_growth_year": -61.4,
            "eps_4q": 0.9,
            "eps_4q_growth_year": -51.41,
            "roe": 1.17,
            "roe_4q": 4.9,
            "gross_profit": 41410,
            "gross_margin": 16.95,
            "gross_margin_4q_avg": 16.34,
            "net_income": 21816,
            "revenue": 244289,
            "common_shares": 1006828,
            "book_valuer_per_share": 17.71,
            "book_valuer_per_share_4q_avg": 17.1,
            "equity": 1895268,
            "current_ratio": 863.7,
            "debt_ratio": 9.66,
            "inventory_turnover_ratio": 1.18,
            "account_receivable_turnover_ratio": 1.65,
            "reinvestment_rate": 114.27,
            "research_to_sale_ratio": 1,
            "price_fair": 55.3,
            "eps_avg_yearly": 1.58,
            "eps_latest_yearly": 0.88,
            "eps_growth_yearly": 55.52
        },
        "20122": {
            "year_quarter": 20122,
            "year": 2012,
            "quarter": 2,
            "eps": 0.1,
            "eps_growth_year": -51.26,
            "eps_4q": 0.8,
            "eps_4q_growth_year": -50.23,
            "roe": 0.5,
            "roe_4q": 4.29,
            "gross_profit": 31498,
            "gross_margin": 11.92,
            "gross_margin_4q_avg": 15.03,
            "net_income": 9286,
            "revenue": 264276,
            "common_shares": 1006828,
            "book_valuer_per_share": 17.19,
            "book_valuer_per_share_4q_avg": 17.09,
            "equity": 1842902,
            "current_ratio": 549.13,
            "debt_ratio": 12.97,
            "inventory_turnover_ratio": 1.42,
            "account_receivable_turnover_ratio": 1.89,
            "reinvestment_rate": 112.27,
            "research_to_sale_ratio": 1,
            "price_fair": 53.11,
            "eps_avg_yearly": 1.52,
            "eps_latest_yearly": 0.4,
            "eps_growth_yearly": 37.72
        },
        "20123": {
            "year_quarter": 20123,
            "year": 2012,
            "quarter": 3,
            "eps": 0.2,
            "eps_growth_year": 10.39,
            "eps_4q": 0.82,
            "eps_4q_growth_year": -43.45,
            "roe": 1.06,
            "roe_4q": 4.33,
            "gross_profit": 39481,
            "gross_margin": 15.46,
            "gross_margin_4q_avg": 15.45,
            "net_income": 19632,
            "revenue": 255334,
            "common_shares": 1006828,
            "book_valuer_per_share": 17.34,
            "book_valuer_per_share_4q_avg": 17.29,
            "equity": 1850943,
            "current_ratio": 934.87,
            "debt_ratio": 9.34,
            "inventory_turnover_ratio": 1.37,
            "account_receivable_turnover_ratio": 1.8,
            "reinvestment_rate": 113.68,
            "research_to_sale_ratio": 0.96,
            "price_fair": 50.93,
            "eps_avg_yearly": 1.46,
            "eps_latest_yearly": 0.8,
            "eps_growth_yearly": 55.58
        },
        "20124": {
            "year_quarter": 20124,
            "year": 2012,
            "quarter": 4,
            "eps": 0.22,
            "eps_growth_year": -24.8,
            "eps_4q": 0.74,
            "eps_4q_growth_year": -38.53,
            "roe": 1.18,
            "roe_4q": 3.91,
            "gross_profit": 42010,
            "gross_margin": 14.29,
            "gross_margin_4q_avg": 14.66,
            "net_income": 21950,
            "revenue": 293908,
            "common_shares": 1006828,
            "book_valuer_per_share": 17.54,
            "book_valuer_per_share_4q_avg": 17.45,
            "equity": 1870805,
            "current_ratio": 872.52,
            "debt_ratio": 9.91,
            "inventory_turnover_ratio": 1.64,
            "account_receivable_turnover_ratio": 1.87,
            "reinvestment_rate": 116.66,
            "research_to_sale_ratio": 0.94,
            "price_fair": 48.83,
            "eps_avg_yearly": 1.4,
            "eps_latest_yearly": 0.88,
            "eps_growth_yearly": 57.52
        },
        "20131": {
            "year_quarter": 20131,
            "year": 2013,
            "quarter": 1,
            "eps": 0.25,
            "eps_growth_year": 13.64,
            "eps_4q": 0.77,
            "eps_4q_growth_year": -14.22,
            "roe": 1.33,
            "roe_4q": 4.07,
            "gross_profit": 40919,
            "gross_margin": 15.26,
            "gross_margin_4q_avg": 14.23,
            "net_income": 25156,
            "revenue": 268167,
            "common_shares": 1006828,
            "book_valuer_per_share": 17.82,
            "book_valuer_per_share_4q_avg": 17.47,
            "equity": 1901379,
            "current_ratio": 1104.8,
            "debt_ratio": 8.93,
            "inventory_turnover_ratio": 1.45,
            "account_receivable_turnover_ratio": 1.51,
            "reinvestment_rate": 86.2,
            "research_to_sale_ratio": 1.02,
            "price_fair": 47.34,
            "eps_avg_yearly": 1.35,
            "eps_latest_yearly": 1,
            "eps_growth_yearly": 63.11
        },
        "20132": {
            "year_quarter": 20132,
            "year": 2013,
            "quarter": 2,
            "eps": 0.15,
            "eps_growth_year": 49.84,
            "eps_4q": 0.82,
            "eps_4q_growth_year": 3.12,
            "roe": 0.76,
            "roe_4q": 4.33,
            "gross_profit": 29276,
            "gross_margin": 11.74,
            "gross_margin_4q_avg": 14.19,
            "net_income": 14448,
            "revenue": 249374,
            "common_shares": 1006828,
            "book_valuer_per_share": 17.57,
            "book_valuer_per_share_4q_avg": 17.57,
            "equity": 1877887,
            "current_ratio": 891.97,
            "debt_ratio": 10.06,
            "inventory_turnover_ratio": 1.35,
            "account_receivable_turnover_ratio": 1.37,
            "reinvestment_rate": 80.27,
            "research_to_sale_ratio": 1.1,
            "price_fair": 46.73,
            "eps_avg_yearly": 1.34,
            "eps_latest_yearly": 0.6,
            "eps_growth_yearly": 65.01
        },
        "20133": {
            "year_quarter": 20133,
            "year": 2013,
            "quarter": 3,
            "eps": 0.11,
            "eps_growth_year": -45.49,
            "eps_4q": 0.73,
            "eps_4q_growth_year": -10.72,
            "roe": 0.56,
            "roe_4q": 3.83,
            "gross_profit": 28266,
            "gross_margin": 10.81,
            "gross_margin_4q_avg": 13.03,
            "net_income": 10467,
            "revenue": 261591,
            "common_shares": 1006828,
            "book_valuer_per_share": 17.66,
            "book_valuer_per_share_4q_avg": 17.65,
            "equity": 1880868,
            "current_ratio": 1118.43,
            "debt_ratio": 8.97,
            "inventory_turnover_ratio": 1.37,
            "account_receivable_turnover_ratio": 1.35,
            "reinvestment_rate": 69.17,
            "research_to_sale_ratio": 0.93,
            "price_fair": 44.89,
            "eps_avg_yearly": 1.28,
            "eps_latest_yearly": 0.44,
            "eps_growth_yearly": 46.98
        },
        "20134": {
            "year_quarter": 20134,
            "year": 2013,
            "quarter": 4,
            "eps": 0.21,
            "eps_growth_year": -3.95,
            "eps_4q": 0.72,
            "eps_4q_growth_year": -3.24,
            "roe": 1.14,
            "roe_4q": 3.79,
            "gross_profit": 31443,
            "gross_margin": 10.13,
            "gross_margin_4q_avg": 11.99,
            "net_income": 21603,
            "revenue": 310271,
            "common_shares": 1006828,
            "book_valuer_per_share": 17.95,
            "book_valuer_per_share_4q_avg": 17.75,
            "equity": 1912513,
            "current_ratio": 946.53,
            "debt_ratio": 9.76,
            "inventory_turnover_ratio": 1.49,
            "account_receivable_turnover_ratio": 1.47,
            "reinvestment_rate": 28.47,
            "research_to_sale_ratio": 0.84,
            "price_fair": 26.12,
            "eps_avg_yearly": 1.08,
            "eps_latest_yearly": 0.84,
            "eps_growth_yearly": 14.24
        },
        "20141": {
            "year_quarter": 20141,
            "year": 2014,
            "quarter": 1,
            "eps": 0.21,
            "eps_growth_year": -16,
            "eps_4q": 0.67,
            "eps_4q_growth_year": -12.86,
            "roe": 1.09,
            "roe_4q": 3.55,
            "gross_profit": 32666,
            "gross_margin": 11.15,
            "gross_margin_4q_avg": 10.96,
            "net_income": 20977,
            "revenue": 292973,
            "common_shares": 1006828,
            "book_valuer_per_share": 18.19,
            "book_valuer_per_share_4q_avg": 17.84,
            "equity": 1938357,
            "current_ratio": 1512.37,
            "debt_ratio": 7.77,
            "inventory_turnover_ratio": 1.39,
            "account_receivable_turnover_ratio": 1.48,
            "reinvestment_rate": 32.88,
            "research_to_sale_ratio": 0.87,
            "price_fair": 36.84,
            "eps_avg_yearly": 1.05,
            "eps_latest_yearly": 0.84,
            "eps_growth_yearly": 31.71
        },
        "20142": {
            "year_quarter": 20142,
            "year": 2014,
            "quarter": 2,
            "eps": -0.03,
            "eps_growth_year": -120,
            "eps_4q": 0.49,
            "eps_4q_growth_year": -40.17,
            "roe": -0.25,
            "roe_4q": 2.54,
            "gross_profit": 25081,
            "gross_margin": 9.09,
            "gross_margin_4q_avg": 10.3,
            "net_income": -4681,
            "revenue": 275914,
            "common_shares": 1006828,
            "book_valuer_per_share": 17.46,
            "book_valuer_per_share_4q_avg": 17.82,
            "equity": 1861027,
            "current_ratio": 723,
            "debt_ratio": 11.42,
            "inventory_turnover_ratio": 1.41,
            "account_receivable_turnover_ratio": 1.6,
            "reinvestment_rate": 24.58,
            "research_to_sale_ratio": 0.87,
            "price_fair": 35.84,
            "eps_avg_yearly": 1.02,
            "eps_latest_yearly": 0.84,
            "eps_growth_yearly": 28.67
        },
        "20143": {
            "year_quarter": 20143,
            "year": 2014,
            "quarter": 3,
            "eps": 0.11,
            "eps_growth_year": 0,
            "eps_4q": 0.5,
            "eps_4q_growth_year": -31.81,
            "roe": 0.54,
            "roe_4q": 2.52,
            "gross_profit": 13591,
            "gross_margin": 5.55,
            "gross_margin_4q_avg": 8.98,
            "net_income": 10037,
            "revenue": 244906,
            "common_shares": 1006828,
            "book_valuer_per_share": 17.62,
            "book_valuer_per_share_4q_avg": 17.81,
            "equity": 1867079,
            "current_ratio": 1113.85,
            "debt_ratio": 9.03,
            "inventory_turnover_ratio": 1.24,
            "account_receivable_turnover_ratio": 1.55,
            "reinvestment_rate": -8.99,
            "research_to_sale_ratio": 0.98,
            "price_fair": 34.8,
            "eps_avg_yearly": 0.99,
            "eps_latest_yearly": 0.84,
            "eps_growth_yearly": 31.49
        },
        "20144": {
            "year_quarter": 20144,
            "year": 2014,
            "quarter": 4,
            "eps": 0.3,
            "eps_growth_year": 43.1,
            "eps_4q": 0.59,
            "eps_4q_growth_year": -18.55,
            "roe": 1.6,
            "roe_4q": 2.9800000000000004,
            "gross_profit": 37225,
            "gross_margin": 9.5,
            "gross_margin_4q_avg": 8.82,
            "net_income": 30287,
            "revenue": 391641,
            "common_shares": 1003308,
            "book_valuer_per_share": 18.02,
            "book_valuer_per_share_4q_avg": 17.82,
            "equity": 1912155,
            "current_ratio": 1723.15,
            "debt_ratio": 7.63,
            "inventory_turnover_ratio": 1.87,
            "account_receivable_turnover_ratio": 2.18,
            "reinvestment_rate": -26.86,
            "research_to_sale_ratio": 1.21,
            "price_fair": 32.2,
            "eps_avg_yearly": 0.92,
            "eps_latest_yearly": 1.2,
            "eps_growth_yearly": 64.96
        },
        "20151": {
            "year_quarter": 20151,
            "year": 2015,
            "quarter": 1,
            "eps": 0.18,
            "eps_growth_year": -14.29,
            "eps_4q": 0.56,
            "eps_4q_growth_year": -16.69,
            "roe": 0.95,
            "roe_4q": 2.84,
            "gross_profit": 42360,
            "gross_margin": 15.13,
            "gross_margin_4q_avg": 9.82,
            "net_income": 18239,
            "revenue": 279979,
            "common_shares": 1003308,
            "book_valuer_per_share": 18.17,
            "book_valuer_per_share_4q_avg": 17.82,
            "equity": 1924832,
            "current_ratio": 1782.78,
            "debt_ratio": 7.44,
            "inventory_turnover_ratio": 1.31,
            "account_receivable_turnover_ratio": 1.54,
            "reinvestment_rate": -60.7,
            "research_to_sale_ratio": 0.83,
            "price_fair": 28.3,
            "eps_avg_yearly": 0.81,
            "eps_latest_yearly": 0.72,
            "eps_growth_yearly": 53.03
        },
        "20152": {
            "year_quarter": 20152,
            "year": 2015,
            "quarter": 2,
            "eps": 0.17,
            "eps_growth_year": null,
            "eps_4q": 0.76,
            "eps_4q_growth_year": 55.36,
            "roe": 0.91,
            "roe_4q": 4,
            "gross_profit": 43190,
            "gross_margin": 15.23,
            "gross_margin_4q_avg": 11.35,
            "net_income": 17358,
            "revenue": 283596,
            "common_shares": 1003308,
            "book_valuer_per_share": 17.86,
            "book_valuer_per_share_4q_avg": 17.92,
            "equity": 1893705,
            "current_ratio": 1079.6,
            "debt_ratio": 9.1,
            "inventory_turnover_ratio": 1.33,
            "account_receivable_turnover_ratio": 1.8,
            "reinvestment_rate": -68.45,
            "research_to_sale_ratio": 0.86,
            "price_fair": 27.9,
            "eps_avg_yearly": 0.8,
            "eps_latest_yearly": 0.68,
            "eps_growth_yearly": 69.48
        },
        "20153": {
            "year_quarter": 20153,
            "year": 2015,
            "quarter": 3,
            "eps": 0.36,
            "eps_growth_year": 227.27,
            "eps_4q": 1.01,
            "eps_4q_growth_year": 103.54,
            "roe": 1.78,
            "roe_4q": 5.24,
            "gross_profit": 35653,
            "gross_margin": 14.44,
            "gross_margin_4q_avg": 13.58,
            "net_income": 33973,
            "revenue": 246899,
            "common_shares": 1003308,
            "book_valuer_per_share": 18.29,
            "book_valuer_per_share_4q_avg": 18.09,
            "equity": 1931835,
            "current_ratio": 1568.16,
            "debt_ratio": 7.48,
            "inventory_turnover_ratio": 1.21,
            "account_receivable_turnover_ratio": 1.61,
            "reinvestment_rate": -78.33,
            "research_to_sale_ratio": 0.94,
            "price_fair": 29.7,
            "eps_avg_yearly": 0.85,
            "eps_latest_yearly": 1.44,
            "eps_growth_yearly": 105.5
        },
        "20154": {
            "year_quarter": 20154,
            "year": 2015,
            "quarter": 4,
            "eps": 0.29,
            "eps_growth_year": -4.56,
            "eps_4q": 1,
            "eps_4q_growth_year": 70.1,
            "roe": 1.48,
            "roe_4q": 5.12,
            "gross_profit": 53267,
            "gross_margin": 17.79,
            "gross_margin_4q_avg": 15.65,
            "net_income": 28674,
            "revenue": 299412,
            "common_shares": 1003308,
            "book_valuer_per_share": 18.5,
            "book_valuer_per_share_4q_avg": 18.21,
            "equity": 1951023,
            "current_ratio": 1300.04,
            "debt_ratio": 7.84,
            "inventory_turnover_ratio": 1.6,
            "account_receivable_turnover_ratio": 1.97,
            "reinvestment_rate": -84.36,
            "research_to_sale_ratio": 0.77,
            "price_fair": 29.7,
            "eps_avg_yearly": 0.85,
            "eps_latest_yearly": 1.16,
            "eps_growth_yearly": 82.48
        },
        "20161": {
            "year_quarter": 20161,
            "year": 2016,
            "quarter": 1,
            "eps": 0.35,
            "eps_growth_year": 94.44,
            "eps_4q": 1.16,
            "eps_4q_growth_year": 106.93,
            "roe": 1.78,
            "roe_4q": 5.95,
            "gross_profit": 68603,
            "gross_margin": 26.39,
            "gross_margin_4q_avg": 18.46,
            "net_income": 35031,
            "revenue": 259931,
            "common_shares": 1003308,
            "book_valuer_per_share": 18.81,
            "book_valuer_per_share_4q_avg": 18.37,
            "equity": 1980940,
            "current_ratio": 1783.18,
            "debt_ratio": 6.21,
            "inventory_turnover_ratio": 1.42,
            "account_receivable_turnover_ratio": 1.68,
            "reinvestment_rate": -97.81,
            "research_to_sale_ratio": 0.85,
            "price_fair": 31,
            "eps_avg_yearly": 0.89,
            "eps_latest_yearly": 1.4,
            "eps_growth_yearly": 95.29
        },
        "20162": {
            "year_quarter": 20162,
            "year": 2016,
            "quarter": 2,
            "eps": 0.31,
            "eps_growth_year": 82.35,
            "eps_4q": 1.3,
            "eps_4q_growth_year": 70.57,
            "roe": 1.57,
            "roe_4q": 6.61,
            "gross_profit": 54298,
            "gross_margin": 21.77,
            "gross_margin_4q_avg": 20.1,
            "net_income": 30819,
            "revenue": 249435,
            "common_shares": 1003308,
            "book_valuer_per_share": 18.36,
            "book_valuer_per_share_4q_avg": 18.49,
            "equity": 1933426,
            "current_ratio": 798.07,
            "debt_ratio": 10.15,
            "inventory_turnover_ratio": 1.47,
            "account_receivable_turnover_ratio": 1.62,
            "reinvestment_rate": -92.99,
            "research_to_sale_ratio": 0.88,
            "price_fair": 33.1,
            "eps_avg_yearly": 0.95,
            "eps_latest_yearly": 1.24,
            "eps_growth_yearly": 107.61
        },
        "20163": {
            "year_quarter": 20163,
            "year": 2016,
            "quarter": 3,
            "eps": 0.1,
            "eps_growth_year": -72.22,
            "eps_4q": 1.04,
            "eps_4q_growth_year": 3.34,
            "roe": 0.5,
            "roe_4q": 5.33,
            "gross_profit": 35539,
            "gross_margin": 16.39,
            "gross_margin_4q_avg": 20.59,
            "net_income": 9606,
            "revenue": 216897,
            "common_shares": 1003308,
            "book_valuer_per_share": 18.37,
            "book_valuer_per_share_4q_avg": 18.51,
            "equity": 1926660,
            "current_ratio": 2168.05,
            "debt_ratio": 5.75,
            "inventory_turnover_ratio": 1.43,
            "account_receivable_turnover_ratio": 1.47,
            "reinvestment_rate": -95.98,
            "research_to_sale_ratio": 1.03,
            "price_fair": 32.1,
            "eps_avg_yearly": 0.92,
            "eps_latest_yearly": 0.4,
            "eps_growth_yearly": 59.68
        },
        "20164": {
            "year_quarter": 20164,
            "year": 2016,
            "quarter": 4,
            "eps": 0.42,
            "eps_growth_year": 46.17,
            "eps_4q": 1.31,
            "eps_4q_growth_year": 31.43,
            "roe": 1.93,
            "roe_4q": 5.78,
            "gross_profit": 43744,
            "gross_margin": 16.56,
            "gross_margin_4q_avg": 20.28,
            "net_income": 36014,
            "revenue": 264165,
            "common_shares": 852812,
            "book_valuer_per_share": 20.23,
            "book_valuer_per_share_4q_avg": 18.94,
            "equity": 1807608,
            "current_ratio": 1018.38,
            "debt_ratio": 8.66,
            "inventory_turnover_ratio": 1.65,
            "account_receivable_turnover_ratio": 1.69,
            "reinvestment_rate": -92.32,
            "research_to_sale_ratio": 0.87,
            "price_fair": 34.1,
            "eps_avg_yearly": 0.97,
            "eps_latest_yearly": 1.68,
            "eps_growth_yearly": 148.25
        },
        "20171": {
            "year_quarter": 20171,
            "year": 2017,
            "quarter": 1,
            "eps": 0.02,
            "eps_growth_year": -94.29,
            "eps_4q": 0.92,
            "eps_4q_growth_year": -21.25,
            "roe": 0.07,
            "roe_4q": 4.07,
            "gross_profit": 36383,
            "gross_margin": 15.97,
            "gross_margin_4q_avg": 17.67,
            "net_income": 1249,
            "revenue": 227751,
            "common_shares": 852812,
            "book_valuer_per_share": 20.09,
            "book_valuer_per_share_4q_avg": 19.26,
            "equity": 1790950,
            "current_ratio": 1619.93,
            "debt_ratio": 6.73,
            "inventory_turnover_ratio": 1.26,
            "account_receivable_turnover_ratio": 1.45,
            "reinvestment_rate": -50.9,
            "research_to_sale_ratio": 0.96,
            "price_fair": 31.8,
            "eps_avg_yearly": 0.91,
            "eps_latest_yearly": 0.08,
            "eps_growth_yearly": 117.15
        },
        "20172": {
            "year_quarter": 20172,
            "year": 2017,
            "quarter": 2,
            "eps": 0.14,
            "eps_growth_year": -54.84,
            "eps_4q": 0.7,
            "eps_4q_growth_year": -46.51,
            "roe": 0.61,
            "roe_4q": 3.11,
            "gross_profit": 24436,
            "gross_margin": 11.55,
            "gross_margin_4q_avg": 15.12,
            "net_income": 10730,
            "revenue": 211524,
            "common_shares": 852812,
            "book_valuer_per_share": 19.49,
            "book_valuer_per_share_4q_avg": 19.55,
            "equity": 1740471,
            "current_ratio": 765.48,
            "debt_ratio": 10.52,
            "inventory_turnover_ratio": 1.32,
            "account_receivable_turnover_ratio": 1.56,
            "reinvestment_rate": -50.7,
            "research_to_sale_ratio": 1.15,
            "price_fair": 31.7,
            "eps_avg_yearly": 0.91,
            "eps_latest_yearly": 0.56,
            "eps_growth_yearly": 300
        },
        "20173": {
            "year_quarter": 20173,
            "year": 2017,
            "quarter": 3,
            "eps": 0.17,
            "eps_growth_year": 70,
            "eps_4q": 0.75,
            "eps_4q_growth_year": -27.94,
            "roe": 0.73,
            "roe_4q": 3.34,
            "gross_profit": 25420,
            "gross_margin": 12.16,
            "gross_margin_4q_avg": 14.06,
            "net_income": 12801,
            "revenue": 209081,
            "common_shares": 852812,
            "book_valuer_per_share": 19.71,
            "book_valuer_per_share_4q_avg": 19.88,
            "equity": 1753998,
            "current_ratio": 1686.78,
            "debt_ratio": 6.64,
            "inventory_turnover_ratio": 1.43,
            "account_receivable_turnover_ratio": 1.6,
            "reinvestment_rate": -48.73,
            "research_to_sale_ratio": 1.15,
            "price_fair": 32.3,
            "eps_avg_yearly": 0.92,
            "eps_latest_yearly": 0.68,
            "eps_growth_yearly": 313.75
        },
        "20174": {
            "year_quarter": 20174,
            "year": 2017,
            "quarter": 4,
            "eps": 0.18,
            "eps_growth_year": -57.93,
            "eps_4q": 0.51,
            "eps_4q_growth_year": -61.06,
            "roe": 0.85,
            "roe_4q": 2.26,
            "gross_profit": 31908,
            "gross_margin": 14.71,
            "gross_margin_4q_avg": 13.6,
            "net_income": 14897,
            "revenue": 216854,
            "common_shares": 852812,
            "book_valuer_per_share": 19.88,
            "book_valuer_per_share_4q_avg": 19.79,
            "equity": 1768423,
            "current_ratio": 1617.42,
            "debt_ratio": 6.81,
            "inventory_turnover_ratio": 1.37,
            "account_receivable_turnover_ratio": 1.61,
            "reinvestment_rate": -51.98,
            "research_to_sale_ratio": 1.03,
            "price_fair": 32,
            "eps_avg_yearly": 0.91,
            "eps_latest_yearly": 0.72,
            "eps_growth_yearly": 289.45
        },
        "20181": {
            "year_quarter": 20181,
            "year": 2018,
            "quarter": 1,
            "eps": 0.1,
            "eps_growth_year": 400,
            "eps_4q": 0.59,
            "eps_4q_growth_year": -35.44,
            "roe": 0.43,
            "roe_4q": 2.6199999999999997,
            "gross_profit": 26465,
            "gross_margin": 11.55,
            "gross_margin_4q_avg": 12.49,
            "net_income": 7644,
            "revenue": 229124,
            "common_shares": 852812,
            "book_valuer_per_share": 20,
            "book_valuer_per_share_4q_avg": 19.77,
            "equity": 1778994,
            "current_ratio": 1615.78,
            "debt_ratio": 6.79,
            "inventory_turnover_ratio": 1.51,
            "account_receivable_turnover_ratio": 1.57,
            "reinvestment_rate": -70.98,
            "research_to_sale_ratio": 1.05,
            "price_fair": 30.9,
            "eps_avg_yearly": 0.88,
            "eps_latest_yearly": 0.4,
            "eps_growth_yearly": 276.75
        },
        "20182": {
            "year_quarter": 20182,
            "year": 2018,
            "quarter": 2,
            "eps": 0.28,
            "eps_growth_year": 100,
            "eps_4q": 0.73,
            "eps_4q_growth_year": 4.72,
            "roe": 1.35,
            "roe_4q": 3.36,
            "gross_profit": 25201,
            "gross_margin": 11.56,
            "gross_margin_4q_avg": 12.5,
            "net_income": 23974,
            "revenue": 218013,
            "common_shares": 852812,
            "book_valuer_per_share": 19.92,
            "book_valuer_per_share_4q_avg": 19.88,
            "equity": 1771941,
            "current_ratio": 1352.48,
            "debt_ratio": 7.48,
            "inventory_turnover_ratio": 1.55,
            "account_receivable_turnover_ratio": 1.41,
            "reinvestment_rate": -68.37,
            "research_to_sale_ratio": 1.21,
            "price_fair": 31.45,
            "eps_avg_yearly": 0.9,
            "eps_latest_yearly": 1.12,
            "eps_growth_yearly": 306.3
        },
        "20183": {
            "year_quarter": 20183,
            "year": 2018,
            "quarter": 3,
            "eps": 0.15,
            "eps_growth_year": -11.76,
            "eps_4q": 0.71,
            "eps_4q_growth_year": -6.22,
            "roe": 0.76,
            "roe_4q": 3.3900000000000006,
            "gross_profit": 23775,
            "gross_margin": 11,
            "gross_margin_4q_avg": 12.21,
            "net_income": 13523,
            "revenue": 216202,
            "common_shares": 852812,
            "book_valuer_per_share": 19.98,
            "book_valuer_per_share_4q_avg": 19.95,
            "equity": 1774919,
            "current_ratio": 1647.3,
            "debt_ratio": 6.72,
            "inventory_turnover_ratio": 1.43,
            "account_receivable_turnover_ratio": 1.44,
            "reinvestment_rate": -63.74,
            "research_to_sale_ratio": 1.28,
            "price_fair": 30.8,
            "eps_avg_yearly": 0.88,
            "eps_latest_yearly": 0.6,
            "eps_growth_yearly": 275.55
        },
        "20184": {
            "year_quarter": 20184,
            "year": 2018,
            "quarter": 4,
            "eps": 0.17,
            "eps_growth_year": -2.21,
            "eps_4q": 0.7,
            "eps_4q_growth_year": 37.56,
            "roe": 0.83,
            "roe_4q": 3.37,
            "gross_profit": 26156,
            "gross_margin": 10.42,
            "gross_margin_4q_avg": 11.13,
            "net_income": 14781,
            "revenue": 251110,
            "common_shares": 852812,
            "book_valuer_per_share": 20.14,
            "book_valuer_per_share_4q_avg": 20.01,
            "equity": 1785545,
            "current_ratio": 1746.96,
            "debt_ratio": 6.47,
            "inventory_turnover_ratio": 1.54,
            "account_receivable_turnover_ratio": 1.75,
            "reinvestment_rate": -64.74,
            "research_to_sale_ratio": 1.05,
            "price_fair": 29.66,
            "eps_avg_yearly": 0.85,
            "eps_latest_yearly": 0.68,
            "eps_growth_yearly": 235.7
        },
        "20191": {
            "year_quarter": 20191,
            "year": 2019,
            "quarter": 1,
            "eps": 0.13,
            "eps_growth_year": 30,
            "eps_4q": 0.74,
            "eps_4q_growth_year": 24.66,
            "roe": 0.57,
            "roe_4q": 3.5100000000000002,
            "gross_profit": 22208,
            "gross_margin": 11.35,
            "gross_margin_4q_avg": 11.08,
            "net_income": 10211,
            "revenue": 195653,
            "common_shares": 852812,
            "book_valuer_per_share": 20.35,
            "book_valuer_per_share_4q_avg": 20.1,
            "equity": 1804218,
            "current_ratio": 2208.97,
            "debt_ratio": 5.75,
            "inventory_turnover_ratio": 1.28,
            "account_receivable_turnover_ratio": 1.36,
            "reinvestment_rate": -53.14,
            "research_to_sale_ratio": 1.25,
            "price_fair": 29.23,
            "eps_avg_yearly": 0.84,
            "eps_latest_yearly": 0.52,
            "eps_growth_yearly": 239.82
        },
        "20192": {
            "year_quarter": 20192,
            "year": 2019,
            "quarter": 2,
            "eps": 0.14,
            "eps_growth_year": -50,
            "eps_4q": 0.59,
            "eps_4q_growth_year": -19.26,
            "roe": 0.65,
            "roe_4q": 2.8099999999999996,
            "gross_profit": 22659,
            "gross_margin": 10.11,
            "gross_margin_4q_avg": 10.72,
            "net_income": 11563,
            "revenue": 224178,
            "common_shares": 852812,
            "book_valuer_per_share": 19.94,
            "book_valuer_per_share_4q_avg": 20.1,
            "equity": 1768630,
            "current_ratio": 1014.44,
            "debt_ratio": 8.51,
            "inventory_turnover_ratio": 1.57,
            "account_receivable_turnover_ratio": 1.78,
            "reinvestment_rate": -41.83,
            "research_to_sale_ratio": 1.31,
            "price_fair": 28.96,
            "eps_avg_yearly": 0.83,
            "eps_latest_yearly": 0.56,
            "eps_growth_yearly": 243.13
        },
        "20193": {
            "year_quarter": 20193,
            "year": 2019,
            "quarter": 3,
            "eps": 0.06,
            "eps_growth_year": -60,
            "eps_4q": 0.5,
            "eps_4q_growth_year": -29,
            "roe": 0.33,
            "roe_4q": 2.38,
            "gross_profit": 14130,
            "gross_margin": 7.96,
            "gross_margin_4q_avg": 9.96,
            "net_income": 5823,
            "revenue": 177576,
            "common_shares": 852812,
            "book_valuer_per_share": 19.91,
            "book_valuer_per_share_4q_avg": 20.09,
            "equity": 1760833,
            "current_ratio": 2617.13,
            "debt_ratio": 5.33,
            "inventory_turnover_ratio": 1.26,
            "account_receivable_turnover_ratio": 1.47,
            "reinvestment_rate": -33.56,
            "research_to_sale_ratio": 1.42,
            "price_fair": 26.34,
            "eps_avg_yearly": 0.75,
            "eps_latest_yearly": 0.24,
            "eps_growth_yearly": 200.91
        },
        "20194": {
            "year_quarter": 20194,
            "year": 2019,
            "quarter": 4,
            "eps": 0.1,
            "eps_growth_year": -44.17,
            "eps_4q": 0.43,
            "eps_4q_growth_year": -39.44,
            "roe": 0.4,
            "roe_4q": 1.9499999999999997,
            "gross_profit": 24682,
            "gross_margin": 14.07,
            "gross_margin_4q_avg": 10.87,
            "net_income": 7094,
            "revenue": 175368,
            "common_shares": 852812,
            "book_valuer_per_share": 19.97,
            "book_valuer_per_share_4q_avg": 20.04,
            "equity": 1763717,
            "current_ratio": 1880.99,
            "debt_ratio": 5.91,
            "inventory_turnover_ratio": 1.17,
            "account_receivable_turnover_ratio": 1.46,
            "reinvestment_rate": -11.64,
            "research_to_sale_ratio": 1.34,
            "price_fair": 24.68,
            "eps_avg_yearly": 0.71,
            "eps_latest_yearly": 0.4,
            "eps_growth_yearly": 222.43
        },
        "20201": {
            "year_quarter": 20201,
            "year": 2020,
            "quarter": 1,
            "eps": 1.45,
            "eps_growth_year": 1015.38,
            "eps_4q": 1.74,
            "eps_4q_growth_year": 136.86,
            "roe": 7.35,
            "roe_4q": 8.73,
            "gross_profit": 184520,
            "gross_margin": 43.1,
            "gross_margin_4q_avg": 18.81,
            "net_income": 135215,
            "revenue": 428099,
            "common_shares": 852812,
            "book_valuer_per_share": 21.65,
            "book_valuer_per_share_4q_avg": 20.37,
            "equity": 1917911,
            "current_ratio": 608.24,
            "debt_ratio": 11.28,
            "inventory_turnover_ratio": 1.71,
            "account_receivable_turnover_ratio": 2.73,
            "reinvestment_rate": 12.28,
            "research_to_sale_ratio": 0.8,
            "price_fair": 34.3,
            "eps_avg_yearly": 0.98,
            "eps_latest_yearly": 5.8,
            "eps_growth_yearly": 554.76
        },
        "20202": {
            "year_quarter": 20202,
            "year": 2020,
            "quarter": 2,
            "eps": 7.21,
            "eps_growth_year": 5050,
            "eps_4q": 8.82,
            "eps_4q_growth_year": 1396.79,
            "roe": 27.55,
            "roe_4q": 35.629999999999995,
            "gross_profit": 853337,
            "gross_margin": 68.8,
            "gross_margin_4q_avg": 33.48,
            "net_income": 629668,
            "revenue": 1240389,
            "common_shares": 852812,
            "book_valuer_per_share": 30.11,
            "book_valuer_per_share_4q_avg": 22.91,
            "equity": 2652593,
            "current_ratio": 478.03,
            "debt_ratio": 14.51,
            "inventory_turnover_ratio": 2.4,
            "account_receivable_turnover_ratio": 4.07,
            "reinvestment_rate": 11.76,
            "research_to_sale_ratio": 0.28,
            "price_fair": 94.68,
            "eps_avg_yearly": 2.71,
            "eps_latest_yearly": 28.84,
            "eps_growth_yearly": 656.93
        },
        "20203": {
            "year_quarter": 20203,
            "year": 2020,
            "quarter": 3,
            "eps": 8.04,
            "eps_growth_year": 13300,
            "eps_4q": 16.8,
            "eps_4q_growth_year": 3252.26,
            "roe": 23.29,
            "roe_4q": 58.59,
            "gross_profit": 931949,
            "gross_margin": 70.37,
            "gross_margin_4q_avg": 49.09,
            "net_income": 694943,
            "revenue": 1324440,
            "common_shares": 852812,
            "book_valuer_per_share": 37.74,
            "book_valuer_per_share_4q_avg": 27.37,
            "equity": 3314583,
            "current_ratio": 398.08,
            "debt_ratio": 18.6,
            "inventory_turnover_ratio": 2.3,
            "account_receivable_turnover_ratio": 3.72,
            "reinvestment_rate": 13.78,
            "research_to_sale_ratio": 0.29,
            "price_fair": 164.15,
            "eps_avg_yearly": 4.69,
            "eps_latest_yearly": 32.16,
            "eps_growth_yearly": 676.74
        },
        "20204": {
            "year_quarter": 20204,
            "year": 2020,
            "quarter": 4,
            "eps": 6.46,
            "eps_growth_year": 6624.62,
            "eps_4q": 23.16,
            "eps_4q_growth_year": 5348.67,
            "roe": 15.53,
            "roe_4q": 73.72,
            "gross_profit": 736259,
            "gross_margin": 69.2,
            "gross_margin_4q_avg": 62.87,
            "net_income": 554750,
            "revenue": 1063930,
            "common_shares": 852812,
            "book_valuer_per_share": 43.72,
            "book_valuer_per_share_4q_avg": 33.31,
            "equity": 3829882,
            "current_ratio": 450.55,
            "debt_ratio": 17.37,
            "inventory_turnover_ratio": 1.79,
            "account_receivable_turnover_ratio": 3.32,
            "reinvestment_rate": 14.93,
            "research_to_sale_ratio": 0.36,
            "price_fair": 217,
            "eps_avg_yearly": 6.2,
            "eps_latest_yearly": 25.84,
            "eps_growth_yearly": 591.83
        },
        "20211": {
            "year_quarter": 20211,
            "year": 2021,
            "quarter": 1,
            "eps": 1.84,
            "eps_growth_year": 26.9,
            "eps_4q": 23.55,
            "eps_4q_growth_year": 1249.88,
            "roe": 4.03,
            "roe_4q": 70.39999999999999,
            "gross_profit": 224043,
            "gross_margin": 47.6,
            "gross_margin_4q_avg": 63.99,
            "net_income": 157439,
            "revenue": 470661,
            "common_shares": 852812,
            "book_valuer_per_share": 45.62,
            "book_valuer_per_share_4q_avg": 39.3,
            "equity": 3992080,
            "current_ratio": 470.46,
            "debt_ratio": 16.78,
            "inventory_turnover_ratio": 1.28,
            "account_receivable_turnover_ratio": 1.9,
            "reinvestment_rate": 15.14,
            "research_to_sale_ratio": 0.58,
            "price_fair": 232.93,
            "eps_avg_yearly": 6.66,
            "eps_latest_yearly": 7.36,
            "eps_growth_yearly": 597.76
        },
        "20212": {
            "year_quarter": 20212,
            "year": 2021,
            "quarter": 2,
            "eps": 1.63,
            "eps_growth_year": -77.39,
            "eps_4q": 17.97,
            "eps_4q_growth_year": 103.86,
            "roe": 3.9,
            "roe_4q": 46.75,
            "gross_profit": 189431,
            "gross_margin": 47.11,
            "gross_margin_4q_avg": 58.57,
            "net_income": 138373,
            "revenue": 402108,
            "common_shares": 852812,
            "book_valuer_per_share": 35.16,
            "book_valuer_per_share_4q_avg": 40.56,
            "equity": 3098431,
            "current_ratio": 237.52,
            "debt_ratio": 30.95,
            "inventory_turnover_ratio": 1.17,
            "account_receivable_turnover_ratio": 2.64,
            "reinvestment_rate": 14.99,
            "research_to_sale_ratio": 0.64,
            "price_fair": 245.96,
            "eps_avg_yearly": 7.03,
            "eps_latest_yearly": 6.52,
            "eps_growth_yearly": 444.91
        },
        "20213": {
            "year_quarter": 20213,
            "year": 2021,
            "quarter": 3,
            "eps": -0.29,
            "eps_growth_year": -103.61,
            "eps_4q": 9.64,
            "eps_4q_growth_year": -42.62,
            "roe": -0.86,
            "roe_4q": 22.6,
            "gross_profit": 19353,
            "gross_margin": 11.44,
            "gross_margin_4q_avg": 43.84,
            "net_income": -26324,
            "revenue": 169120,
            "common_shares": 852812,
            "book_valuer_per_share": 34.4,
            "book_valuer_per_share_4q_avg": 39.73,
            "equity": 3031809,
            "current_ratio": 1391.79,
            "debt_ratio": 6.42,
            "inventory_turnover_ratio": 0.88,
            "account_receivable_turnover_ratio": 1.4,
            "reinvestment_rate": 15.43,
            "research_to_sale_ratio": 1.49,
            "price_fair": 260.77,
            "eps_avg_yearly": 7.45,
            "eps_latest_yearly": 6.52,
            "eps_growth_yearly": 468.85
        },
        "20214": {
            "year_quarter": 20214,
            "year": 2021,
            "quarter": 4,
            "eps": 0.09,
            "eps_growth_year": -98.68,
            "eps_4q": 3.26,
            "eps_4q_growth_year": -85.9,
            "roe": 0.26,
            "roe_4q": 7.33,
            "gross_profit": 6966,
            "gross_margin": 4.67,
            "gross_margin_4q_avg": 27.71,
            "net_income": 8004,
            "revenue": 149154,
            "common_shares": 852812,
            "book_valuer_per_share": 34.57,
            "book_valuer_per_share_4q_avg": 37.44,
            "equity": 3048646,
            "current_ratio": 1802.13,
            "debt_ratio": 5.24,
            "inventory_turnover_ratio": 0.84,
            "account_receivable_turnover_ratio": 1.56,
            "reinvestment_rate": 15.64,
            "research_to_sale_ratio": 1.39,
            "price_fair": 277.6,
            "eps_avg_yearly": 7.93,
            "eps_latest_yearly": 6.52,
            "eps_growth_yearly": 500.66
        },
        "20221": {
            "year_quarter": 20221,
            "year": 2022,
            "quarter": 1,
            "eps": 0.04,
            "eps_growth_year": -97.83,
            "eps_4q": 1.47,
            "eps_4q_growth_year": -93.78,
            "roe": 0.07,
            "roe_4q": 3.37,
            "gross_profit": 10808,
            "gross_margin": 7.21,
            "gross_margin_4q_avg": 17.61,
            "net_income": 2278,
            "revenue": 149980,
            "common_shares": 852812,
            "book_valuer_per_share": 34.78,
            "book_valuer_per_share_4q_avg": 34.73,
            "equity": 3069153,
            "current_ratio": 1774.13,
            "debt_ratio": 5.28,
            "inventory_turnover_ratio": 0.86,
            "account_receivable_turnover_ratio": 1.68,
            "reinvestment_rate": 17.83,
            "research_to_sale_ratio": 1.55,
            "price_fair": 277,
            "eps_avg_yearly": 7.91,
            "eps_latest_yearly": 0.16,
            "eps_growth_yearly": 497.49
        },
        "20222": {
            "year_quarter": 20222,
            "year": 2022,
            "quarter": 2,
            "eps": 0.03,
            "eps_growth_year": -98.16,
            "eps_4q": -0.14,
            "eps_4q_growth_year": -100.79,
            "roe": 0.1,
            "roe_4q": -0.42999999999999994,
            "gross_profit": 7848,
            "gross_margin": 5.21,
            "gross_margin_4q_avg": 7.13,
            "net_income": 2919,
            "revenue": 150525,
            "common_shares": 852812,
            "book_valuer_per_share": 32.5,
            "book_valuer_per_share_4q_avg": 34.06,
            "equity": 2873897,
            "current_ratio": 782.04,
            "debt_ratio": 9.57,
            "inventory_turnover_ratio": 0.96,
            "account_receivable_turnover_ratio": 1.74,
            "reinvestment_rate": 17.58,
            "research_to_sale_ratio": 1.82,
            "price_fair": 274.5,
            "eps_avg_yearly": 7.84,
            "eps_latest_yearly": 0.12,
            "eps_growth_yearly": 438.92
        },
        "20223": {
            "year_quarter": 20223,
            "year": 2022,
            "quarter": 3,
            "eps": 0.28,
            "eps_growth_year": null,
            "eps_4q": 0.43,
            "eps_4q_growth_year": -95.52,
            "roe": 0.79,
            "roe_4q": 1.22,
            "gross_profit": 7004,
            "gross_margin": 5.11,
            "gross_margin_4q_avg": 5.55,
            "net_income": 22660,
            "revenue": 137020,
            "common_shares": 852812,
            "book_valuer_per_share": 32.77,
            "book_valuer_per_share_4q_avg": 33.66,
            "equity": 2896626,
            "current_ratio": 3236.98,
            "debt_ratio": 4,
            "inventory_turnover_ratio": 0.94,
            "account_receivable_turnover_ratio": 1.56,
            "reinvestment_rate": 16.54,
            "research_to_sale_ratio": 1.69,
            "price_fair": 275.8,
            "eps_avg_yearly": 7.88,
            "eps_latest_yearly": 1.12,
            "eps_growth_yearly": 690.28
        },
        "20224": {
            "year_quarter": 20224,
            "year": 2022,
            "quarter": 4,
            "eps": -0.15,
            "eps_growth_year": -278.93,
            "eps_4q": 0.19,
            "eps_4q_growth_year": -94.04,
            "roe": -0.5,
            "roe_4q": 0.46,
            "gross_profit": 18014,
            "gross_margin": 15.47,
            "gross_margin_4q_avg": 8.25,
            "net_income": -14331,
            "revenue": 116443,
            "common_shares": 852812,
            "book_valuer_per_share": 32.6,
            "book_valuer_per_share_4q_avg": 33.16,
            "equity": 2879008,
            "current_ratio": 2548.37,
            "debt_ratio": 4.2,
            "inventory_turnover_ratio": 0.78,
            "account_receivable_turnover_ratio": 1.5,
            "reinvestment_rate": 15.6,
            "research_to_sale_ratio": 1.7,
            "price_fair": 295.18,
            "eps_avg_yearly": 8.43,
            "eps_latest_yearly": 1.12,
            "eps_growth_yearly": 739.27
        },
        "20231": {
            "year_quarter": 20231,
            "year": 2023,
            "quarter": 1,
            "eps": -0.02,
            "eps_growth_year": -150,
            "eps_4q": 0.14,
            "eps_4q_growth_year": -90.64,
            "roe": -0.09,
            "roe_4q": 0.30000000000000004,
            "gross_profit": 5548,
            "gross_margin": 5.06,
            "gross_margin_4q_avg": 7.71,
            "net_income": -2618,
            "revenue": 109668,
            "common_shares": 852812,
            "book_valuer_per_share": 32.62,
            "book_valuer_per_share_4q_avg": 32.62,
            "equity": 2880100,
            "current_ratio": 3074.12,
            "debt_ratio": 3.79,
            "inventory_turnover_ratio": 0.89,
            "account_receivable_turnover_ratio": 1.58,
            "reinvestment_rate": 13.91,
            "research_to_sale_ratio": 2.09,
            "price_fair": 318.27,
            "eps_avg_yearly": 9.09,
            "eps_latest_yearly": 1.12,
            "eps_growth_yearly": 808.72
        }
    },
    "months": {
        "2001-06": {
            "month": "2001-06",
            "price": "12.92",
            "revenue": 22096
        },
        "2001-07": {
            "month": "2001-07",
            "price": "10.51",
            "revenue": 26579
        },
        "2001-08": {
            "month": "2001-08",
            "price": "9.98",
            "revenue": 26143
        },
        "2001-09": {
            "month": "2001-09",
            "price": "8.62",
            "revenue": 22976
        },
        "2001-10": {
            "month": "2001-10",
            "price": "7.84",
            "revenue": 24982
        },
        "2001-11": {
            "month": "2001-11",
            "price": "8.01",
            "revenue": 27038
        },
        "2001-12": {
            "month": "2001-12",
            "price": "8.89",
            "revenue": 22867
        },
        "2002-01": {
            "month": "2002-01",
            "price": "8.84",
            "revenue": 28263
        },
        "2002-02": {
            "month": "2002-02",
            "price": "8.57",
            "revenue": 17091
        },
        "2002-03": {
            "month": "2002-03",
            "price": "9.08",
            "revenue": 25459
        },
        "2002-04": {
            "month": "2002-04",
            "price": "10.07",
            "revenue": 20798
        },
        "2002-05": {
            "month": "2002-05",
            "price": "8.93",
            "revenue": 26531
        },
        "2002-06": {
            "month": "2002-06",
            "price": "9.17",
            "revenue": 24232
        },
        "2002-07": {
            "month": "2002-07",
            "price": "8.93",
            "revenue": 25182
        },
        "2002-08": {
            "month": "2002-08",
            "price": "8.51",
            "revenue": 24411
        },
        "2002-09": {
            "month": "2002-09",
            "price": "7.47",
            "revenue": 24732
        },
        "2002-10": {
            "month": "2002-10",
            "price": "7.55",
            "revenue": 25342
        },
        "2002-11": {
            "month": "2002-11",
            "price": "7.74",
            "revenue": 32260
        },
        "2002-12": {
            "month": "2002-12",
            "price": "8.68",
            "revenue": 33979
        },
        "2003-01": {
            "month": "2003-01",
            "price": "8.87",
            "revenue": 29243
        },
        "2003-02": {
            "month": "2003-02",
            "price": "8.47",
            "revenue": 21564
        },
        "2003-03": {
            "month": "2003-03",
            "price": "7.99",
            "revenue": 35788
        },
        "2003-04": {
            "month": "2003-04",
            "price": "10.24",
            "revenue": 46651
        },
        "2003-05": {
            "month": "2003-05",
            "price": "14.28",
            "revenue": 68050
        },
        "2003-06": {
            "month": "2003-06",
            "price": "11.05",
            "revenue": 70388
        },
        "2003-07": {
            "month": "2003-07",
            "price": "10.70",
            "revenue": 62445
        },
        "2003-08": {
            "month": "2003-08",
            "price": "11.30",
            "revenue": 42791
        },
        "2003-09": {
            "month": "2003-09",
            "price": "11.44",
            "revenue": 34235
        },
        "2003-10": {
            "month": "2003-10",
            "price": "11.14",
            "revenue": 27320
        },
        "2003-11": {
            "month": "2003-11",
            "price": "10.92",
            "revenue": 33927
        },
        "2003-12": {
            "month": "2003-12",
            "price": "11.50",
            "revenue": 42397
        },
        "2004-01": {
            "month": "2004-01",
            "price": "11.43",
            "revenue": 30972
        },
        "2004-02": {
            "month": "2004-02",
            "price": "12.19",
            "revenue": 37227
        },
        "2004-03": {
            "month": "2004-03",
            "price": "11.06",
            "revenue": 43734
        },
        "2004-04": {
            "month": "2004-04",
            "price": "10.44",
            "revenue": 37687
        },
        "2004-05": {
            "month": "2004-05",
            "price": "8.71",
            "revenue": 32822
        },
        "2004-06": {
            "month": "2004-06",
            "price": "8.07",
            "revenue": 42760
        },
        "2004-07": {
            "month": "2004-07",
            "price": "7.75",
            "revenue": 30690
        },
        "2004-08": {
            "month": "2004-08",
            "price": "7.34",
            "revenue": 45198
        },
        "2004-09": {
            "month": "2004-09",
            "price": "7.16",
            "revenue": 43164
        },
        "2004-10": {
            "month": "2004-10",
            "price": "7.34",
            "revenue": 40927
        },
        "2004-11": {
            "month": "2004-11",
            "price": "7.13",
            "revenue": 41111
        },
        "2004-12": {
            "month": "2004-12",
            "price": "7.32",
            "revenue": 41928
        },
        "2005-01": {
            "month": "2005-01",
            "price": "7.75",
            "revenue": 55349
        },
        "2005-02": {
            "month": "2005-02",
            "price": "7.79",
            "revenue": 47128
        },
        "2005-03": {
            "month": "2005-03",
            "price": "8.40",
            "revenue": 89771
        },
        "2005-04": {
            "month": "2005-04",
            "price": "9.52",
            "revenue": 70967
        },
        "2005-05": {
            "month": "2005-05",
            "price": "8.82",
            "revenue": 62653
        },
        "2005-06": {
            "month": "2005-06",
            "price": "9.09",
            "revenue": 64387
        },
        "2005-07": {
            "month": "2005-07",
            "price": "9.20",
            "revenue": 60577
        },
        "2005-08": {
            "month": "2005-08",
            "price": "9.31",
            "revenue": 69378
        },
        "2005-09": {
            "month": "2005-09",
            "price": "9.30",
            "revenue": 72618
        },
        "2005-10": {
            "month": "2005-10",
            "price": "11.83",
            "revenue": 85368
        },
        "2005-11": {
            "month": "2005-11",
            "price": "15.49",
            "revenue": 90395
        },
        "2005-12": {
            "month": "2005-12",
            "price": "14.08",
            "revenue": 86077
        },
        "2006-01": {
            "month": "2006-01",
            "price": "13.67",
            "revenue": 77655
        },
        "2006-02": {
            "month": "2006-02",
            "price": "14.00",
            "revenue": 70267
        },
        "2006-03": {
            "month": "2006-03",
            "price": "13.71",
            "revenue": 72181
        },
        "2006-04": {
            "month": "2006-04",
            "price": "12.19",
            "revenue": 72423
        },
        "2006-05": {
            "month": "2006-05",
            "price": "10.93",
            "revenue": 72705
        },
        "2006-06": {
            "month": "2006-06",
            "price": "10.30",
            "revenue": 75388
        },
        "2006-07": {
            "month": "2006-07",
            "price": "10.07",
            "revenue": 61216
        },
        "2006-08": {
            "month": "2006-08",
            "price": "10.27",
            "revenue": 69656
        },
        "2006-09": {
            "month": "2006-09",
            "price": "10.56",
            "revenue": 72446
        },
        "2006-10": {
            "month": "2006-10",
            "price": "11.49",
            "revenue": 80940
        },
        "2006-11": {
            "month": "2006-11",
            "price": "11.41",
            "revenue": 90071
        },
        "2006-12": {
            "month": "2006-12",
            "price": "11.70",
            "revenue": 86476
        },
        "2007-01": {
            "month": "2007-01",
            "price": "11.63",
            "revenue": 94266
        },
        "2007-02": {
            "month": "2007-02",
            "price": "11.36",
            "revenue": 60244
        },
        "2007-03": {
            "month": "2007-03",
            "price": "10.53",
            "revenue": 104413
        },
        "2007-04": {
            "month": "2007-04",
            "price": "11.06",
            "revenue": 97711
        },
        "2007-05": {
            "month": "2007-05",
            "price": "11.48",
            "revenue": 96479
        },
        "2007-06": {
            "month": "2007-06",
            "price": "12.11",
            "revenue": 80878
        },
        "2007-07": {
            "month": "2007-07",
            "price": "13.66",
            "revenue": 82322
        },
        "2007-08": {
            "month": "2007-08",
            "price": "12.49",
            "revenue": 88636
        },
        "2007-09": {
            "month": "2007-09",
            "price": "13.40",
            "revenue": 91127
        },
        "2007-10": {
            "month": "2007-10",
            "price": "13.19",
            "revenue": 108990
        },
        "2007-11": {
            "month": "2007-11",
            "price": "12.37",
            "revenue": 96382
        },
        "2007-12": {
            "month": "2007-12",
            "price": "12.42",
            "revenue": 109332
        },
        "2008-01": {
            "month": "2008-01",
            "price": "12.21",
            "revenue": 105429
        },
        "2008-02": {
            "month": "2008-02",
            "price": "12.17",
            "revenue": 90497
        },
        "2008-03": {
            "month": "2008-03",
            "price": "13.29",
            "revenue": 113197
        },
        "2008-04": {
            "month": "2008-04",
            "price": "13.50",
            "revenue": 105828
        },
        "2008-05": {
            "month": "2008-05",
            "price": "14.90",
            "revenue": 107157
        },
        "2008-06": {
            "month": "2008-06",
            "price": "12.73",
            "revenue": 104613
        },
        "2008-07": {
            "month": "2008-07",
            "price": "10.76",
            "revenue": 120757
        },
        "2008-08": {
            "month": "2008-08",
            "price": "10.57",
            "revenue": 80751
        },
        "2008-09": {
            "month": "2008-09",
            "price": "9.76",
            "revenue": 101764
        },
        "2008-10": {
            "month": "2008-10",
            "price": "8.14",
            "revenue": 90039
        },
        "2008-11": {
            "month": "2008-11",
            "price": "8.37",
            "revenue": 85257
        },
        "2008-12": {
            "month": "2008-12",
            "price": "8.78",
            "revenue": 86128
        },
        "2009-01": {
            "month": "2009-01",
            "price": "8.89",
            "revenue": 60865
        },
        "2009-02": {
            "month": "2009-02",
            "price": "8.83",
            "revenue": 62257
        },
        "2009-03": {
            "month": "2009-03",
            "price": "9.37",
            "revenue": 79890
        },
        "2009-04": {
            "month": "2009-04",
            "price": "11.60",
            "revenue": 70273
        },
        "2009-05": {
            "month": "2009-05",
            "price": "20.48",
            "revenue": 63947
        },
        "2009-06": {
            "month": "2009-06",
            "price": "19.98",
            "revenue": 79208
        },
        "2009-07": {
            "month": "2009-07",
            "price": "21.56",
            "revenue": 81307
        },
        "2009-08": {
            "month": "2009-08",
            "price": "29.82",
            "revenue": 83026
        },
        "2009-09": {
            "month": "2009-09",
            "price": "29.50",
            "revenue": 112772
        },
        "2009-10": {
            "month": "2009-10",
            "price": "29.34",
            "revenue": 122979
        },
        "2009-11": {
            "month": "2009-11",
            "price": "29.90",
            "revenue": 106694
        },
        "2009-12": {
            "month": "2009-12",
            "price": "27.62",
            "revenue": 139807
        },
        "2010-01": {
            "month": "2010-01",
            "price": "25.65",
            "revenue": 93209
        },
        "2010-02": {
            "month": "2010-02",
            "price": "21.07",
            "revenue": 76901
        },
        "2010-03": {
            "month": "2010-03",
            "price": "22.32",
            "revenue": 93835
        },
        "2010-04": {
            "month": "2010-04",
            "price": "24.23",
            "revenue": 90081
        },
        "2010-05": {
            "month": "2010-05",
            "price": "23.10",
            "revenue": 88701
        },
        "2010-06": {
            "month": "2010-06",
            "price": "22.15",
            "revenue": 100022
        },
        "2010-07": {
            "month": "2010-07",
            "price": "22.44",
            "revenue": 79219
        },
        "2010-08": {
            "month": "2010-08",
            "price": "24.47",
            "revenue": 74984
        },
        "2010-09": {
            "month": "2010-09",
            "price": "25.86",
            "revenue": 103892
        },
        "2010-10": {
            "month": "2010-10",
            "price": "25.60",
            "revenue": 103448
        },
        "2010-11": {
            "month": "2010-11",
            "price": "25.31",
            "revenue": 111040
        },
        "2010-12": {
            "month": "2010-12",
            "price": "24.84",
            "revenue": 116127
        },
        "2011-01": {
            "month": "2011-01",
            "price": "25.16",
            "revenue": 113219
        },
        "2011-02": {
            "month": "2011-02",
            "price": "25.33",
            "revenue": 75288
        },
        "2011-03": {
            "month": "2011-03",
            "price": "25.30",
            "revenue": 108629
        },
        "2011-04": {
            "month": "2011-04",
            "price": "24.24",
            "revenue": 100313
        },
        "2011-05": {
            "month": "2011-05",
            "price": "23.12",
            "revenue": 97050
        },
        "2011-06": {
            "month": "2011-06",
            "price": "22.25",
            "revenue": 78674
        },
        "2011-07": {
            "month": "2011-07",
            "price": "21.90",
            "revenue": 72877
        },
        "2011-08": {
            "month": "2011-08",
            "price": "18.56",
            "revenue": 63198
        },
        "2011-09": {
            "month": "2011-09",
            "price": "18.18",
            "revenue": 77782
        },
        "2011-10": {
            "month": "2011-10",
            "price": "17.94",
            "revenue": 83418
        },
        "2011-11": {
            "month": "2011-11",
            "price": "18.38",
            "revenue": 78311
        },
        "2011-12": {
            "month": "2011-12",
            "price": "17.85",
            "revenue": 90591
        },
        "2012-01": {
            "month": "2012-01",
            "price": "18.57",
            "revenue": 67405
        },
        "2012-02": {
            "month": "2012-02",
            "price": "18.89",
            "revenue": 74604
        },
        "2012-03": {
            "month": "2012-03",
            "price": "18.79",
            "revenue": 64894
        },
        "2012-04": {
            "month": "2012-04",
            "price": "17.36",
            "revenue": 69329
        },
        "2012-05": {
            "month": "2012-05",
            "price": "16.97",
            "revenue": 76600
        },
        "2012-06": {
            "month": "2012-06",
            "price": "16.16",
            "revenue": 71557
        },
        "2012-07": {
            "month": "2012-07",
            "price": "16.15",
            "revenue": 69680
        },
        "2012-08": {
            "month": "2012-08",
            "price": "16.24",
            "revenue": 75465
        },
        "2012-09": {
            "month": "2012-09",
            "price": "16.70",
            "revenue": 70367
        },
        "2012-10": {
            "month": "2012-10",
            "price": "17.43",
            "revenue": 77961
        },
        "2012-11": {
            "month": "2012-11",
            "price": "16.46",
            "revenue": 72818
        },
        "2012-12": {
            "month": "2012-12",
            "price": "16.82",
            "revenue": 92129
        },
        "2013-01": {
            "month": "2013-01",
            "price": "17.70",
            "revenue": 105503
        },
        "2013-02": {
            "month": "2013-02",
            "price": "17.54",
            "revenue": 70720
        },
        "2013-03": {
            "month": "2013-03",
            "price": "17.24",
            "revenue": 91944
        },
        "2013-04": {
            "month": "2013-04",
            "price": "21.46",
            "revenue": 96567
        },
        "2013-05": {
            "month": "2013-05",
            "price": "19.59",
            "revenue": 88283
        },
        "2013-06": {
            "month": "2013-06",
            "price": "18.04",
            "revenue": 64524
        },
        "2013-07": {
            "month": "2013-07",
            "price": "17.95",
            "revenue": 96180
        },
        "2013-08": {
            "month": "2013-08",
            "price": "18.67",
            "revenue": 89355
        },
        "2013-09": {
            "month": "2013-09",
            "price": "18.74",
            "revenue": 76056
        },
        "2013-10": {
            "month": "2013-10",
            "price": "19.47",
            "revenue": 95389
        },
        "2013-11": {
            "month": "2013-11",
            "price": "19.81",
            "revenue": 101338
        },
        "2013-12": {
            "month": "2013-12",
            "price": "20.07",
            "revenue": 113544
        },
        "2014-01": {
            "month": "2014-01",
            "price": "20.52",
            "revenue": 118313
        },
        "2014-02": {
            "month": "2014-02",
            "price": "20.47",
            "revenue": 94042
        },
        "2014-03": {
            "month": "2014-03",
            "price": "19.73",
            "revenue": 80618
        },
        "2014-04": {
            "month": "2014-04",
            "price": "18.98",
            "revenue": 101003
        },
        "2014-05": {
            "month": "2014-05",
            "price": "18.51",
            "revenue": 89915
        },
        "2014-06": {
            "month": "2014-06",
            "price": "18.39",
            "revenue": 84996
        },
        "2014-07": {
            "month": "2014-07",
            "price": "18.51",
            "revenue": 80478
        },
        "2014-08": {
            "month": "2014-08",
            "price": "18.90",
            "revenue": 90128
        },
        "2014-09": {
            "month": "2014-09",
            "price": "18.62",
            "revenue": 74300
        },
        "2014-10": {
            "month": "2014-10",
            "price": "21.04",
            "revenue": 120921
        },
        "2014-11": {
            "month": "2014-11",
            "price": "20.25",
            "revenue": 133253
        },
        "2014-12": {
            "month": "2014-12",
            "price": "20.27",
            "revenue": 137467
        },
        "2015-01": {
            "month": "2015-01",
            "price": "20.67",
            "revenue": 102640
        },
        "2015-02": {
            "month": "2015-02",
            "price": "20.55",
            "revenue": 73968
        },
        "2015-03": {
            "month": "2015-03",
            "price": "20.26",
            "revenue": 103371
        },
        "2015-04": {
            "month": "2015-04",
            "price": "20.37",
            "revenue": 103457
        },
        "2015-05": {
            "month": "2015-05",
            "price": "20.54",
            "revenue": 94143
        },
        "2015-06": {
            "month": "2015-06",
            "price": "20.99",
            "revenue": 85996
        },
        "2015-07": {
            "month": "2015-07",
            "price": "19.55",
            "revenue": 77106
        },
        "2015-08": {
            "month": "2015-08",
            "price": "19.75",
            "revenue": 72960
        },
        "2015-09": {
            "month": "2015-09",
            "price": "19.58",
            "revenue": 96833
        },
        "2015-10": {
            "month": "2015-10",
            "price": "20.13",
            "revenue": 99153
        },
        "2015-11": {
            "month": "2015-11",
            "price": "20.55",
            "revenue": 92238
        },
        "2015-12": {
            "month": "2015-12",
            "price": "20.90",
            "revenue": 108021
        },
        "2016-01": {
            "month": "2016-01",
            "price": "20.73",
            "revenue": 87387
        },
        "2016-02": {
            "month": "2016-02",
            "price": "20.91",
            "revenue": 70333
        },
        "2016-03": {
            "month": "2016-03",
            "price": "20.47",
            "revenue": 102211
        },
        "2016-04": {
            "month": "2016-04",
            "price": "19.59",
            "revenue": 72595
        },
        "2016-05": {
            "month": "2016-05",
            "price": "19.36",
            "revenue": 95752
        },
        "2016-06": {
            "month": "2016-06",
            "price": "19.59",
            "revenue": 81088
        },
        "2016-07": {
            "month": "2016-07",
            "price": "19.91",
            "revenue": 71781
        },
        "2016-08": {
            "month": "2016-08",
            "price": "19.77",
            "revenue": 70147
        },
        "2016-09": {
            "month": "2016-09",
            "price": "19.49",
            "revenue": 74969
        },
        "2016-10": {
            "month": "2016-10",
            "price": "19.57",
            "revenue": 74618
        },
        "2016-11": {
            "month": "2016-11",
            "price": "19.37",
            "revenue": 93722
        },
        "2016-12": {
            "month": "2016-12",
            "price": "21.09",
            "revenue": 95825
        },
        "2017-01": {
            "month": "2017-01",
            "price": "21.05",
            "revenue": 99204
        },
        "2017-02": {
            "month": "2017-02",
            "price": "21.88",
            "revenue": 59603
        },
        "2017-03": {
            "month": "2017-03",
            "price": "21.74",
            "revenue": 68944
        },
        "2017-04": {
            "month": "2017-04",
            "price": "21.22",
            "revenue": 67473
        },
        "2017-05": {
            "month": "2017-05",
            "price": "21.24",
            "revenue": 77036
        },
        "2017-06": {
            "month": "2017-06",
            "price": "21.11",
            "revenue": 67015
        },
        "2017-07": {
            "month": "2017-07",
            "price": "20.29",
            "revenue": 55781
        },
        "2017-08": {
            "month": "2017-08",
            "price": "19.57",
            "revenue": 78331
        },
        "2017-09": {
            "month": "2017-09",
            "price": "19.63",
            "revenue": 74969
        },
        "2017-10": {
            "month": "2017-10",
            "price": "19.47",
            "revenue": 83092
        },
        "2017-11": {
            "month": "2017-11",
            "price": "19.17",
            "revenue": 65771
        },
        "2017-12": {
            "month": "2017-12",
            "price": "19.39",
            "revenue": 67991
        },
        "2018-01": {
            "month": "2018-01",
            "price": "19.61",
            "revenue": 81120
        },
        "2018-02": {
            "month": "2018-02",
            "price": "19.05",
            "revenue": 65751
        },
        "2018-03": {
            "month": "2018-03",
            "price": "18.31",
            "revenue": 82253
        },
        "2018-04": {
            "month": "2018-04",
            "price": "18.01",
            "revenue": 62915
        },
        "2018-05": {
            "month": "2018-05",
            "price": "18.12",
            "revenue": 81403
        },
        "2018-06": {
            "month": "2018-06",
            "price": "18.06",
            "revenue": 73695
        },
        "2018-07": {
            "month": "2018-07",
            "price": "17.81",
            "revenue": 59084
        },
        "2018-08": {
            "month": "2018-08",
            "price": "17.43",
            "revenue": 81972
        },
        "2018-09": {
            "month": "2018-09",
            "price": "17.62",
            "revenue": 75146
        },
        "2018-10": {
            "month": "2018-10",
            "price": "17.22",
            "revenue": 74151
        },
        "2018-11": {
            "month": "2018-11",
            "price": "16.88",
            "revenue": 88320
        },
        "2018-12": {
            "month": "2018-12",
            "price": "16.73",
            "revenue": 88639
        },
        "2019-01": {
            "month": "2019-01",
            "price": "16.45",
            "revenue": 81517
        },
        "2019-02": {
            "month": "2019-02",
            "price": "16.40",
            "revenue": 45720
        },
        "2019-03": {
            "month": "2019-03",
            "price": "16.33",
            "revenue": 68416
        },
        "2019-04": {
            "month": "2019-04",
            "price": "16.36",
            "revenue": 67408
        },
        "2019-05": {
            "month": "2019-05",
            "price": "16.04",
            "revenue": 77676
        },
        "2019-06": {
            "month": "2019-06",
            "price": "16.06",
            "revenue": 79094
        },
        "2019-07": {
            "month": "2019-07",
            "price": "15.89",
            "revenue": 63019
        },
        "2019-08": {
            "month": "2019-08",
            "price": "15.62",
            "revenue": 52577
        },
        "2019-09": {
            "month": "2019-09",
            "price": "15.59",
            "revenue": 61980
        },
        "2019-10": {
            "month": "2019-10",
            "price": "15.55",
            "revenue": 53828
        },
        "2019-11": {
            "month": "2019-11",
            "price": "15.61",
            "revenue": 55641
        },
        "2019-12": {
            "month": "2019-12",
            "price": "15.60",
            "revenue": 65899
        },
        "2020-01": {
            "month": "2020-01",
            "price": "18.83",
            "revenue": 58992
        },
        "2020-02": {
            "month": "2020-02",
            "price": "29.08",
            "revenue": 106907
        },
        "2020-03": {
            "month": "2020-03",
            "price": "37.48",
            "revenue": 262200
        },
        "2020-04": {
            "month": "2020-04",
            "price": "58.24",
            "revenue": 316354
        },
        "2020-05": {
            "month": "2020-05",
            "price": "130.06",
            "revenue": 439228
        },
        "2020-06": {
            "month": "2020-06",
            "price": "179.40",
            "revenue": 484807
        },
        "2020-07": {
            "month": "2020-07",
            "price": "159.33",
            "revenue": 399921
        },
        "2020-08": {
            "month": "2020-08",
            "price": "167.86",
            "revenue": 452980
        },
        "2020-09": {
            "month": "2020-09",
            "price": "139.61",
            "revenue": 471539
        },
        "2020-10": {
            "month": "2020-10",
            "price": "132.08",
            "revenue": 474557
        },
        "2020-11": {
            "month": "2020-11",
            "price": "119.31",
            "revenue": 293910
        },
        "2020-12": {
            "month": "2020-12",
            "price": "94.41",
            "revenue": 295463
        },
        "2021-01": {
            "month": "2021-01",
            "price": "87.62",
            "revenue": 218816
        },
        "2021-02": {
            "month": "2021-02",
            "price": "81.21",
            "revenue": 112368
        },
        "2021-03": {
            "month": "2021-03",
            "price": "88.81",
            "revenue": 139477
        },
        "2021-04": {
            "month": "2021-04",
            "price": "89.49",
            "revenue": 136427
        },
        "2021-05": {
            "month": "2021-05",
            "price": "94.67",
            "revenue": 137103
        },
        "2021-06": {
            "month": "2021-06",
            "price": "89.69",
            "revenue": 128578
        },
        "2021-07": {
            "month": "2021-07",
            "price": "78.12",
            "revenue": 74714
        },
        "2021-08": {
            "month": "2021-08",
            "price": "54.79",
            "revenue": 44447
        },
        "2021-09": {
            "month": "2021-09",
            "price": "50.68",
            "revenue": 49959
        },
        "2021-10": {
            "month": "2021-10",
            "price": "40.42",
            "revenue": 47679
        },
        "2021-11": {
            "month": "2021-11",
            "price": "41.07",
            "revenue": 47895
        },
        "2021-12": {
            "month": "2021-12",
            "price": "45.48",
            "revenue": 53580
        },
        "2022-01": {
            "month": "2022-01",
            "price": "52.12",
            "revenue": 67973
        },
        "2022-02": {
            "month": "2022-02",
            "price": "44.50",
            "revenue": 40122
        },
        "2022-03": {
            "month": "2022-03",
            "price": "40.87",
            "revenue": 41885
        },
        "2022-04": {
            "month": "2022-04",
            "price": "42.98",
            "revenue": 51593
        },
        "2022-05": {
            "month": "2022-05",
            "price": "32.85",
            "revenue": 54809
        },
        "2022-06": {
            "month": "2022-06",
            "price": "30.54",
            "revenue": 44123
        },
        "2022-07": {
            "month": "2022-07",
            "price": "26.29",
            "revenue": 50686
        },
        "2022-08": {
            "month": "2022-08",
            "price": "26.02",
            "revenue": 44949
        },
        "2022-09": {
            "month": "2022-09",
            "price": "25.19",
            "revenue": 41385
        },
        "2022-10": {
            "month": "2022-10",
            "price": "22.19",
            "revenue": 33874
        },
        "2022-11": {
            "month": "2022-11",
            "price": "22.75",
            "revenue": 43296
        },
        "2022-12": {
            "month": "2022-12",
            "price": "25.55",
            "revenue": 39273
        },
        "2023-01": {
            "month": "2023-01",
            "price": "25.79",
            "revenue": 35085
        },
        "2023-02": {
            "month": "2023-02",
            "price": "24.28",
            "revenue": 33295
        },
        "2023-03": {
            "month": "2023-03",
            "price": "23.83",
            "revenue": 41288
        },
        "2023-04": {
            "month": "2023-04",
            "price": "23.75",
            "revenue": 29040
        },
        "2023-05": {
            "month": "2023-05",
            "price": "24.40",
            "revenue": 38968
        }
    }
}
