{
    "summary": {
        "stock_name": "台化",
        "stock_id": "1326",
        "category": "塑膠",
        "main_business": "純對苯二甲酸、聚苯乙烯、苯乙烯、鄰二甲苯、對二甲苯、苯、<br>合成酚、丙酮、聚丙烯、二甲基甲醯胺、ABS、嫘縈棉、<br>合成纖維紗、布、耐隆絲、耐隆絲布及其染整加工等製銷",
        "website_url": "http://www.fcfc.com.tw",
        "ceo": "呂文進",
        "pe_ratio": 100,
        "report_year_from": 2001,
        "report_year_to": 2023,
        "age": 23,
        "eps_negative_percentage": 0,
        "eps_growth_avg": {
            "last_all": 18,
            "last_2y": 9.72,
            "last_4y": -8.87,
            "last_8y": 14.28,
            "last_12y": 4.75,
            "last_16y": 10.69,
            "last_20y": 14.1,
            "at_2006_last_3y": 28.58,
            "at_2007_last_3y": 28.16,
            "at_2008_last_3y": -18.62,
            "at_2009_last_3y": 8.91,
            "at_2010_last_3y": 29.99,
            "at_2011_last_3y": 10.86,
            "at_2012_last_3y": 13.02,
            "at_2013_last_3y": 13.02,
            "at_2014_last_3y": -16.69,
            "at_2015_last_3y": 15.87,
            "at_2016_last_3y": 50.21,
            "at_2017_last_3y": 31.28,
            "at_2018_last_3y": 43.22,
            "at_2019_last_3y": 8.44,
            "at_2020_last_3y": -14.88,
            "at_2021_last_3y": 3.15,
            "at_2022_last_3y": -14.43,
            "at_2023_last_3y": -1.31,
            "at_2024_last_3y": -1.31,
            "at_2006_last_all": 42.87,
            "at_2007_last_all": 43.44,
            "at_2008_last_all": 24.78,
            "at_2009_last_all": 34.18,
            "at_2010_last_all": 37.14,
            "at_2011_last_all": 30.4,
            "at_2012_last_all": 20.5,
            "at_2013_last_all": 27.13,
            "at_2014_last_all": 20.58,
            "at_2015_last_all": 26.25,
            "at_2016_last_all": 28.43,
            "at_2017_last_all": 28.17,
            "at_2018_last_all": 25.9,
            "at_2019_last_all": 22.29,
            "at_2020_last_all": 19.31,
            "at_2021_last_all": 23.16,
            "at_2022_last_all": 18.22,
            "at_2023_last_all": 18,
            "at_2024_last_all": 18
        },
        "latest_eps": 0.16,
        "latest_price": 55,
        "latest_roe": -0.06,
        "latest_gross_margin": 6.74,
        "latest_equity": 379678774,
        "latest_revenue": 86824127,
        "latest_gross_profit": 5848743,
        "latest_net_income": 7152980,
        "latest_debt_ratio": 32.77,
        "latest_current_ratio": 203.88,
        "latest_account_receivable_turnover_ratio": 3,
        "latest_inventory_turnover_ratio": 1.78,
        "latest_reinvestment_rate": 43.26,
        "latest_research_to_sale_ratio": null
    },
    "eps_dividends": {
        "1990": {
            "cash": 0.8,
            "stock": 1,
            "eps": 0
        },
        "1991": {
            "cash": 0.9,
            "stock": 0.8,
            "eps": 0
        },
        "1992": {
            "cash": 1.2,
            "stock": 0.8,
            "eps": 0
        },
        "1993": {
            "cash": 0.7,
            "stock": 0.6,
            "eps": 0
        },
        "1995": {
            "cash": 0.65,
            "stock": 0.65,
            "eps": 0
        },
        "1997": {
            "cash": 0.35,
            "stock": 0.35,
            "eps": 0
        },
        "1998": {
            "cash": 0,
            "stock": 0.6,
            "eps": 0
        },
        "1999": {
            "cash": 0.4,
            "stock": 0.4,
            "eps": 0
        },
        "2000": {
            "cash": 0.7,
            "stock": 0.7,
            "eps": 0
        },
        "2001": {
            "cash": 0.8,
            "stock": 0.8,
            "eps": 1.24
        },
        "2002": {
            "cash": 0.6,
            "stock": 0.6,
            "eps": 2.69
        },
        "2003": {
            "cash": 1.6,
            "stock": 0.8,
            "eps": 3.98
        },
        "2004": {
            "cash": 2.4,
            "stock": 0.8,
            "eps": 8.58
        },
        "2005": {
            "cash": 4.5,
            "stock": 1,
            "eps": 7.71
        },
        "2006": {
            "cash": 5.2,
            "stock": 0.3,
            "eps": 5.9
        },
        "2007": {
            "cash": 4.8,
            "stock": 0,
            "eps": 8.63
        },
        "2008": {
            "cash": 7,
            "stock": 0,
            "eps": 1.11
        },
        "2009": {
            "cash": 0.9,
            "stock": 0.3,
            "eps": 5.18
        },
        "2010": {
            "cash": 4.5,
            "stock": 0,
            "eps": 8.33
        },
        "2011": {
            "cash": 11.5,
            "stock": 0,
            "eps": 5.81
        },
        "2012": {
            "cash": 0,
            "stock": 0,
            "eps": 1.25
        },
        "2013": {
            "cash": 0.65,
            "stock": 0.3,
            "eps": 4.29
        },
        "2014": {
            "cash": 2.5,
            "stock": 0,
            "eps": 1.8
        },
        "2015": {
            "cash": 1.2,
            "stock": 0,
            "eps": 4.72
        },
        "2016": {
            "cash": 3.5,
            "stock": 0,
            "eps": 7.5
        },
        "2017": {
            "cash": 5.6,
            "stock": 0,
            "eps": 9.32
        },
        "2018": {
            "cash": 7,
            "stock": 0,
            "eps": 8.36
        },
        "2019": {
            "cash": 6.2,
            "stock": 0,
            "eps": 5.09
        },
        "2020": {
            "cash": 3.8,
            "stock": 0,
            "eps": 3.34
        },
        "2021": {
            "cash": 2.5,
            "stock": 0,
            "eps": 6.56
        },
        "2022": {
            "cash": 4.8,
            "stock": 0,
            "eps": 1.27
        },
        "2023": {
            "cash": 0.95,
            "stock": 0,
            "eps": 1.44
        }
    },
    "dividends": {
        "1990-05-11": {
            "cash": 0.8,
            "stock": 1
        },
        "1991-05-14": {
            "cash": 0.9,
            "stock": 0.8
        },
        "1992-05-14": {
            "cash": 1.2,
            "stock": 0.8
        },
        "1993-05-14": {
            "cash": 0.7,
            "stock": 0.6
        },
        "1995-05-12": {
            "cash": 0.65,
            "stock": 0.65
        },
        "1997-05-28": {
            "cash": 0.35,
            "stock": 0.35
        },
        "1998-06-12": {
            "cash": 0,
            "stock": 0.6
        },
        "1999-05-12": {
            "cash": 0.4,
            "stock": 0.4
        },
        "2000-05-10": {
            "cash": 0.7,
            "stock": 0.7
        },
        "2001-05-10": {
            "cash": 0.8,
            "stock": 0.8
        },
        "2002-06-07": {
            "cash": 0.6,
            "stock": 0.6
        },
        "2003-03-07": {
            "cash": 1.6,
            "stock": 0.8
        },
        "2004-03-09": {
            "cash": 2.4,
            "stock": 0.8
        },
        "2005-03-17": {
            "cash": 4.5,
            "stock": 1
        },
        "2006-03-24": {
            "cash": 5.2,
            "stock": 0.3
        },
        "2007-03-19": {
            "cash": 4.8,
            "stock": 0
        },
        "2008-03-18": {
            "cash": 7,
            "stock": 0
        },
        "2009-03-26": {
            "cash": 0.9,
            "stock": 0.3
        },
        "2010-03-19": {
            "cash": 4.5,
            "stock": 0
        },
        "2011-01-01": {
            "cash": 4,
            "stock": 0
        },
        "2011-06-17": {
            "cash": 7.5,
            "stock": 0
        },
        "2013-05-07": {
            "cash": 0.65,
            "stock": 0.3
        },
        "2014-06-16": {
            "cash": 2.5,
            "stock": 0
        },
        "2015-08-19": {
            "cash": 1.2,
            "stock": 0
        },
        "2016-08-03": {
            "cash": 3.5,
            "stock": 0
        },
        "2017-08-04": {
            "cash": 5.6,
            "stock": 0
        },
        "2018-08-01": {
            "cash": 7,
            "stock": 0
        },
        "2019-07-30": {
            "cash": 6.2,
            "stock": 0
        },
        "2020-07-30": {
            "cash": 3.8,
            "stock": 0
        },
        "2021-08-24": {
            "cash": 2.5,
            "stock": 0
        },
        "2022-07-29": {
            "cash": 4.8,
            "stock": 0
        },
        "2023-06-14": {
            "cash": 0.95,
            "stock": 0
        }
    },
    "prices": {
        "200101": "無",
        "200102": "無",
        "200103": "無",
        "200104": "無",
        "200105": "無",
        "200106": "無",
        "200107": "無",
        "200108": "無",
        "200109": "無",
        "200110": "無",
        "200111": "無",
        "200112": "無",
        "200201": "無",
        "200202": "無",
        "200203": "無",
        "200204": "無",
        "200205": "無",
        "200206": "無",
        "200207": "無",
        "200208": "無",
        "200209": "無",
        "200210": "無",
        "200211": "無",
        "200212": "無",
        "200301": "41.01",
        "200302": "36.08",
        "200303": "35.89",
        "200304": "36.40",
        "200305": "35.66",
        "200306": "38.71",
        "200307": "39.32",
        "200308": "42.61",
        "200309": "46.92",
        "200310": "50.31",
        "200311": "53.85",
        "200312": "55.13",
        "200401": "55.70",
        "200402": "53.45",
        "200403": "52.81",
        "200404": "53.30",
        "200405": "46.84",
        "200406": "48.91",
        "200407": "49.41",
        "200408": "51.71",
        "200409": "57.62",
        "200410": "59.22",
        "200411": "57.86",
        "200412": "59.02",
        "200501": "58.71",
        "200502": "59.65",
        "200503": "65.16",
        "200504": "63.22",
        "200505": "61.02",
        "200506": "60.24",
        "200507": "55.16",
        "200508": "50.51",
        "200509": "50.50",
        "200510": "50.81",
        "200511": "53.13",
        "200512": "53.00",
        "200601": "53.03",
        "200602": "51.76",
        "200603": "50.49",
        "200604": "52.16",
        "200605": "50.74",
        "200606": "49.04",
        "200607": "48.95",
        "200608": "46.05",
        "200609": "47.99",
        "200610": "49.37",
        "200611": "51.97",
        "200612": "53.66",
        "200701": "56.44",
        "200702": "61.02",
        "200703": "62.22",
        "200704": "64.11",
        "200705": "66.18",
        "200706": "74.34",
        "200707": "76.80",
        "200708": "77.25",
        "200709": "81.58",
        "200710": "88.77",
        "200711": "82.54",
        "200712": "80.92",
        "200801": "79.20",
        "200802": "74.19",
        "200803": "78.93",
        "200804": "79.55",
        "200805": "75.36",
        "200806": "70.80",
        "200807": "54.53",
        "200808": "54.60",
        "200809": "52.66",
        "200810": "51.19",
        "200811": "50.82",
        "200812": "44.22",
        "200901": "39.44",
        "200902": "37.37",
        "200903": "39.03",
        "200904": "47.45",
        "200905": "54.55",
        "200906": "51.09",
        "200907": "50.27",
        "200908": "55.08",
        "200909": "60.43",
        "200910": "62.87",
        "200911": "65.95",
        "200912": "68.50",
        "201001": "70.62",
        "201002": "69.10",
        "201003": "74.01",
        "201004": "76.62",
        "201005": "74.80",
        "201006": "71.50",
        "201007": "72.30",
        "201008": "71.14",
        "201009": "74.49",
        "201010": "80.84",
        "201011": "90.80",
        "201012": "95.23",
        "201101": "96.85",
        "201102": "103.50",
        "201103": "104.99",
        "201104": "114.61",
        "201105": "108.19",
        "201106": "107.88",
        "201107": "104.52",
        "201108": "82.29",
        "201109": "81.98",
        "201110": "84.54",
        "201111": "83.10",
        "201112": "80.95",
        "201201": "81.78",
        "201202": "88.19",
        "201203": "88.41",
        "201204": "84.37",
        "201205": "80.16",
        "201206": "76.53",
        "201207": "76.37",
        "201208": "80.50",
        "201209": "77.66",
        "201210": "74.57",
        "201211": "65.27",
        "201212": "70.03",
        "201301": "78.34",
        "201302": "77.95",
        "201303": "72.45",
        "201304": "68.21",
        "201305": "72.53",
        "201306": "69.38",
        "201307": "74.83",
        "201308": "75.49",
        "201309": "78.76",
        "201310": "83.04",
        "201311": "81.90",
        "201312": "84.02",
        "201401": "81.28",
        "201402": "77.13",
        "201403": "73.17",
        "201404": "73.33",
        "201405": "71.98",
        "201406": "73.70",
        "201407": "72.65",
        "201408": "73.20",
        "201409": "72.00",
        "201410": "68.38",
        "201411": "69.39",
        "201412": "66.11",
        "201501": "66.94",
        "201502": "71.45",
        "201503": "70.15",
        "201504": "75.74",
        "201505": "77.66",
        "201506": "73.32",
        "201507": "73.35",
        "201508": "68.82",
        "201509": "68.63",
        "201510": "73.70",
        "201511": "72.32",
        "201512": "69.50",
        "201601": "69.61",
        "201602": "72.27",
        "201603": "78.15",
        "201604": "82.85",
        "201605": "81.24",
        "201606": "81.50",
        "201607": "82.32",
        "201608": "83.87",
        "201609": "83.54",
        "201610": "89.50",
        "201611": "95.82",
        "201612": "97.01",
        "201701": "96.84",
        "201702": "97.89",
        "201703": "94.13",
        "201704": "93.63",
        "201705": "90.98",
        "201706": "91.83",
        "201707": "91.89",
        "201708": "92.67",
        "201709": "94.02",
        "201710": "92.88",
        "201711": "93.31",
        "201712": "96.80",
        "201801": "108.05",
        "201802": "107.50",
        "201803": "108.00",
        "201804": "109.17",
        "201805": "114.18",
        "201806": "116.02",
        "201807": "116.59",
        "201808": "119.93",
        "201809": "122.05",
        "201810": "116.30",
        "201811": "107.61",
        "201812": "104.86",
        "201901": "105.62",
        "201902": "104.88",
        "201903": "108.62",
        "201904": "109.28",
        "201905": "107.52",
        "201906": "108.37",
        "201907": "97.77",
        "201908": "87.52",
        "201909": "88.87",
        "201910": "87.98",
        "201911": "88.06",
        "201912": "87.72",
        "202001": "87.25",
        "202002": "83.90",
        "202003": "71.58",
        "202004": "70.24",
        "202005": "72.86",
        "202006": "74.74",
        "202007": "70.81",
        "202008": "69.82",
        "202009": "68.42",
        "202010": "69.25",
        "202011": "76.20",
        "202012": "79.91",
        "202101": "82.88",
        "202102": "82.91",
        "202103": "87.34",
        "202104": "90.70",
        "202105": "86.20",
        "202106": "85.62",
        "202107": "84.36",
        "202108": "82.11",
        "202109": "82.66",
        "202110": "82.18",
        "202111": "80.41",
        "202112": "79.98",
        "202201": "80.34",
        "202202": "80.19",
        "202203": "79.89",
        "202204": "79.63",
        "202205": "79.35",
        "202206": "80.67",
        "202207": "68.75",
        "202208": "69.49",
        "202209": "68.01",
        "202210": "67.96",
        "202211": "72.11",
        "202212": "71.26",
        "202301": "71.98",
        "202302": "71.41",
        "202303": "69.37",
        "202304": "69.42",
        "202305": "69.05",
        "202306": "68.36",
        "202307": "64.76",
        "202308": "63.35",
        "202309": "63.94",
        "202310": "61.89",
        "202311": "63.39",
        "202312": "62.97"
    },
    "quarters": {
        "20011": {
            "year_quarter": 20011,
            "year": 2001,
            "quarter": 1,
            "eps": 0.09,
            "eps_growth_year": -91.09,
            "eps_4q": 2.73,
            "eps_4q_growth_year": -30.51,
            "roe": 0.37,
            "roe_4q": 0.37,
            "gross_profit": 2253271,
            "gross_margin": 13.72,
            "gross_margin_4q_avg": 13.72,
            "net_income": 323208,
            "net_income_4q": null,
            "revenue": 16420444,
            "revenue_4q": null,
            "common_shares": 36517752,
            "book_valuer_per_share": 24.01,
            "book_valuer_per_share_4q_avg": 24.01,
            "equity": 87680313,
            "current_ratio": 92.26,
            "debt_ratio": 47.67,
            "inventory_turnover_ratio": 0.72,
            "account_receivable_turnover_ratio": null,
            "reinvestment_rate": null,
            "research_to_sale_ratio": null,
            "price_fair": 0,
            "eps_avg_yearly": 0,
            "eps_latest_yearly": 0,
            "eps_growth_yearly": 0
        },
        "20012": {
            "year_quarter": 20012,
            "year": 2001,
            "quarter": 2,
            "eps": 0.89,
            "eps_growth_year": -13.59,
            "eps_4q": 2.65,
            "eps_4q_growth_year": -32.7,
            "roe": 3.68,
            "roe_4q": 4.05,
            "gross_profit": 2523377,
            "gross_margin": 14.25,
            "gross_margin_4q_avg": 13.99,
            "net_income": 3236655,
            "net_income_4q": null,
            "revenue": 17709715,
            "revenue_4q": null,
            "common_shares": 36517751,
            "book_valuer_per_share": 24.1,
            "book_valuer_per_share_4q_avg": 24.06,
            "equity": 88007915,
            "current_ratio": 108.13,
            "debt_ratio": 47.86,
            "inventory_turnover_ratio": 0.77,
            "account_receivable_turnover_ratio": null,
            "reinvestment_rate": null,
            "research_to_sale_ratio": null,
            "price_fair": 0,
            "eps_avg_yearly": 0,
            "eps_latest_yearly": 0,
            "eps_growth_yearly": 0
        },
        "20013": {
            "year_quarter": 20013,
            "year": 2001,
            "quarter": 3,
            "eps": 0.13,
            "eps_growth_year": -79.69,
            "eps_4q": 1.94,
            "eps_4q_growth_year": -46.29,
            "roe": 0.6,
            "roe_4q": 4.65,
            "gross_profit": 2427560,
            "gross_margin": 13.95,
            "gross_margin_4q_avg": 13.97,
            "net_income": 527531,
            "net_income_4q": null,
            "revenue": 17398661,
            "revenue_4q": null,
            "common_shares": 39439172,
            "book_valuer_per_share": 22.33,
            "book_valuer_per_share_4q_avg": 23.48,
            "equity": 88067008,
            "current_ratio": 104.9,
            "debt_ratio": 50.21,
            "inventory_turnover_ratio": 0.73,
            "account_receivable_turnover_ratio": null,
            "reinvestment_rate": null,
            "research_to_sale_ratio": null,
            "price_fair": 0,
            "eps_avg_yearly": 0,
            "eps_latest_yearly": 0,
            "eps_growth_yearly": 0
        },
        "20014": {
            "year_quarter": 20014,
            "year": 2001,
            "quarter": 4,
            "eps": 0.13,
            "eps_growth_year": -87.62,
            "eps_4q": 1.15,
            "eps_4q_growth_year": -67.4,
            "roe": 0.59,
            "roe_4q": 5.24,
            "gross_profit": 1850340,
            "gross_margin": 11.56,
            "gross_margin_4q_avg": 13.37,
            "net_income": 522227,
            "net_income_4q": null,
            "revenue": 16007956,
            "revenue_4q": null,
            "common_shares": 39439172,
            "book_valuer_per_share": 22.58,
            "book_valuer_per_share_4q_avg": 23.26,
            "equity": 89043090,
            "current_ratio": 185,
            "debt_ratio": 51.08,
            "inventory_turnover_ratio": 0.68,
            "account_receivable_turnover_ratio": null,
            "reinvestment_rate": null,
            "research_to_sale_ratio": null,
            "price_fair": 0,
            "eps_avg_yearly": 0,
            "eps_latest_yearly": 0,
            "eps_growth_yearly": 0
        },
        "20021": {
            "year_quarter": 20021,
            "year": 2002,
            "quarter": 1,
            "eps": 0.21,
            "eps_growth_year": 133.33,
            "eps_4q": 1.28,
            "eps_4q_growth_year": -53.07,
            "roe": 0.94,
            "roe_4q": 5.8100000000000005,
            "gross_profit": 2007015,
            "gross_margin": 11.44,
            "gross_margin_4q_avg": 12.8,
            "net_income": 842032,
            "net_income_4q": null,
            "revenue": 17543756,
            "revenue_4q": null,
            "common_shares": 39439172,
            "book_valuer_per_share": 22.79,
            "book_valuer_per_share_4q_avg": 22.95,
            "equity": 89888199,
            "current_ratio": 209.23,
            "debt_ratio": 49.6,
            "inventory_turnover_ratio": 0.79,
            "account_receivable_turnover_ratio": null,
            "reinvestment_rate": null,
            "research_to_sale_ratio": null,
            "price_fair": 29.4,
            "eps_avg_yearly": 0.84,
            "eps_latest_yearly": 0.84,
            "eps_growth_yearly": 246.15
        },
        "20022": {
            "year_quarter": 20022,
            "year": 2002,
            "quarter": 2,
            "eps": 1.02,
            "eps_growth_year": 14.61,
            "eps_4q": 1.5,
            "eps_4q_growth_year": -43.33,
            "roe": 4.44,
            "roe_4q": 6.57,
            "gross_profit": 3638323,
            "gross_margin": 17.54,
            "gross_margin_4q_avg": 13.62,
            "net_income": 4026411,
            "net_income_4q": null,
            "revenue": 20740161,
            "revenue_4q": null,
            "common_shares": 39439172,
            "book_valuer_per_share": 23.21,
            "book_valuer_per_share_4q_avg": 22.73,
            "equity": 91545596,
            "current_ratio": 164.32,
            "debt_ratio": 48.75,
            "inventory_turnover_ratio": 0.89,
            "account_receivable_turnover_ratio": null,
            "reinvestment_rate": null,
            "research_to_sale_ratio": null,
            "price_fair": 86.1,
            "eps_avg_yearly": 2.46,
            "eps_latest_yearly": 4.08,
            "eps_growth_yearly": 894.51
        },
        "20023": {
            "year_quarter": 20023,
            "year": 2002,
            "quarter": 3,
            "eps": 0.38,
            "eps_growth_year": 192.31,
            "eps_4q": 1.66,
            "eps_4q_growth_year": -14.19,
            "roe": 1.73,
            "roe_4q": 7.699999999999999,
            "gross_profit": 3862200,
            "gross_margin": 15.94,
            "gross_margin_4q_avg": 14.12,
            "net_income": 1594854,
            "net_income_4q": null,
            "revenue": 24221959,
            "revenue_4q": null,
            "common_shares": 41805522,
            "book_valuer_per_share": 22.28,
            "book_valuer_per_share_4q_avg": 22.72,
            "equity": 93129342,
            "current_ratio": 237.64,
            "debt_ratio": 48.49,
            "inventory_turnover_ratio": 1.09,
            "account_receivable_turnover_ratio": null,
            "reinvestment_rate": null,
            "research_to_sale_ratio": null,
            "price_fair": 75.13,
            "eps_avg_yearly": 2.15,
            "eps_latest_yearly": 1.52,
            "eps_growth_yearly": 512.68
        },
        "20024": {
            "year_quarter": 20024,
            "year": 2002,
            "quarter": 4,
            "eps": 1.08,
            "eps_growth_year": 730.77,
            "eps_4q": 2.63,
            "eps_4q_growth_year": 129.02,
            "roe": 4.73,
            "roe_4q": 11.840000000000002,
            "gross_profit": 4617391,
            "gross_margin": 18.95,
            "gross_margin_4q_avg": 15.97,
            "net_income": 4509487,
            "net_income_4q": null,
            "revenue": 24367173,
            "revenue_4q": null,
            "common_shares": 41805522,
            "book_valuer_per_share": 23.37,
            "book_valuer_per_share_4q_avg": 22.91,
            "equity": 97707235,
            "current_ratio": 203.26,
            "debt_ratio": 47.2,
            "inventory_turnover_ratio": 1.14,
            "account_receivable_turnover_ratio": null,
            "reinvestment_rate": 59.45,
            "research_to_sale_ratio": null,
            "price_fair": 94.15,
            "eps_avg_yearly": 2.69,
            "eps_latest_yearly": 4.32,
            "eps_growth_yearly": 568.72
        },
        "20031": {
            "year_quarter": 20031,
            "year": 2003,
            "quarter": 1,
            "eps": 0.81,
            "eps_growth_year": 285.71,
            "eps_4q": 3.23,
            "eps_4q_growth_year": 152.92,
            "roe": 3.4,
            "roe_4q": 14.3,
            "gross_profit": 4708432,
            "gross_margin": 18.13,
            "gross_margin_4q_avg": 17.64,
            "net_income": 3384101,
            "net_income_4q": null,
            "revenue": 25967963,
            "revenue_4q": null,
            "common_shares": 41805522,
            "book_valuer_per_share": 24.18,
            "book_valuer_per_share_4q_avg": 23.26,
            "equity": 101097351,
            "current_ratio": 169.86,
            "debt_ratio": 44.23,
            "inventory_turnover_ratio": 1.27,
            "account_receivable_turnover_ratio": null,
            "reinvestment_rate": 42.52,
            "research_to_sale_ratio": null,
            "price_fair": 98,
            "eps_avg_yearly": 2.8,
            "eps_latest_yearly": 3.24,
            "eps_growth_yearly": 434.97
        },
        "20032": {
            "year_quarter": 20032,
            "year": 2003,
            "quarter": 2,
            "eps": 1.05,
            "eps_growth_year": 2.94,
            "eps_4q": 3.15,
            "eps_4q_growth_year": 110.2,
            "roe": 4.74,
            "roe_4q": 14.600000000000001,
            "gross_profit": 4217380,
            "gross_margin": 17.23,
            "gross_margin_4q_avg": 17.56,
            "net_income": 4741004,
            "net_income_4q": null,
            "revenue": 24483009,
            "revenue_4q": null,
            "common_shares": 41805522,
            "book_valuer_per_share": 23.7,
            "book_valuer_per_share_4q_avg": 23.38,
            "equity": 99063550,
            "current_ratio": 181.05,
            "debt_ratio": 47.89,
            "inventory_turnover_ratio": 1.19,
            "account_receivable_turnover_ratio": null,
            "reinvestment_rate": 28.48,
            "research_to_sale_ratio": null,
            "price_fair": 106.17,
            "eps_avg_yearly": 3.03,
            "eps_latest_yearly": 4.2,
            "eps_growth_yearly": 382.23
        },
        "20033": {
            "year_quarter": 20033,
            "year": 2003,
            "quarter": 3,
            "eps": 1.1,
            "eps_growth_year": 189.47,
            "eps_4q": 3.89,
            "eps_4q_growth_year": 133.9,
            "roe": 4.91,
            "roe_4q": 17.78,
            "gross_profit": 5181951,
            "gross_margin": 18.16,
            "gross_margin_4q_avg": 18.12,
            "net_income": 4976016,
            "net_income_4q": null,
            "revenue": 28534764,
            "revenue_4q": null,
            "common_shares": 45149964,
            "book_valuer_per_share": 22.99,
            "book_valuer_per_share_4q_avg": 23.56,
            "equity": 103799147,
            "current_ratio": 219.09,
            "debt_ratio": 44.07,
            "inventory_turnover_ratio": 1.34,
            "account_receivable_turnover_ratio": null,
            "reinvestment_rate": 25.06,
            "research_to_sale_ratio": null,
            "price_fair": 113,
            "eps_avg_yearly": 3.23,
            "eps_latest_yearly": 4.4,
            "eps_growth_yearly": 330.35
        },
        "20034": {
            "year_quarter": 20034,
            "year": 2003,
            "quarter": 4,
            "eps": 1.02,
            "eps_growth_year": -5.56,
            "eps_4q": 3.93,
            "eps_4q_growth_year": 49.47,
            "roe": 4.33,
            "roe_4q": 17.38,
            "gross_profit": 4916759,
            "gross_margin": 17.92,
            "gross_margin_4q_avg": 17.86,
            "net_income": 4595408,
            "net_income_4q": null,
            "revenue": 27435635,
            "revenue_4q": null,
            "common_shares": 45149964,
            "book_valuer_per_share": 24.03,
            "book_valuer_per_share_4q_avg": 23.73,
            "equity": 108474959,
            "current_ratio": 221.51,
            "debt_ratio": 41.99,
            "inventory_turnover_ratio": 1.32,
            "account_receivable_turnover_ratio": null,
            "reinvestment_rate": 16.81,
            "research_to_sale_ratio": null,
            "price_fair": 116.73,
            "eps_avg_yearly": 3.34,
            "eps_latest_yearly": 4.08,
            "eps_growth_yearly": 285.42
        },
        "20041": {
            "year_quarter": 20041,
            "year": 2004,
            "quarter": 1,
            "eps": 1.64,
            "eps_growth_year": 102.47,
            "eps_4q": 4.81,
            "eps_4q_growth_year": 48.56,
            "roe": 6.61,
            "roe_4q": 20.590000000000003,
            "gross_profit": 6818149,
            "gross_margin": 22.54,
            "gross_margin_4q_avg": 18.96,
            "net_income": 7414491,
            "net_income_4q": null,
            "revenue": 30245669,
            "revenue_4q": null,
            "common_shares": 45149964,
            "book_valuer_per_share": 25.64,
            "book_valuer_per_share_4q_avg": 24.09,
            "equity": 115780425,
            "current_ratio": 254.71,
            "debt_ratio": 39.04,
            "inventory_turnover_ratio": 1.37,
            "account_receivable_turnover_ratio": null,
            "reinvestment_rate": 14.41,
            "research_to_sale_ratio": null,
            "price_fair": 129.27,
            "eps_avg_yearly": 3.69,
            "eps_latest_yearly": 6.56,
            "eps_growth_yearly": 280.72
        },
        "20042": {
            "year_quarter": 20042,
            "year": 2004,
            "quarter": 2,
            "eps": 1.74,
            "eps_growth_year": 65.71,
            "eps_4q": 5.22,
            "eps_4q_growth_year": 65.63,
            "roe": 7.41,
            "roe_4q": 23.26,
            "gross_profit": 7867560,
            "gross_margin": 22.76,
            "gross_margin_4q_avg": 20.35,
            "net_income": 8493617,
            "net_income_4q": null,
            "revenue": 34574959,
            "revenue_4q": null,
            "common_shares": 45149964,
            "book_valuer_per_share": 25.12,
            "book_valuer_per_share_4q_avg": 24.45,
            "equity": 113403425,
            "current_ratio": 163.61,
            "debt_ratio": 45.08,
            "inventory_turnover_ratio": 1.6,
            "account_receivable_turnover_ratio": null,
            "reinvestment_rate": 10.44,
            "research_to_sale_ratio": null,
            "price_fair": 140.7,
            "eps_avg_yearly": 4.02,
            "eps_latest_yearly": 6.96,
            "eps_growth_yearly": 255.09
        },
        "20043": {
            "year_quarter": 20043,
            "year": 2004,
            "quarter": 3,
            "eps": 2.69,
            "eps_growth_year": 144.55,
            "eps_4q": 6.89,
            "eps_4q_growth_year": 76.98,
            "roe": 10.94,
            "roe_4q": 29.29,
            "gross_profit": 10870312,
            "gross_margin": 26.44,
            "gross_margin_4q_avg": 22.42,
            "net_income": 13132324,
            "net_income_4q": null,
            "revenue": 41110123,
            "revenue_4q": null,
            "common_shares": 48761961,
            "book_valuer_per_share": 25.96,
            "book_valuer_per_share_4q_avg": 25.19,
            "equity": 126583545,
            "current_ratio": 244.62,
            "debt_ratio": 39.82,
            "inventory_turnover_ratio": 1.82,
            "account_receivable_turnover_ratio": null,
            "reinvestment_rate": 5.45,
            "research_to_sale_ratio": null,
            "price_fair": 162.15,
            "eps_avg_yearly": 4.63,
            "eps_latest_yearly": 10.76,
            "eps_growth_yearly": 251.75
        },
        "20044": {
            "year_quarter": 20044,
            "year": 2004,
            "quarter": 4,
            "eps": 2.51,
            "eps_growth_year": 146.08,
            "eps_4q": 8.48,
            "eps_4q_growth_year": 115.77,
            "roe": 9.22,
            "roe_4q": 34.18,
            "gross_profit": 8300978,
            "gross_margin": 20.56,
            "gross_margin_4q_avg": 23.08,
            "net_income": 12218999,
            "net_income_4q": null,
            "revenue": 40375506,
            "revenue_4q": null,
            "common_shares": 48761961,
            "book_valuer_per_share": 28.38,
            "book_valuer_per_share_4q_avg": 26.28,
            "equity": 138384667,
            "current_ratio": 198.56,
            "debt_ratio": 36.8,
            "inventory_turnover_ratio": 1.69,
            "account_receivable_turnover_ratio": null,
            "reinvestment_rate": 3.5,
            "research_to_sale_ratio": null,
            "price_fair": 177.92,
            "eps_avg_yearly": 5.08,
            "eps_latest_yearly": 10.04,
            "eps_growth_yearly": 228.54
        },
        "20051": {
            "year_quarter": 20051,
            "year": 2005,
            "quarter": 1,
            "eps": 2.98,
            "eps_growth_year": 81.71,
            "eps_4q": 9.93,
            "eps_4q_growth_year": 106.6,
            "roe": 9.96,
            "roe_4q": 37.53,
            "gross_profit": 7636277,
            "gross_margin": 18.95,
            "gross_margin_4q_avg": 22.18,
            "net_income": 14514964,
            "net_income_4q": null,
            "revenue": 40305002,
            "revenue_4q": null,
            "common_shares": 48761961,
            "book_valuer_per_share": 31.42,
            "book_valuer_per_share_4q_avg": 27.72,
            "equity": 153187534,
            "current_ratio": 231.36,
            "debt_ratio": 31.07,
            "inventory_turnover_ratio": 1.47,
            "account_receivable_turnover_ratio": null,
            "reinvestment_rate": -1.01,
            "research_to_sale_ratio": null,
            "price_fair": 196.32,
            "eps_avg_yearly": 5.61,
            "eps_latest_yearly": 11.92,
            "eps_growth_yearly": 216.72
        },
        "20052": {
            "year_quarter": 20052,
            "year": 2005,
            "quarter": 2,
            "eps": 1.67,
            "eps_growth_year": -4.02,
            "eps_4q": 9.11,
            "eps_4q_growth_year": 74.5,
            "roe": 6.1,
            "roe_4q": 36.22,
            "gross_profit": 5037942,
            "gross_margin": 13.1,
            "gross_margin_4q_avg": 19.76,
            "net_income": 8950359,
            "net_income_4q": null,
            "revenue": 38454799,
            "revenue_4q": null,
            "common_shares": 48761961,
            "book_valuer_per_share": 28.72,
            "book_valuer_per_share_4q_avg": 28.62,
            "equity": 140050018,
            "current_ratio": 130.46,
            "debt_ratio": 38.57,
            "inventory_turnover_ratio": 1.4,
            "account_receivable_turnover_ratio": null,
            "reinvestment_rate": -2.91,
            "research_to_sale_ratio": null,
            "price_fair": 199,
            "eps_avg_yearly": 5.69,
            "eps_latest_yearly": 6.68,
            "eps_growth_yearly": 188.68
        },
        "20053": {
            "year_quarter": 20053,
            "year": 2005,
            "quarter": 3,
            "eps": 1.98,
            "eps_growth_year": -26.39,
            "eps_4q": 8.65,
            "eps_4q_growth_year": 25.52,
            "roe": 7.27,
            "roe_4q": 32.55,
            "gross_profit": 5658304,
            "gross_margin": 14.02,
            "gross_margin_4q_avg": 16.66,
            "net_income": 10596153,
            "net_income_4q": null,
            "revenue": 40357703,
            "revenue_4q": null,
            "common_shares": 53638157,
            "book_valuer_per_share": 28.24,
            "book_valuer_per_share_4q_avg": 29.19,
            "equity": 151496288,
            "current_ratio": 192.15,
            "debt_ratio": 34.18,
            "inventory_turnover_ratio": 1.44,
            "account_receivable_turnover_ratio": null,
            "reinvestment_rate": -1.38,
            "research_to_sale_ratio": null,
            "price_fair": 204.21,
            "eps_avg_yearly": 5.83,
            "eps_latest_yearly": 7.92,
            "eps_growth_yearly": 181.05
        },
        "20054": {
            "year_quarter": 20054,
            "year": 2005,
            "quarter": 4,
            "eps": 1.08,
            "eps_growth_year": -56.97,
            "eps_4q": 7.44,
            "eps_4q_growth_year": -12.18,
            "roe": 3.68,
            "roe_4q": 27.009999999999998,
            "gross_profit": 3978862,
            "gross_margin": 9.78,
            "gross_margin_4q_avg": 13.96,
            "net_income": 5781149,
            "net_income_4q": null,
            "revenue": 40665216,
            "revenue_4q": null,
            "common_shares": 53638157,
            "book_valuer_per_share": 29.28,
            "book_valuer_per_share_4q_avg": 29.42,
            "equity": 162595190,
            "current_ratio": 162.04,
            "debt_ratio": 42.03,
            "inventory_turnover_ratio": 1.41,
            "account_receivable_turnover_ratio": null,
            "reinvestment_rate": 41.66,
            "research_to_sale_ratio": null,
            "price_fair": 200.9,
            "eps_avg_yearly": 5.74,
            "eps_latest_yearly": 4.32,
            "eps_growth_yearly": 158.37
        },
        "20061": {
            "year_quarter": 20061,
            "year": 2006,
            "quarter": 1,
            "eps": 0.7,
            "eps_growth_year": -76.51,
            "eps_4q": 5.45,
            "eps_4q_growth_year": -45.15,
            "roe": 2.09,
            "roe_4q": 19.14,
            "gross_profit": 4193380,
            "gross_margin": 10.85,
            "gross_margin_4q_avg": 11.94,
            "net_income": 3735744,
            "net_income_4q": null,
            "revenue": 38648687,
            "revenue_4q": null,
            "common_shares": 53638157,
            "book_valuer_per_share": 36.23,
            "book_valuer_per_share_4q_avg": 30.62,
            "equity": 194314898,
            "current_ratio": 251.22,
            "debt_ratio": 28.91,
            "inventory_turnover_ratio": 1.35,
            "account_receivable_turnover_ratio": null,
            "reinvestment_rate": 7.89,
            "research_to_sale_ratio": null,
            "price_fair": 205.19,
            "eps_avg_yearly": 5.86,
            "eps_latest_yearly": 2.8,
            "eps_growth_yearly": 134.19
        },
        "20062": {
            "year_quarter": 20062,
            "year": 2006,
            "quarter": 2,
            "eps": 1.38,
            "eps_growth_year": -17.37,
            "eps_4q": 5.01,
            "eps_4q_growth_year": -45.01,
            "roe": 4.16,
            "roe_4q": 17.2,
            "gross_profit": 5218759,
            "gross_margin": 11.6,
            "gross_margin_4q_avg": 11.56,
            "net_income": 7648328,
            "net_income_4q": null,
            "revenue": 44976565,
            "revenue_4q": null,
            "common_shares": 53638157,
            "book_valuer_per_share": 32.34,
            "book_valuer_per_share_4q_avg": 31.52,
            "equity": 173455249,
            "current_ratio": 131.05,
            "debt_ratio": 37.89,
            "inventory_turnover_ratio": 1.73,
            "account_receivable_turnover_ratio": null,
            "reinvestment_rate": 10.61,
            "research_to_sale_ratio": null,
            "price_fair": 208.34,
            "eps_avg_yearly": 5.95,
            "eps_latest_yearly": 5.52,
            "eps_growth_yearly": 62.05
        },
        "20063": {
            "year_quarter": 20063,
            "year": 2006,
            "quarter": 3,
            "eps": 2.57,
            "eps_growth_year": 29.8,
            "eps_4q": 5.67,
            "eps_4q_growth_year": -34.4,
            "roe": 7.85,
            "roe_4q": 17.78,
            "gross_profit": 8259670,
            "gross_margin": 16.74,
            "gross_margin_4q_avg": 12.24,
            "net_income": 14214590,
            "net_income_4q": null,
            "revenue": 49355720,
            "revenue_4q": null,
            "common_shares": 55247302,
            "book_valuer_per_share": 34.18,
            "book_valuer_per_share_4q_avg": 33.01,
            "equity": 188809568,
            "current_ratio": 218.44,
            "debt_ratio": 33.85,
            "inventory_turnover_ratio": 1.7,
            "account_receivable_turnover_ratio": null,
            "reinvestment_rate": 12.63,
            "research_to_sale_ratio": null,
            "price_fair": 227.5,
            "eps_avg_yearly": 6.5,
            "eps_latest_yearly": 10.28,
            "eps_growth_yearly": 99.3
        },
        "20064": {
            "year_quarter": 20064,
            "year": 2006,
            "quarter": 4,
            "eps": 1.25,
            "eps_growth_year": 15.74,
            "eps_4q": 5.9,
            "eps_4q_growth_year": -20.72,
            "roe": 3.45,
            "roe_4q": 17.55,
            "gross_profit": 5042454,
            "gross_margin": 10.29,
            "gross_margin_4q_avg": 12.37,
            "net_income": 6879687,
            "net_income_4q": null,
            "revenue": 48999878,
            "revenue_4q": null,
            "common_shares": 55247302,
            "book_valuer_per_share": 36.93,
            "book_valuer_per_share_4q_avg": 34.92,
            "equity": 210481486,
            "current_ratio": 169.39,
            "debt_ratio": 39.18,
            "inventory_turnover_ratio": 1.64,
            "account_receivable_turnover_ratio": null,
            "reinvestment_rate": 56.29,
            "research_to_sale_ratio": null,
            "price_fair": 228.99,
            "eps_avg_yearly": 6.54,
            "eps_latest_yearly": 5,
            "eps_growth_yearly": 40.4
        },
        "20071": {
            "year_quarter": 20071,
            "year": 2007,
            "quarter": 1,
            "eps": 1.46,
            "eps_growth_year": 108.57,
            "eps_4q": 6.67,
            "eps_4q_growth_year": 22.5,
            "roe": 3.74,
            "roe_4q": 19.2,
            "gross_profit": 5810287,
            "gross_margin": 12.35,
            "gross_margin_4q_avg": 12.75,
            "net_income": 8052977,
            "net_income_4q": null,
            "revenue": 47034025,
            "revenue_4q": null,
            "common_shares": 55247302,
            "book_valuer_per_share": 39.88,
            "book_valuer_per_share_4q_avg": 35.83,
            "equity": 220304414,
            "current_ratio": 202.21,
            "debt_ratio": 31.09,
            "inventory_turnover_ratio": 1.51,
            "account_receivable_turnover_ratio": null,
            "reinvestment_rate": 16.79,
            "research_to_sale_ratio": null,
            "price_fair": 234.68,
            "eps_avg_yearly": 6.71,
            "eps_latest_yearly": 5.84,
            "eps_growth_yearly": 50.85
        },
        "20072": {
            "year_quarter": 20072,
            "year": 2007,
            "quarter": 2,
            "eps": 2,
            "eps_growth_year": 44.93,
            "eps_4q": 7.28,
            "eps_4q_growth_year": 45.28,
            "roe": 5.01,
            "roe_4q": 20.049999999999997,
            "gross_profit": 8628691,
            "gross_margin": 14.81,
            "gross_margin_4q_avg": 13.55,
            "net_income": 11046834,
            "net_income_4q": null,
            "revenue": 58257242,
            "revenue_4q": null,
            "common_shares": 55247302,
            "book_valuer_per_share": 39.92,
            "book_valuer_per_share_4q_avg": 37.73,
            "equity": 220556504,
            "current_ratio": 167.21,
            "debt_ratio": 36.51,
            "inventory_turnover_ratio": 1.85,
            "account_receivable_turnover_ratio": null,
            "reinvestment_rate": 17.55,
            "research_to_sale_ratio": null,
            "price_fair": 242.99,
            "eps_avg_yearly": 6.94,
            "eps_latest_yearly": 8,
            "eps_growth_yearly": 52.69
        },
        "20073": {
            "year_quarter": 20073,
            "year": 2007,
            "quarter": 3,
            "eps": 3.27,
            "eps_growth_year": 27.24,
            "eps_4q": 7.97,
            "eps_4q_growth_year": 40.41,
            "roe": 7.71,
            "roe_4q": 19.91,
            "gross_profit": 9115658,
            "gross_margin": 14.02,
            "gross_margin_4q_avg": 12.87,
            "net_income": 18090595,
            "net_income_4q": null,
            "revenue": 65017664,
            "revenue_4q": null,
            "common_shares": 55247302,
            "book_valuer_per_share": 45.05,
            "book_valuer_per_share_4q_avg": 40.45,
            "equity": 248914806,
            "current_ratio": 226.82,
            "debt_ratio": 30.68,
            "inventory_turnover_ratio": 1.98,
            "account_receivable_turnover_ratio": null,
            "reinvestment_rate": 16.76,
            "research_to_sale_ratio": null,
            "price_fair": 261.98,
            "eps_avg_yearly": 7.49,
            "eps_latest_yearly": 13.08,
            "eps_growth_yearly": 67.38
        },
        "20074": {
            "year_quarter": 20074,
            "year": 2007,
            "quarter": 4,
            "eps": 1.9,
            "eps_growth_year": 52,
            "eps_4q": 8.63,
            "eps_4q_growth_year": 46.21,
            "roe": 4.06,
            "roe_4q": 20.520000000000003,
            "gross_profit": 6888385,
            "gross_margin": 9.88,
            "gross_margin_4q_avg": 12.77,
            "net_income": 10502245,
            "net_income_4q": null,
            "revenue": 69696228,
            "revenue_4q": null,
            "common_shares": 55247302,
            "book_valuer_per_share": 47.12,
            "book_valuer_per_share_4q_avg": 42.99,
            "equity": 267867461,
            "current_ratio": 198.68,
            "debt_ratio": 36.38,
            "inventory_turnover_ratio": 1.76,
            "account_receivable_turnover_ratio": null,
            "reinvestment_rate": 51.43,
            "research_to_sale_ratio": null,
            "price_fair": 269.68,
            "eps_avg_yearly": 7.71,
            "eps_latest_yearly": 7.6,
            "eps_growth_yearly": 58.72
        },
        "20081": {
            "year_quarter": 20081,
            "year": 2008,
            "quarter": 1,
            "eps": 0.94,
            "eps_growth_year": -35.62,
            "eps_4q": 7.68,
            "eps_4q_growth_year": 15.09,
            "roe": 2.05,
            "roe_4q": 18.83,
            "gross_profit": 6473199,
            "gross_margin": 8.28,
            "gross_margin_4q_avg": 11.75,
            "net_income": 5487998,
            "net_income_4q": null,
            "revenue": 78177835,
            "revenue_4q": null,
            "common_shares": 55247302,
            "book_valuer_per_share": 46.98,
            "book_valuer_per_share_4q_avg": 44.77,
            "equity": 267039199,
            "current_ratio": 186.03,
            "debt_ratio": 36.24,
            "inventory_turnover_ratio": 1.64,
            "account_receivable_turnover_ratio": null,
            "reinvestment_rate": 49.68,
            "research_to_sale_ratio": null,
            "price_fair": 263.55,
            "eps_avg_yearly": 7.53,
            "eps_latest_yearly": 3.76,
            "eps_growth_yearly": 30.89
        },
        "20082": {
            "year_quarter": 20082,
            "year": 2008,
            "quarter": 2,
            "eps": 1.74,
            "eps_growth_year": -13,
            "eps_4q": 8.15,
            "eps_4q_growth_year": 11.95,
            "roe": 3.55,
            "roe_4q": 17.37,
            "gross_profit": 6380817,
            "gross_margin": 8.06,
            "gross_margin_4q_avg": 10.06,
            "net_income": 9256766,
            "net_income_4q": null,
            "revenue": 79201670,
            "revenue_4q": null,
            "common_shares": 55247302,
            "book_valuer_per_share": 38.73,
            "book_valuer_per_share_4q_avg": 44.47,
            "equity": 254424632,
            "current_ratio": 125.81,
            "debt_ratio": 47.37,
            "inventory_turnover_ratio": 1.37,
            "account_receivable_turnover_ratio": null,
            "reinvestment_rate": 64.84,
            "research_to_sale_ratio": null,
            "price_fair": 263.55,
            "eps_avg_yearly": 7.53,
            "eps_latest_yearly": 6.96,
            "eps_growth_yearly": 50.64
        },
        "20083": {
            "year_quarter": 20083,
            "year": 2008,
            "quarter": 3,
            "eps": 2.39,
            "eps_growth_year": -26.91,
            "eps_4q": 5.8,
            "eps_4q_growth_year": -27.24,
            "roe": 6.32,
            "roe_4q": 15.98,
            "gross_profit": 7842302,
            "gross_margin": 7.39,
            "gross_margin_4q_avg": 8.4,
            "net_income": 15854459,
            "net_income_4q": null,
            "revenue": 106140874,
            "revenue_4q": null,
            "common_shares": 55247302,
            "book_valuer_per_share": 37.85,
            "book_valuer_per_share_4q_avg": 42.67,
            "equity": 247228617,
            "current_ratio": 138.08,
            "debt_ratio": 46.38,
            "inventory_turnover_ratio": 1.42,
            "account_receivable_turnover_ratio": null,
            "reinvestment_rate": 65.39,
            "research_to_sale_ratio": null,
            "price_fair": 260.93,
            "eps_avg_yearly": 7.46,
            "eps_latest_yearly": 9.56,
            "eps_growth_yearly": 46.33
        },
        "20084": {
            "year_quarter": 20084,
            "year": 2008,
            "quarter": 4,
            "eps": -3.96,
            "eps_growth_year": -308.42,
            "eps_4q": 0.96,
            "eps_4q_growth_year": -88.85,
            "roe": -10.23,
            "roe_4q": 1.6899999999999995,
            "gross_profit": -16793128,
            "gross_margin": -61.95,
            "gross_margin_4q_avg": -9.56,
            "net_income": -23626723,
            "net_income_4q": null,
            "revenue": 27107027,
            "revenue_4q": null,
            "common_shares": 55247302,
            "book_valuer_per_share": 32.06,
            "book_valuer_per_share_4q_avg": 38.91,
            "equity": 214894634,
            "current_ratio": 114.12,
            "debt_ratio": 47.35,
            "inventory_turnover_ratio": 0.7,
            "account_receivable_turnover_ratio": 3,
            "reinvestment_rate": 84.62,
            "research_to_sale_ratio": null,
            "price_fair": 254.89,
            "eps_avg_yearly": 7.28,
            "eps_latest_yearly": 9.56,
            "eps_growth_yearly": 51.21
        },
        "20091": {
            "year_quarter": 20091,
            "year": 2009,
            "quarter": 1,
            "eps": -0.47,
            "eps_growth_year": -150,
            "eps_4q": -0.3,
            "eps_4q_growth_year": -103.93,
            "roe": -1.31,
            "roe_4q": -1.6700000000000008,
            "gross_profit": -899800,
            "gross_margin": -1.56,
            "gross_margin_4q_avg": -12.02,
            "net_income": -2837749,
            "net_income_4q": null,
            "revenue": 57610161,
            "revenue_4q": null,
            "common_shares": 55247302,
            "book_valuer_per_share": 32.66,
            "book_valuer_per_share_4q_avg": 35.33,
            "equity": 218984132,
            "current_ratio": 114.63,
            "debt_ratio": 45.43,
            "inventory_turnover_ratio": 1.45,
            "account_receivable_turnover_ratio": 2.79,
            "reinvestment_rate": 99.16,
            "research_to_sale_ratio": null,
            "price_fair": 243.3,
            "eps_avg_yearly": 6.95,
            "eps_latest_yearly": 9.56,
            "eps_growth_yearly": 49.52
        },
        "20092": {
            "year_quarter": 20092,
            "year": 2009,
            "quarter": 2,
            "eps": 2.01,
            "eps_growth_year": 15.52,
            "eps_4q": 0.03,
            "eps_4q_growth_year": -99.65,
            "roe": 4.69,
            "roe_4q": -0.5299999999999994,
            "gross_profit": 12499752,
            "gross_margin": 15.97,
            "gross_margin_4q_avg": -10.04,
            "net_income": 10608325,
            "net_income_4q": null,
            "revenue": 78290685,
            "revenue_4q": null,
            "common_shares": 55247302,
            "book_valuer_per_share": 35,
            "book_valuer_per_share_4q_avg": 34.39,
            "equity": 233490640,
            "current_ratio": 121.41,
            "debt_ratio": 44.13,
            "inventory_turnover_ratio": 2.02,
            "account_receivable_turnover_ratio": 2.94,
            "reinvestment_rate": 92.35,
            "research_to_sale_ratio": null,
            "price_fair": 244.03,
            "eps_avg_yearly": 6.97,
            "eps_latest_yearly": 9.56,
            "eps_growth_yearly": 66.85
        },
        "20093": {
            "year_quarter": 20093,
            "year": 2009,
            "quarter": 3,
            "eps": 2.19,
            "eps_growth_year": -8.37,
            "eps_4q": -0.11,
            "eps_4q_growth_year": -101.83,
            "roe": 5.42,
            "roe_4q": -1.4300000000000015,
            "gross_profit": 10693393,
            "gross_margin": 13.93,
            "gross_margin_4q_avg": -8.4,
            "net_income": 13405686,
            "net_income_4q": null,
            "revenue": 76762988,
            "revenue_4q": null,
            "common_shares": 56904721,
            "book_valuer_per_share": 38.21,
            "book_valuer_per_share_4q_avg": 34.48,
            "equity": 260857116,
            "current_ratio": 159.56,
            "debt_ratio": 39.32,
            "inventory_turnover_ratio": 1.93,
            "account_receivable_turnover_ratio": 2.69,
            "reinvestment_rate": 83.85,
            "research_to_sale_ratio": null,
            "price_fair": 246.29,
            "eps_avg_yearly": 7.04,
            "eps_latest_yearly": 8.76,
            "eps_growth_yearly": 63.89
        },
        "20094": {
            "year_quarter": 20094,
            "year": 2009,
            "quarter": 4,
            "eps": 1.45,
            "eps_growth_year": null,
            "eps_4q": 5.19,
            "eps_4q_growth_year": 439.41,
            "roe": 3.38,
            "roe_4q": 12.180000000000001,
            "gross_profit": 9186573,
            "gross_margin": 10.97,
            "gross_margin_4q_avg": 9.83,
            "net_income": 9040166,
            "net_income_4q": null,
            "revenue": 83716665,
            "revenue_4q": null,
            "common_shares": 56904721,
            "book_valuer_per_share": 40.62,
            "book_valuer_per_share_4q_avg": 36.62,
            "equity": 274286073,
            "current_ratio": 168.79,
            "debt_ratio": 38.67,
            "inventory_turnover_ratio": 2.03,
            "account_receivable_turnover_ratio": 5.15,
            "reinvestment_rate": 136.92,
            "research_to_sale_ratio": null,
            "price_fair": 250.28,
            "eps_avg_yearly": 7.15,
            "eps_latest_yearly": 5.8,
            "eps_growth_yearly": 67.48
        },
        "20101": {
            "year_quarter": 20101,
            "year": 2010,
            "quarter": 1,
            "eps": 2,
            "eps_growth_year": null,
            "eps_4q": 7.65,
            "eps_4q_growth_year": null,
            "roe": 4.25,
            "roe_4q": 17.740000000000002,
            "gross_profit": 12234639,
            "gross_margin": 13.4,
            "gross_margin_4q_avg": 13.57,
            "net_income": 11992010,
            "net_income_4q": null,
            "revenue": 91325209,
            "revenue_4q": null,
            "common_shares": 56904721,
            "book_valuer_per_share": 43.29,
            "book_valuer_per_share_4q_avg": 39.28,
            "equity": 289891920,
            "current_ratio": 170.48,
            "debt_ratio": 38.33,
            "inventory_turnover_ratio": 1.92,
            "account_receivable_turnover_ratio": 2.65,
            "reinvestment_rate": 159.61,
            "research_to_sale_ratio": null,
            "price_fair": 264.28,
            "eps_avg_yearly": 7.55,
            "eps_latest_yearly": 8,
            "eps_growth_yearly": 89.98
        },
        "20102": {
            "year_quarter": 20102,
            "year": 2010,
            "quarter": 2,
            "eps": 1.95,
            "eps_growth_year": -2.86,
            "eps_4q": 7.59,
            "eps_4q_growth_year": 26222.82,
            "roe": 4.42,
            "roe_4q": 17.47,
            "gross_profit": 13669964,
            "gross_margin": 14.03,
            "gross_margin_4q_avg": 13.08,
            "net_income": 12339696,
            "net_income_4q": null,
            "revenue": 97427408,
            "revenue_4q": null,
            "common_shares": 56904721,
            "book_valuer_per_share": 39.35,
            "book_valuer_per_share_4q_avg": 40.37,
            "equity": 268658686,
            "current_ratio": 149.12,
            "debt_ratio": 42.35,
            "inventory_turnover_ratio": 1.88,
            "account_receivable_turnover_ratio": 2.7,
            "reinvestment_rate": 153.21,
            "research_to_sale_ratio": null,
            "price_fair": 270.42,
            "eps_avg_yearly": 7.73,
            "eps_latest_yearly": 7.8,
            "eps_growth_yearly": 59.32
        },
        "20103": {
            "year_quarter": 20103,
            "year": 2010,
            "quarter": 3,
            "eps": 2.05,
            "eps_growth_year": -6.49,
            "eps_4q": 7.45,
            "eps_4q_growth_year": null,
            "roe": 4.85,
            "roe_4q": 16.9,
            "gross_profit": 11526866,
            "gross_margin": 12.15,
            "gross_margin_4q_avg": 12.64,
            "net_income": 13603000,
            "net_income_4q": null,
            "revenue": 94845474,
            "revenue_4q": null,
            "common_shares": 56904721,
            "book_valuer_per_share": 43.32,
            "book_valuer_per_share_4q_avg": 41.65,
            "equity": 292133280,
            "current_ratio": 212.64,
            "debt_ratio": 36.54,
            "inventory_turnover_ratio": 1.97,
            "account_receivable_turnover_ratio": 2.71,
            "reinvestment_rate": 147.67,
            "research_to_sale_ratio": null,
            "price_fair": 264.82,
            "eps_avg_yearly": 7.57,
            "eps_latest_yearly": 8.2,
            "eps_growth_yearly": 34.37
        },
        "20104": {
            "year_quarter": 20104,
            "year": 2010,
            "quarter": 4,
            "eps": 2.33,
            "eps_growth_year": 60.73,
            "eps_4q": 8.33,
            "eps_4q_growth_year": 60.58,
            "roe": 4.62,
            "roe_4q": 18.14,
            "gross_profit": 16136245,
            "gross_margin": 16.12,
            "gross_margin_4q_avg": 13.93,
            "net_income": 14197753,
            "net_income_4q": null,
            "revenue": 100070075,
            "revenue_4q": null,
            "common_shares": 56904721,
            "book_valuer_per_share": 47.81,
            "book_valuer_per_share_4q_avg": 43.44,
            "equity": 321866217,
            "current_ratio": 244.23,
            "debt_ratio": 34.25,
            "inventory_turnover_ratio": 1.97,
            "account_receivable_turnover_ratio": 2.74,
            "reinvestment_rate": 101.38,
            "research_to_sale_ratio": null,
            "price_fair": 276.45,
            "eps_avg_yearly": 7.9,
            "eps_latest_yearly": 9.32,
            "eps_growth_yearly": 54.37
        },
        "20111": {
            "year_quarter": 20111,
            "year": 2011,
            "quarter": 1,
            "eps": 3.23,
            "eps_growth_year": 61.5,
            "eps_4q": 9.56,
            "eps_4q_growth_year": 25.06,
            "roe": 5.77,
            "roe_4q": 19.66,
            "gross_profit": 20449110,
            "gross_margin": 18.7,
            "gross_margin_4q_avg": 15.25,
            "net_income": 19365229,
            "net_income_4q": null,
            "revenue": 109377721,
            "revenue_4q": null,
            "common_shares": 56904721,
            "book_valuer_per_share": 52.65,
            "book_valuer_per_share_4q_avg": 45.78,
            "equity": 349420909,
            "current_ratio": 269.24,
            "debt_ratio": 32.43,
            "inventory_turnover_ratio": 1.93,
            "account_receivable_turnover_ratio": 2.63,
            "reinvestment_rate": 133.22,
            "research_to_sale_ratio": null,
            "price_fair": 295.51,
            "eps_avg_yearly": 8.44,
            "eps_latest_yearly": 12.92,
            "eps_growth_yearly": 61.09
        },
        "20112": {
            "year_quarter": 20112,
            "year": 2011,
            "quarter": 2,
            "eps": 1.73,
            "eps_growth_year": -11.24,
            "eps_4q": 9.34,
            "eps_4q_growth_year": 23.05,
            "roe": 3.3,
            "roe_4q": 18.54,
            "gross_profit": 12350522,
            "gross_margin": 12.07,
            "gross_margin_4q_avg": 14.76,
            "net_income": 10880726,
            "net_income_4q": null,
            "revenue": 102287946,
            "revenue_4q": null,
            "common_shares": 56904721,
            "book_valuer_per_share": 45.86,
            "book_valuer_per_share_4q_avg": 47.41,
            "equity": 309051773,
            "current_ratio": 175.08,
            "debt_ratio": 40.77,
            "inventory_turnover_ratio": 1.83,
            "account_receivable_turnover_ratio": 2.39,
            "reinvestment_rate": 135.34,
            "research_to_sale_ratio": null,
            "price_fair": 292.6,
            "eps_avg_yearly": 8.36,
            "eps_latest_yearly": 6.92,
            "eps_growth_yearly": 35.42
        },
        "20113": {
            "year_quarter": 20113,
            "year": 2011,
            "quarter": 3,
            "eps": 1.2,
            "eps_growth_year": -41.42,
            "eps_4q": 8.49,
            "eps_4q_growth_year": 13.94,
            "roe": 2.2,
            "roe_4q": 15.89,
            "gross_profit": 8425742,
            "gross_margin": 8.87,
            "gross_margin_4q_avg": 13.94,
            "net_income": 6713766,
            "net_income_4q": null,
            "revenue": 94939969,
            "revenue_4q": null,
            "common_shares": 56904721,
            "book_valuer_per_share": 44.75,
            "book_valuer_per_share_4q_avg": 47.77,
            "equity": 300273976,
            "current_ratio": 244.01,
            "debt_ratio": 38.37,
            "inventory_turnover_ratio": 1.65,
            "account_receivable_turnover_ratio": 2.41,
            "reinvestment_rate": 133.65,
            "research_to_sale_ratio": null,
            "price_fair": 127.07,
            "eps_avg_yearly": 7.72,
            "eps_latest_yearly": 4.8,
            "eps_growth_yearly": 6.45
        },
        "20114": {
            "year_quarter": 20114,
            "year": 2011,
            "quarter": 4,
            "eps": -0.35,
            "eps_growth_year": -115.08,
            "eps_4q": 5.81,
            "eps_4q_growth_year": -30.26,
            "roe": -0.68,
            "roe_4q": 10.59,
            "gross_profit": 1452820,
            "gross_margin": 1.62,
            "gross_margin_4q_avg": 10.32,
            "net_income": -2028808,
            "net_income_4q": null,
            "revenue": 89527966,
            "revenue_4q": null,
            "common_shares": 56904721,
            "book_valuer_per_share": 43.66,
            "book_valuer_per_share_4q_avg": 46.73,
            "equity": 295568671,
            "current_ratio": 238.53,
            "debt_ratio": 38.44,
            "inventory_turnover_ratio": 1.69,
            "account_receivable_turnover_ratio": 2.34,
            "reinvestment_rate": 105.5,
            "research_to_sale_ratio": null,
            "price_fair": 239.4,
            "eps_avg_yearly": 7.73,
            "eps_latest_yearly": 4.8,
            "eps_growth_yearly": 20.96
        },
        "20121": {
            "year_quarter": 20121,
            "year": 2012,
            "quarter": 1,
            "eps": 0.59,
            "eps_growth_year": -81.73,
            "eps_4q": 3.17,
            "eps_4q_growth_year": -66.83,
            "roe": 1.13,
            "roe_4q": 5.949999999999999,
            "gross_profit": 6177408,
            "gross_margin": 5.89,
            "gross_margin_4q_avg": 7.11,
            "net_income": 3394906,
            "net_income_4q": null,
            "revenue": 104913388,
            "revenue_4q": null,
            "common_shares": 56904721,
            "book_valuer_per_share": 45.57,
            "book_valuer_per_share_4q_avg": 44.96,
            "equity": 305811879,
            "current_ratio": 237.76,
            "debt_ratio": 37.81,
            "inventory_turnover_ratio": 1.93,
            "account_receivable_turnover_ratio": 2.54,
            "reinvestment_rate": 109.88,
            "research_to_sale_ratio": null,
            "price_fair": 283.31,
            "eps_avg_yearly": 8.09,
            "eps_latest_yearly": 4.8,
            "eps_growth_yearly": 41.24
        },
        "20122": {
            "year_quarter": 20122,
            "year": 2012,
            "quarter": 2,
            "eps": -1.08,
            "eps_growth_year": -162.4,
            "eps_4q": 0.36,
            "eps_4q_growth_year": -96.18,
            "roe": -2.02,
            "roe_4q": 0.6299999999999999,
            "gross_profit": -364997,
            "gross_margin": -0.37,
            "gross_margin_4q_avg": 4,
            "net_income": -5723066,
            "net_income_4q": null,
            "revenue": 98949532,
            "revenue_4q": null,
            "common_shares": 56904721,
            "book_valuer_per_share": 38.25,
            "book_valuer_per_share_4q_avg": 43.06,
            "equity": 261829682,
            "current_ratio": 170.66,
            "debt_ratio": 44.82,
            "inventory_turnover_ratio": 1.94,
            "account_receivable_turnover_ratio": 2.36,
            "reinvestment_rate": 94.13,
            "research_to_sale_ratio": null,
            "price_fair": 174.96,
            "eps_avg_yearly": 8.21,
            "eps_latest_yearly": 4.8,
            "eps_growth_yearly": 11.32
        },
        "20123": {
            "year_quarter": 20123,
            "year": 2012,
            "quarter": 3,
            "eps": 1.09,
            "eps_growth_year": -9.06,
            "eps_4q": 0.25,
            "eps_4q_growth_year": -97.07,
            "roe": 2.52,
            "roe_4q": 0.9499999999999998,
            "gross_profit": 3552453,
            "gross_margin": 3.97,
            "gross_margin_4q_avg": 2.78,
            "net_income": 6715670,
            "net_income_4q": null,
            "revenue": 89432769,
            "revenue_4q": null,
            "common_shares": 56904721,
            "book_valuer_per_share": 39.65,
            "book_valuer_per_share_4q_avg": 41.78,
            "equity": 270373547,
            "current_ratio": 195.98,
            "debt_ratio": 42.28,
            "inventory_turnover_ratio": 1.79,
            "account_receivable_turnover_ratio": 2.34,
            "reinvestment_rate": 95.81,
            "research_to_sale_ratio": null,
            "price_fair": 24.17,
            "eps_avg_yearly": 8.06,
            "eps_latest_yearly": 4.8,
            "eps_growth_yearly": -4.03
        },
        "20124": {
            "year_quarter": 20124,
            "year": 2012,
            "quarter": 4,
            "eps": 0.65,
            "eps_growth_year": null,
            "eps_4q": 1.25,
            "eps_4q_growth_year": -78.48,
            "roe": 1.42,
            "roe_4q": 3.05,
            "gross_profit": 5806600,
            "gross_margin": 5.91,
            "gross_margin_4q_avg": 3.85,
            "net_income": 3859395,
            "net_income_4q": null,
            "revenue": 98304292,
            "revenue_4q": null,
            "common_shares": 56904721,
            "book_valuer_per_share": 40.21,
            "book_valuer_per_share_4q_avg": 40.92,
            "equity": 273200001,
            "current_ratio": 190.62,
            "debt_ratio": 43.92,
            "inventory_turnover_ratio": 1.9,
            "account_receivable_turnover_ratio": 2.48,
            "reinvestment_rate": 77.48,
            "research_to_sale_ratio": null,
            "price_fair": 22.54,
            "eps_avg_yearly": 7.51,
            "eps_latest_yearly": 2.6,
            "eps_growth_yearly": -19.77
        },
        "20131": {
            "year_quarter": 20131,
            "year": 2013,
            "quarter": 1,
            "eps": 1.43,
            "eps_growth_year": 142.37,
            "eps_4q": 2.09,
            "eps_4q_growth_year": -34.18,
            "roe": 3.07,
            "roe_4q": 4.99,
            "gross_profit": 9555950,
            "gross_margin": 9.09,
            "gross_margin_4q_avg": 4.65,
            "net_income": 8533076,
            "net_income_4q": null,
            "revenue": 105123051,
            "revenue_4q": null,
            "common_shares": 56904721,
            "book_valuer_per_share": 41.97,
            "book_valuer_per_share_4q_avg": 40.02,
            "equity": 282157235,
            "current_ratio": 195.81,
            "debt_ratio": 43.92,
            "inventory_turnover_ratio": 1.77,
            "account_receivable_turnover_ratio": 2.44,
            "reinvestment_rate": 78.44,
            "research_to_sale_ratio": null,
            "price_fair": 257.22,
            "eps_avg_yearly": 7.35,
            "eps_latest_yearly": 5.72,
            "eps_growth_yearly": 25.66
        },
        "20132": {
            "year_quarter": 20132,
            "year": 2013,
            "quarter": 2,
            "eps": 0.7,
            "eps_growth_year": null,
            "eps_4q": 3.78,
            "eps_4q_growth_year": 956.86,
            "roe": 1.58,
            "roe_4q": 8.59,
            "gross_profit": 7725188,
            "gross_margin": 6.84,
            "gross_margin_4q_avg": 6.45,
            "net_income": 4592073,
            "net_income_4q": null,
            "revenue": 112980396,
            "revenue_4q": null,
            "common_shares": 56904721,
            "book_valuer_per_share": 44.62,
            "book_valuer_per_share_4q_avg": 41.61,
            "equity": 297405600,
            "current_ratio": 185.66,
            "debt_ratio": 42.1,
            "inventory_turnover_ratio": 2.05,
            "account_receivable_turnover_ratio": 2.51,
            "reinvestment_rate": 101.13,
            "research_to_sale_ratio": null,
            "price_fair": 115.05,
            "eps_avg_yearly": 6.97,
            "eps_latest_yearly": 2.8,
            "eps_growth_yearly": 6.51
        },
        "20133": {
            "year_quarter": 20133,
            "year": 2013,
            "quarter": 3,
            "eps": 1.61,
            "eps_growth_year": 47.58,
            "eps_4q": 4.33,
            "eps_4q_growth_year": 1643.85,
            "roe": 3.26,
            "roe_4q": 9.33,
            "gross_profit": 9631800,
            "gross_margin": 8.89,
            "gross_margin_4q_avg": 7.68,
            "net_income": 9768118,
            "net_income_4q": null,
            "revenue": 108316274,
            "revenue_4q": null,
            "common_shares": 58611863,
            "book_valuer_per_share": 44.06,
            "book_valuer_per_share_4q_avg": 42.72,
            "equity": 300974693,
            "current_ratio": 193.21,
            "debt_ratio": 41.39,
            "inventory_turnover_ratio": 2.12,
            "account_receivable_turnover_ratio": 2.41,
            "reinvestment_rate": 105.06,
            "research_to_sale_ratio": null,
            "price_fair": 237.18,
            "eps_avg_yearly": 6.78,
            "eps_latest_yearly": 6.44,
            "eps_growth_yearly": 46.85
        },
        "20134": {
            "year_quarter": 20134,
            "year": 2013,
            "quarter": 4,
            "eps": 0.55,
            "eps_growth_year": -14.84,
            "eps_4q": 4.25,
            "eps_4q_growth_year": 239.85,
            "roe": 1.23,
            "roe_4q": 9.14,
            "gross_profit": 5646536,
            "gross_margin": 5.17,
            "gross_margin_4q_avg": 7.5,
            "net_income": 3785257,
            "net_income_4q": null,
            "revenue": 109287124,
            "revenue_4q": null,
            "common_shares": 58611863,
            "book_valuer_per_share": 45.71,
            "book_valuer_per_share_4q_avg": 44.09,
            "equity": 312707801,
            "current_ratio": 218.56,
            "debt_ratio": 40.51,
            "inventory_turnover_ratio": 2.08,
            "account_receivable_turnover_ratio": 2.53,
            "reinvestment_rate": 12.78,
            "research_to_sale_ratio": null,
            "price_fair": 226.68,
            "eps_avg_yearly": 6.48,
            "eps_latest_yearly": 2.2,
            "eps_growth_yearly": 36.17
        },
        "20141": {
            "year_quarter": 20141,
            "year": 2014,
            "quarter": 1,
            "eps": 0.97,
            "eps_growth_year": -32.17,
            "eps_4q": 3.84,
            "eps_4q_growth_year": 83.82,
            "roe": 2.02,
            "roe_4q": 8.09,
            "gross_profit": 4985216,
            "gross_margin": 4.94,
            "gross_margin_4q_avg": 6.46,
            "net_income": 6316904,
            "net_income_4q": null,
            "revenue": 100960296,
            "revenue_4q": null,
            "common_shares": 58611863,
            "book_valuer_per_share": 45.96,
            "book_valuer_per_share_4q_avg": 45.09,
            "equity": 314076170,
            "current_ratio": 231.87,
            "debt_ratio": 41.05,
            "inventory_turnover_ratio": 1.75,
            "account_receivable_turnover_ratio": 2.43,
            "reinvestment_rate": 11.9,
            "research_to_sale_ratio": null,
            "price_fair": 214.67,
            "eps_avg_yearly": 6.13,
            "eps_latest_yearly": 3.88,
            "eps_growth_yearly": 48.98
        },
        "20142": {
            "year_quarter": 20142,
            "year": 2014,
            "quarter": 2,
            "eps": 0.6,
            "eps_growth_year": -14.29,
            "eps_4q": 3.73,
            "eps_4q_growth_year": -1.16,
            "roe": 1.32,
            "roe_4q": 7.83,
            "gross_profit": 6077319,
            "gross_margin": 5.51,
            "gross_margin_4q_avg": 6.13,
            "net_income": 4226679,
            "net_income_4q": null,
            "revenue": 110381586,
            "revenue_4q": null,
            "common_shares": 58611863,
            "book_valuer_per_share": 47.72,
            "book_valuer_per_share_4q_avg": 45.86,
            "equity": 324994497,
            "current_ratio": 210.24,
            "debt_ratio": 40.76,
            "inventory_turnover_ratio": 1.99,
            "account_receivable_turnover_ratio": 2.65,
            "reinvestment_rate": 30.26,
            "research_to_sale_ratio": null,
            "price_fair": 198.92,
            "eps_avg_yearly": 5.68,
            "eps_latest_yearly": 2.4,
            "eps_growth_yearly": 37.1
        },
        "20143": {
            "year_quarter": 20143,
            "year": 2014,
            "quarter": 3,
            "eps": 1.27,
            "eps_growth_year": -21.12,
            "eps_4q": 3.39,
            "eps_4q_growth_year": -21.7,
            "roe": 2.72,
            "roe_4q": 7.290000000000001,
            "gross_profit": 6774837,
            "gross_margin": 6.73,
            "gross_margin_4q_avg": 5.59,
            "net_income": 8738400,
            "net_income_4q": null,
            "revenue": 100725009,
            "revenue_4q": null,
            "common_shares": 58611863,
            "book_valuer_per_share": 46.64,
            "book_valuer_per_share_4q_avg": 46.51,
            "equity": 318033994,
            "current_ratio": 227.81,
            "debt_ratio": 40.22,
            "inventory_turnover_ratio": 1.83,
            "account_receivable_turnover_ratio": 2.42,
            "reinvestment_rate": 26.28,
            "research_to_sale_ratio": null,
            "price_fair": 189.82,
            "eps_avg_yearly": 5.42,
            "eps_latest_yearly": 5.08,
            "eps_growth_yearly": 72.61
        },
        "20144": {
            "year_quarter": 20144,
            "year": 2014,
            "quarter": 4,
            "eps": -1.04,
            "eps_growth_year": -287.14,
            "eps_4q": 1.8,
            "eps_4q_growth_year": -57.61,
            "roe": -1.64,
            "roe_4q": 4.42,
            "gross_profit": -39298,
            "gross_margin": -0.04,
            "gross_margin_4q_avg": 4.29,
            "net_income": -5260842,
            "net_income_4q": null,
            "revenue": 89386848,
            "revenue_4q": null,
            "common_shares": 58611863,
            "book_valuer_per_share": 47.55,
            "book_valuer_per_share_4q_avg": 46.97,
            "equity": 323886354,
            "current_ratio": 247.56,
            "debt_ratio": 38.98,
            "inventory_turnover_ratio": 1.75,
            "account_receivable_turnover_ratio": 2.34,
            "reinvestment_rate": 13.9,
            "research_to_sale_ratio": null,
            "price_fair": 177.42,
            "eps_avg_yearly": 5.07,
            "eps_latest_yearly": 5.08,
            "eps_growth_yearly": 74.25
        },
        "20151": {
            "year_quarter": 20151,
            "year": 2015,
            "quarter": 1,
            "eps": 0.25,
            "eps_growth_year": -74.23,
            "eps_4q": 1.08,
            "eps_4q_growth_year": -71.74,
            "roe": 0.63,
            "roe_4q": 3.0300000000000002,
            "gross_profit": 6193048,
            "gross_margin": 7.65,
            "gross_margin_4q_avg": 4.96,
            "net_income": 2057091,
            "net_income_4q": null,
            "revenue": 80909048,
            "revenue_4q": null,
            "common_shares": 58611863,
            "book_valuer_per_share": 48.11,
            "book_valuer_per_share_4q_avg": 47.51,
            "equity": 327271226,
            "current_ratio": 241.08,
            "debt_ratio": 38.3,
            "inventory_turnover_ratio": 1.7,
            "account_receivable_turnover_ratio": 2.28,
            "reinvestment_rate": 12.11,
            "research_to_sale_ratio": null,
            "price_fair": 149.94,
            "eps_avg_yearly": 4.28,
            "eps_latest_yearly": 5.08,
            "eps_growth_yearly": 66.22
        },
        "20152": {
            "year_quarter": 20152,
            "year": 2015,
            "quarter": 2,
            "eps": 2.09,
            "eps_growth_year": 248.33,
            "eps_4q": 2.58,
            "eps_4q_growth_year": -30.91,
            "roe": 4.15,
            "roe_4q": 5.860000000000001,
            "gross_profit": 13158954,
            "gross_margin": 14.53,
            "gross_margin_4q_avg": 7.22,
            "net_income": 13474924,
            "net_income_4q": null,
            "revenue": 90568175,
            "revenue_4q": null,
            "common_shares": 58611863,
            "book_valuer_per_share": 46.8,
            "book_valuer_per_share_4q_avg": 47.28,
            "equity": 322441147,
            "current_ratio": 223.91,
            "debt_ratio": 38.86,
            "inventory_turnover_ratio": 1.88,
            "account_receivable_turnover_ratio": 2.61,
            "reinvestment_rate": 9.23,
            "research_to_sale_ratio": null,
            "price_fair": 154.98,
            "eps_avg_yearly": 4.43,
            "eps_latest_yearly": 8.36,
            "eps_growth_yearly": 379.2
        },
        "20153": {
            "year_quarter": 20153,
            "year": 2015,
            "quarter": 3,
            "eps": 1.34,
            "eps_growth_year": 5.51,
            "eps_4q": 2.64,
            "eps_4q_growth_year": -22.15,
            "roe": 2.81,
            "roe_4q": 5.950000000000001,
            "gross_profit": 6290301,
            "gross_margin": 7.94,
            "gross_margin_4q_avg": 7.52,
            "net_income": 8971723,
            "net_income_4q": null,
            "revenue": 79201681,
            "revenue_4q": null,
            "common_shares": 58611863,
            "book_valuer_per_share": 45.67,
            "book_valuer_per_share_4q_avg": 47.03,
            "equity": 315944799,
            "current_ratio": 222.87,
            "debt_ratio": 38.82,
            "inventory_turnover_ratio": 1.71,
            "account_receivable_turnover_ratio": 2.42,
            "reinvestment_rate": 39.34,
            "research_to_sale_ratio": null,
            "price_fair": 156.94,
            "eps_avg_yearly": 4.48,
            "eps_latest_yearly": 5.36,
            "eps_growth_yearly": 377.1
        },
        "20154": {
            "year_quarter": 20154,
            "year": 2015,
            "quarter": 4,
            "eps": 1.04,
            "eps_growth_year": null,
            "eps_4q": 4.72,
            "eps_4q_growth_year": 161.96,
            "roe": 2.19,
            "roe_4q": 9.780000000000001,
            "gross_profit": 8070593,
            "gross_margin": 10.26,
            "gross_margin_4q_avg": 10.1,
            "net_income": 7113809,
            "net_income_4q": null,
            "revenue": 78670403,
            "revenue_4q": null,
            "common_shares": 58611863,
            "book_valuer_per_share": 48.41,
            "book_valuer_per_share_4q_avg": 47.25,
            "equity": 333077533,
            "current_ratio": 256.13,
            "debt_ratio": 35.07,
            "inventory_turnover_ratio": 1.72,
            "account_receivable_turnover_ratio": 2.7,
            "reinvestment_rate": 20.57,
            "research_to_sale_ratio": null,
            "price_fair": 155.91,
            "eps_avg_yearly": 4.45,
            "eps_latest_yearly": 4.16,
            "eps_growth_yearly": 334.68
        },
        "20161": {
            "year_quarter": 20161,
            "year": 2016,
            "quarter": 1,
            "eps": 1.16,
            "eps_growth_year": 364,
            "eps_4q": 5.62,
            "eps_4q_growth_year": 418.45,
            "roe": 2.3,
            "roe_4q": 11.450000000000001,
            "gross_profit": 10590376,
            "gross_margin": 13.97,
            "gross_margin_4q_avg": 11.68,
            "net_income": 7819137,
            "net_income_4q": null,
            "revenue": 75799504,
            "revenue_4q": null,
            "common_shares": 58611863,
            "book_valuer_per_share": 50,
            "book_valuer_per_share_4q_avg": 47.72,
            "equity": 345398589,
            "current_ratio": 282.32,
            "debt_ratio": 33.85,
            "inventory_turnover_ratio": 1.68,
            "account_receivable_turnover_ratio": 2.6,
            "reinvestment_rate": 26.16,
            "research_to_sale_ratio": null,
            "price_fair": 156.45,
            "eps_avg_yearly": 4.47,
            "eps_latest_yearly": 4.64,
            "eps_growth_yearly": 310.63
        },
        "20162": {
            "year_quarter": 20162,
            "year": 2016,
            "quarter": 2,
            "eps": 2.27,
            "eps_growth_year": 8.61,
            "eps_4q": 5.81,
            "eps_4q_growth_year": 125.23,
            "roe": 4.23,
            "roe_4q": 11.530000000000001,
            "gross_profit": 14661035,
            "gross_margin": 18.04,
            "gross_margin_4q_avg": 12.55,
            "net_income": 14305132,
            "net_income_4q": null,
            "revenue": 81274530,
            "revenue_4q": null,
            "common_shares": 58611863,
            "book_valuer_per_share": 47.74,
            "book_valuer_per_share_4q_avg": 47.96,
            "equity": 331571126,
            "current_ratio": 227.33,
            "debt_ratio": 36.64,
            "inventory_turnover_ratio": 1.78,
            "account_receivable_turnover_ratio": 2.7,
            "reinvestment_rate": 29.12,
            "research_to_sale_ratio": null,
            "price_fair": 168.86,
            "eps_avg_yearly": 4.82,
            "eps_latest_yearly": 9.08,
            "eps_growth_yearly": 316.18
        },
        "20163": {
            "year_quarter": 20163,
            "year": 2016,
            "quarter": 3,
            "eps": 2.56,
            "eps_growth_year": 91.04,
            "eps_4q": 7.03,
            "eps_4q_growth_year": 166.14,
            "roe": 4.94,
            "roe_4q": 13.660000000000002,
            "gross_profit": 11806117,
            "gross_margin": 14.77,
            "gross_margin_4q_avg": 14.26,
            "net_income": 16753073,
            "net_income_4q": null,
            "revenue": 79939487,
            "revenue_4q": null,
            "common_shares": 58611863,
            "book_valuer_per_share": 50.19,
            "book_valuer_per_share_4q_avg": 49.09,
            "equity": 346893610,
            "current_ratio": 295.15,
            "debt_ratio": 31.91,
            "inventory_turnover_ratio": 1.89,
            "account_receivable_turnover_ratio": 2.75,
            "reinvestment_rate": 23.92,
            "research_to_sale_ratio": null,
            "price_fair": 182.4,
            "eps_avg_yearly": 5.21,
            "eps_latest_yearly": 10.24,
            "eps_growth_yearly": 297.25
        },
        "20164": {
            "year_quarter": 20164,
            "year": 2016,
            "quarter": 4,
            "eps": 1.51,
            "eps_growth_year": 45.44,
            "eps_4q": 7.5,
            "eps_4q_growth_year": 58.95,
            "roe": 2.72,
            "roe_4q": 14.190000000000001,
            "gross_profit": 10494026,
            "gross_margin": 12.77,
            "gross_margin_4q_avg": 14.89,
            "net_income": 9889386,
            "net_income_4q": null,
            "revenue": 82191106,
            "revenue_4q": null,
            "common_shares": 58611863,
            "book_valuer_per_share": 54.77,
            "book_valuer_per_share_4q_avg": 50.68,
            "equity": 379640412,
            "current_ratio": 298.96,
            "debt_ratio": 30.27,
            "inventory_turnover_ratio": 1.87,
            "account_receivable_turnover_ratio": 2.71,
            "reinvestment_rate": 29.28,
            "research_to_sale_ratio": null,
            "price_fair": 191,
            "eps_avg_yearly": 5.46,
            "eps_latest_yearly": 6.04,
            "eps_growth_yearly": 297.06
        },
        "20171": {
            "year_quarter": 20171,
            "year": 2017,
            "quarter": 1,
            "eps": 2,
            "eps_growth_year": 72.41,
            "eps_4q": 8.35,
            "eps_4q_growth_year": 48.53,
            "roe": 3.32,
            "roe_4q": 15.21,
            "gross_profit": 15127085,
            "gross_margin": 16.95,
            "gross_margin_4q_avg": 15.63,
            "net_income": 12721793,
            "net_income_4q": null,
            "revenue": 89259531,
            "revenue_4q": null,
            "common_shares": 58611863,
            "book_valuer_per_share": 56.34,
            "book_valuer_per_share_4q_avg": 52.26,
            "equity": 385793252,
            "current_ratio": 296.85,
            "debt_ratio": 30.44,
            "inventory_turnover_ratio": 1.66,
            "account_receivable_turnover_ratio": 2.73,
            "reinvestment_rate": 15.56,
            "research_to_sale_ratio": null,
            "price_fair": 196.7,
            "eps_avg_yearly": 5.62,
            "eps_latest_yearly": 8,
            "eps_growth_yearly": 272.05
        },
        "20172": {
            "year_quarter": 20172,
            "year": 2017,
            "quarter": 2,
            "eps": 1.45,
            "eps_growth_year": -36.12,
            "eps_4q": 7.53,
            "eps_4q_growth_year": 29.66,
            "roe": 2.84,
            "roe_4q": 13.82,
            "gross_profit": 8191700,
            "gross_margin": 9.97,
            "gross_margin_4q_avg": 13.62,
            "net_income": 10690889,
            "net_income_4q": null,
            "revenue": 82168423,
            "revenue_4q": null,
            "common_shares": 58611863,
            "book_valuer_per_share": 53.15,
            "book_valuer_per_share_4q_avg": 53.61,
            "equity": 366062339,
            "current_ratio": 229.72,
            "debt_ratio": 34.99,
            "inventory_turnover_ratio": 1.75,
            "account_receivable_turnover_ratio": 2.43,
            "reinvestment_rate": -7.17,
            "research_to_sale_ratio": null,
            "price_fair": 204.2,
            "eps_avg_yearly": 5.83,
            "eps_latest_yearly": 5.8,
            "eps_growth_yearly": 278.77
        },
        "20173": {
            "year_quarter": 20173,
            "year": 2017,
            "quarter": 3,
            "eps": 3.1,
            "eps_growth_year": 21.09,
            "eps_4q": 8.07,
            "eps_4q_growth_year": 14.82,
            "roe": 5.01,
            "roe_4q": 13.89,
            "gross_profit": 14250292,
            "gross_margin": 16.16,
            "gross_margin_4q_avg": 13.96,
            "net_income": 19202608,
            "net_income_4q": null,
            "revenue": 88201895,
            "revenue_4q": null,
            "common_shares": 58611863,
            "book_valuer_per_share": 58.83,
            "book_valuer_per_share_4q_avg": 55.77,
            "equity": 400973038,
            "current_ratio": 310.05,
            "debt_ratio": 27.74,
            "inventory_turnover_ratio": 2.01,
            "account_receivable_turnover_ratio": 2.52,
            "reinvestment_rate": 3.42,
            "research_to_sale_ratio": null,
            "price_fair": 219.1,
            "eps_avg_yearly": 6.26,
            "eps_latest_yearly": 12.4,
            "eps_growth_yearly": 274.14
        },
        "20174": {
            "year_quarter": 20174,
            "year": 2017,
            "quarter": 4,
            "eps": 2.77,
            "eps_growth_year": 82.97,
            "eps_4q": 9.33,
            "eps_4q_growth_year": 24.32,
            "roe": 4.25,
            "roe_4q": 15.42,
            "gross_profit": 15627125,
            "gross_margin": 15.82,
            "gross_margin_4q_avg": 14.73,
            "net_income": 17420656,
            "net_income_4q": null,
            "revenue": 98791622,
            "revenue_4q": null,
            "common_shares": 58611863,
            "book_valuer_per_share": 61.31,
            "book_valuer_per_share_4q_avg": 57.41,
            "equity": 418501076,
            "current_ratio": 307.96,
            "debt_ratio": 26.88,
            "inventory_turnover_ratio": 2.22,
            "account_receivable_turnover_ratio": 2.56,
            "reinvestment_rate": 6.71,
            "research_to_sale_ratio": null,
            "price_fair": 241.3,
            "eps_avg_yearly": 6.89,
            "eps_latest_yearly": 11.08,
            "eps_growth_yearly": 289.91
        },
        "20181": {
            "year_quarter": 20181,
            "year": 2018,
            "quarter": 1,
            "eps": 2.22,
            "eps_growth_year": 11,
            "eps_4q": 9.54,
            "eps_4q_growth_year": 14.29,
            "roe": 3.26,
            "roe_4q": 15.36,
            "gross_profit": 15750882,
            "gross_margin": 15.92,
            "gross_margin_4q_avg": 14.47,
            "net_income": 14324421,
            "net_income_4q": null,
            "revenue": 98956552,
            "revenue_4q": null,
            "common_shares": 58611863,
            "book_valuer_per_share": 68.62,
            "book_valuer_per_share_4q_avg": 60.48,
            "equity": 461031159,
            "current_ratio": 305,
            "debt_ratio": 25.21,
            "inventory_turnover_ratio": 2.06,
            "account_receivable_turnover_ratio": 2.34,
            "reinvestment_rate": -35.83,
            "research_to_sale_ratio": null,
            "price_fair": 253.8,
            "eps_avg_yearly": 7.25,
            "eps_latest_yearly": 8.88,
            "eps_growth_yearly": 262.42
        },
        "20182": {
            "year_quarter": 20182,
            "year": 2018,
            "quarter": 2,
            "eps": 2.45,
            "eps_growth_year": 68.97,
            "eps_4q": 10.54,
            "eps_4q_growth_year": 40.03,
            "roe": 3.58,
            "roe_4q": 16.1,
            "gross_profit": 14185656,
            "gross_margin": 14.23,
            "gross_margin_4q_avg": 15.53,
            "net_income": 16230470,
            "net_income_4q": null,
            "revenue": 99696946,
            "revenue_4q": null,
            "common_shares": 58611863,
            "book_valuer_per_share": 65.61,
            "book_valuer_per_share_4q_avg": 63.59,
            "equity": 444852274,
            "current_ratio": 219.48,
            "debt_ratio": 30.96,
            "inventory_turnover_ratio": 2.03,
            "account_receivable_turnover_ratio": 2.34,
            "reinvestment_rate": -46.71,
            "research_to_sale_ratio": null,
            "price_fair": 272.3,
            "eps_avg_yearly": 7.78,
            "eps_latest_yearly": 9.8,
            "eps_growth_yearly": 276.28
        },
        "20183": {
            "year_quarter": 20183,
            "year": 2018,
            "quarter": 3,
            "eps": 3.39,
            "eps_growth_year": 9.35,
            "eps_4q": 10.83,
            "eps_4q_growth_year": 34.17,
            "roe": 4.98,
            "roe_4q": 16.07,
            "gross_profit": 15486330,
            "gross_margin": 14.39,
            "gross_margin_4q_avg": 15.09,
            "net_income": 22550799,
            "net_income_4q": null,
            "revenue": 107635317,
            "revenue_4q": null,
            "common_shares": 58611863,
            "book_valuer_per_share": 66.67,
            "book_valuer_per_share_4q_avg": 65.55,
            "equity": 461154054,
            "current_ratio": 248.6,
            "debt_ratio": 26.82,
            "inventory_turnover_ratio": 2.2,
            "account_receivable_turnover_ratio": 2.43,
            "reinvestment_rate": -34.48,
            "research_to_sale_ratio": null,
            "price_fair": 293.5,
            "eps_avg_yearly": 8.39,
            "eps_latest_yearly": 13.56,
            "eps_growth_yearly": 255.34
        },
        "20184": {
            "year_quarter": 20184,
            "year": 2018,
            "quarter": 4,
            "eps": 0.3,
            "eps_growth_year": -89.08,
            "eps_4q": 8.36,
            "eps_4q_growth_year": -10.37,
            "roe": 0.52,
            "roe_4q": 12.34,
            "gross_profit": 8149472,
            "gross_margin": 8.02,
            "gross_margin_4q_avg": 13.14,
            "net_income": 2335328,
            "net_income_4q": null,
            "revenue": 101570950,
            "revenue_4q": null,
            "common_shares": 58611863,
            "book_valuer_per_share": 63.39,
            "book_valuer_per_share_4q_avg": 66.07,
            "equity": 433322499,
            "current_ratio": 240.04,
            "debt_ratio": 26.74,
            "inventory_turnover_ratio": 2.22,
            "account_receivable_turnover_ratio": 2.23,
            "reinvestment_rate": -28.09,
            "research_to_sale_ratio": null,
            "price_fair": 276.73,
            "eps_avg_yearly": 7.91,
            "eps_latest_yearly": 1.2,
            "eps_growth_yearly": 214.01
        },
        "20191": {
            "year_quarter": 20191,
            "year": 2019,
            "quarter": 1,
            "eps": 1.46,
            "eps_growth_year": -34.23,
            "eps_4q": 7.6,
            "eps_4q_growth_year": -20.4,
            "roe": 2.07,
            "roe_4q": 11.15,
            "gross_profit": 12540121,
            "gross_margin": 13.72,
            "gross_margin_4q_avg": 12.59,
            "net_income": 9181637,
            "net_income_4q": null,
            "revenue": 91432670,
            "revenue_4q": null,
            "common_shares": 58611863,
            "book_valuer_per_share": 66.58,
            "book_valuer_per_share_4q_avg": 65.56,
            "equity": 452245852,
            "current_ratio": 266.91,
            "debt_ratio": 24.32,
            "inventory_turnover_ratio": 1.8,
            "account_receivable_turnover_ratio": 2.13,
            "reinvestment_rate": -24.43,
            "research_to_sale_ratio": null,
            "price_fair": 272.21,
            "eps_avg_yearly": 7.78,
            "eps_latest_yearly": 5.84,
            "eps_growth_yearly": 297.3
        },
        "20192": {
            "year_quarter": 20192,
            "year": 2019,
            "quarter": 2,
            "eps": 0.99,
            "eps_growth_year": -59.59,
            "eps_4q": 6.14,
            "eps_4q_growth_year": -41.75,
            "roe": 1.77,
            "roe_4q": 9.34,
            "gross_profit": 9027892,
            "gross_margin": 11.03,
            "gross_margin_4q_avg": 11.79,
            "net_income": 7720410,
            "net_income_4q": null,
            "revenue": 81866221,
            "revenue_4q": null,
            "common_shares": 58611863,
            "book_valuer_per_share": 61.23,
            "book_valuer_per_share_4q_avg": 64.47,
            "equity": 418536445,
            "current_ratio": 220.82,
            "debt_ratio": 29.07,
            "inventory_turnover_ratio": 1.66,
            "account_receivable_turnover_ratio": 2.08,
            "reinvestment_rate": -30.09,
            "research_to_sale_ratio": null,
            "price_fair": 262.59,
            "eps_avg_yearly": 7.5,
            "eps_latest_yearly": 3.96,
            "eps_growth_yearly": 105.25
        },
        "20193": {
            "year_quarter": 20193,
            "year": 2019,
            "quarter": 3,
            "eps": 2.18,
            "eps_growth_year": -35.69,
            "eps_4q": 4.93,
            "eps_4q_growth_year": -54.46,
            "roe": 3.24,
            "roe_4q": 7.6,
            "gross_profit": 6484055,
            "gross_margin": 8.33,
            "gross_margin_4q_avg": 10.28,
            "net_income": 13439103,
            "net_income_4q": null,
            "revenue": 77873751,
            "revenue_4q": null,
            "common_shares": 58611863,
            "book_valuer_per_share": 60.52,
            "book_valuer_per_share_4q_avg": 62.93,
            "equity": 411505607,
            "current_ratio": 273.72,
            "debt_ratio": 25.32,
            "inventory_turnover_ratio": 1.72,
            "account_receivable_turnover_ratio": 2.26,
            "reinvestment_rate": -27.93,
            "research_to_sale_ratio": null,
            "price_fair": 269.94,
            "eps_avg_yearly": 7.71,
            "eps_latest_yearly": 8.72,
            "eps_growth_yearly": 144.27
        },
        "20194": {
            "year_quarter": 20194,
            "year": 2019,
            "quarter": 4,
            "eps": 0.46,
            "eps_growth_year": 52.93,
            "eps_4q": 5.08,
            "eps_4q_growth_year": -39.26,
            "roe": 1,
            "roe_4q": 8.08,
            "gross_profit": 4004971,
            "gross_margin": 6.23,
            "gross_margin_4q_avg": 9.83,
            "net_income": 4107207,
            "net_income_4q": null,
            "revenue": 64326421,
            "revenue_4q": null,
            "common_shares": 58611863,
            "book_valuer_per_share": 60.95,
            "book_valuer_per_share_4q_avg": 62.32,
            "equity": 409290963,
            "current_ratio": 259.58,
            "debt_ratio": 25.66,
            "inventory_turnover_ratio": 1.47,
            "account_receivable_turnover_ratio": 2.15,
            "reinvestment_rate": -27.16,
            "research_to_sale_ratio": null,
            "price_fair": 264.86,
            "eps_avg_yearly": 7.57,
            "eps_latest_yearly": 1.84,
            "eps_growth_yearly": 130.15
        },
        "20201": {
            "year_quarter": 20201,
            "year": 2020,
            "quarter": 1,
            "eps": -0.79,
            "eps_growth_year": -154.11,
            "eps_4q": 2.83,
            "eps_4q_growth_year": -62.7,
            "roe": -1.13,
            "roe_4q": 4.880000000000001,
            "gross_profit": 1696865,
            "gross_margin": 2.63,
            "gross_margin_4q_avg": 7.06,
            "net_income": -4342772,
            "net_income_4q": null,
            "revenue": 64444053,
            "revenue_4q": null,
            "common_shares": 58611863,
            "book_valuer_per_share": 52.89,
            "book_valuer_per_share_4q_avg": 58.9,
            "equity": 357153097,
            "current_ratio": 207.88,
            "debt_ratio": 29.79,
            "inventory_turnover_ratio": 1.52,
            "account_receivable_turnover_ratio": 2.29,
            "reinvestment_rate": -35.35,
            "research_to_sale_ratio": null,
            "price_fair": 271.69,
            "eps_avg_yearly": 7.76,
            "eps_latest_yearly": 1.84,
            "eps_growth_yearly": 135.75
        },
        "20202": {
            "year_quarter": 20202,
            "year": 2020,
            "quarter": 2,
            "eps": 0.2,
            "eps_growth_year": -79.8,
            "eps_4q": 2.04,
            "eps_4q_growth_year": -66.81,
            "roe": 0.52,
            "roe_4q": 3.6300000000000003,
            "gross_profit": 5943941,
            "gross_margin": 10.62,
            "gross_margin_4q_avg": 6.95,
            "net_income": 1811974,
            "net_income_4q": null,
            "revenue": 55987846,
            "revenue_4q": null,
            "common_shares": 58611863,
            "book_valuer_per_share": 50.64,
            "book_valuer_per_share_4q_avg": 56.25,
            "equity": 343454813,
            "current_ratio": 188.02,
            "debt_ratio": 32.7,
            "inventory_turnover_ratio": 1.32,
            "account_receivable_turnover_ratio": 2.17,
            "reinvestment_rate": -42.15,
            "research_to_sale_ratio": null,
            "price_fair": 268.4,
            "eps_avg_yearly": 7.67,
            "eps_latest_yearly": 1.84,
            "eps_growth_yearly": 118.1
        },
        "20203": {
            "year_quarter": 20203,
            "year": 2020,
            "quarter": 3,
            "eps": 2.26,
            "eps_growth_year": 3.67,
            "eps_4q": 2.13,
            "eps_4q_growth_year": -56.71,
            "roe": 3.92,
            "roe_4q": 4.31,
            "gross_profit": 8595587,
            "gross_margin": 14.29,
            "gross_margin_4q_avg": 8.44,
            "net_income": 13527060,
            "net_income_4q": null,
            "revenue": 60152510,
            "revenue_4q": null,
            "common_shares": 58611863,
            "book_valuer_per_share": 51.41,
            "book_valuer_per_share_4q_avg": 53.97,
            "equity": 346251994,
            "current_ratio": 248.7,
            "debt_ratio": 29.1,
            "inventory_turnover_ratio": 1.53,
            "account_receivable_turnover_ratio": 2.42,
            "reinvestment_rate": -34.74,
            "research_to_sale_ratio": null,
            "price_fair": 265.4,
            "eps_avg_yearly": 7.58,
            "eps_latest_yearly": 9.04,
            "eps_growth_yearly": 408.74
        },
        "20204": {
            "year_quarter": 20204,
            "year": 2020,
            "quarter": 4,
            "eps": 1.67,
            "eps_growth_year": 260.65,
            "eps_4q": 3.34,
            "eps_4q_growth_year": -34.2,
            "roe": 2.85,
            "roe_4q": 6.159999999999999,
            "gross_profit": 13295675,
            "gross_margin": 18.29,
            "gross_margin_4q_avg": 11.46,
            "net_income": 10557447,
            "net_income_4q": null,
            "revenue": 72710259,
            "revenue_4q": null,
            "common_shares": 58611863,
            "book_valuer_per_share": 58.87,
            "book_valuer_per_share_4q_avg": 53.45,
            "equity": 395452529,
            "current_ratio": 293.88,
            "debt_ratio": 25.64,
            "inventory_turnover_ratio": 1.79,
            "account_receivable_turnover_ratio": 2.43,
            "reinvestment_rate": -37.04,
            "research_to_sale_ratio": null,
            "price_fair": 267,
            "eps_avg_yearly": 7.63,
            "eps_latest_yearly": 6.68,
            "eps_growth_yearly": 413
        },
        "20211": {
            "year_quarter": 20211,
            "year": 2021,
            "quarter": 1,
            "eps": 2.2,
            "eps_growth_year": null,
            "eps_4q": 6.33,
            "eps_4q_growth_year": 123.43,
            "roe": 3.45,
            "roe_4q": 10.74,
            "gross_profit": 16877889,
            "gross_margin": 20.06,
            "gross_margin_4q_avg": 15.82,
            "net_income": 14068077,
            "net_income_4q": null,
            "revenue": 84154251,
            "revenue_4q": null,
            "common_shares": 58611863,
            "book_valuer_per_share": 62.86,
            "book_valuer_per_share_4q_avg": 55.95,
            "equity": 419757163,
            "current_ratio": 290.77,
            "debt_ratio": 25.58,
            "inventory_turnover_ratio": 1.86,
            "account_receivable_turnover_ratio": 2.33,
            "reinvestment_rate": -29.21,
            "research_to_sale_ratio": null,
            "price_fair": 269,
            "eps_avg_yearly": 7.69,
            "eps_latest_yearly": 8.8,
            "eps_growth_yearly": 412.79
        },
        "20212": {
            "year_quarter": 20212,
            "year": 2021,
            "quarter": 2,
            "eps": 2.12,
            "eps_growth_year": 960,
            "eps_4q": 8.26,
            "eps_4q_growth_year": 305.06,
            "roe": 3.29,
            "roe_4q": 13.51,
            "gross_profit": 17603761,
            "gross_margin": 18.36,
            "gross_margin_4q_avg": 17.75,
            "net_income": 13817344,
            "net_income_4q": null,
            "revenue": 95875657,
            "revenue_4q": null,
            "common_shares": 58611863,
            "book_valuer_per_share": 62.44,
            "book_valuer_per_share_4q_avg": 58.9,
            "equity": 418971584,
            "current_ratio": 276.95,
            "debt_ratio": 27.46,
            "inventory_turnover_ratio": 1.91,
            "account_receivable_turnover_ratio": 2.47,
            "reinvestment_rate": -23.09,
            "research_to_sale_ratio": null,
            "price_fair": 275.7,
            "eps_avg_yearly": 7.88,
            "eps_latest_yearly": 8.48,
            "eps_growth_yearly": 419.61
        },
        "20213": {
            "year_quarter": 20213,
            "year": 2021,
            "quarter": 3,
            "eps": 1.63,
            "eps_growth_year": -27.88,
            "eps_4q": 7.62,
            "eps_4q_growth_year": 256.84,
            "roe": 2.42,
            "roe_4q": 12.01,
            "gross_profit": 10467930,
            "gross_margin": 11.49,
            "gross_margin_4q_avg": 17.05,
            "net_income": 10391310,
            "net_income_4q": null,
            "revenue": 91125938,
            "revenue_4q": null,
            "common_shares": 58611863,
            "book_valuer_per_share": 66.25,
            "book_valuer_per_share_4q_avg": 62.61,
            "equity": 441254060,
            "current_ratio": 304.95,
            "debt_ratio": 25.54,
            "inventory_turnover_ratio": 1.83,
            "account_receivable_turnover_ratio": 2.34,
            "reinvestment_rate": -28.74,
            "research_to_sale_ratio": null,
            "price_fair": 261,
            "eps_avg_yearly": 7.46,
            "eps_latest_yearly": 6.52,
            "eps_growth_yearly": 380.5
        },
        "20214": {
            "year_quarter": 20214,
            "year": 2021,
            "quarter": 4,
            "eps": 0.61,
            "eps_growth_year": -63.49,
            "eps_4q": 6.56,
            "eps_4q_growth_year": 96.27,
            "roe": 1,
            "roe_4q": 10.16,
            "gross_profit": 8488792,
            "gross_margin": 8.97,
            "gross_margin_4q_avg": 14.72,
            "net_income": 4430700,
            "net_income_4q": null,
            "revenue": 94656252,
            "revenue_4q": null,
            "common_shares": 58611863,
            "book_valuer_per_share": 66.84,
            "book_valuer_per_share_4q_avg": 64.6,
            "equity": 443980954,
            "current_ratio": 290.44,
            "debt_ratio": 25.8,
            "inventory_turnover_ratio": 1.85,
            "account_receivable_turnover_ratio": 2.49,
            "reinvestment_rate": -34.01,
            "research_to_sale_ratio": null,
            "price_fair": 239.4,
            "eps_avg_yearly": 6.84,
            "eps_latest_yearly": 2.44,
            "eps_growth_yearly": 365.66
        },
        "20221": {
            "year_quarter": 20221,
            "year": 2022,
            "quarter": 1,
            "eps": 1.04,
            "eps_growth_year": -52.73,
            "eps_4q": 5.39,
            "eps_4q_growth_year": -14.8,
            "roe": 1.55,
            "roe_4q": 8.26,
            "gross_profit": 9187194,
            "gross_margin": 9.63,
            "gross_margin_4q_avg": 12.11,
            "net_income": 6972214,
            "net_income_4q": null,
            "revenue": 95399038,
            "revenue_4q": null,
            "common_shares": 58611863,
            "book_valuer_per_share": 68.79,
            "book_valuer_per_share_4q_avg": 66.08,
            "equity": 455923376,
            "current_ratio": 286.47,
            "debt_ratio": 26.05,
            "inventory_turnover_ratio": 1.76,
            "account_receivable_turnover_ratio": 2.49,
            "reinvestment_rate": 16.87,
            "research_to_sale_ratio": null,
            "price_fair": 227.6,
            "eps_avg_yearly": 6.5,
            "eps_latest_yearly": 4.16,
            "eps_growth_yearly": 391.47
        },
        "20222": {
            "year_quarter": 20222,
            "year": 2022,
            "quarter": 2,
            "eps": 1.08,
            "eps_growth_year": -49.06,
            "eps_4q": 4.35,
            "eps_4q_growth_year": -47.29,
            "roe": 1.8,
            "roe_4q": 6.77,
            "gross_profit": 6671280,
            "gross_margin": 6.19,
            "gross_margin_4q_avg": 9.07,
            "net_income": 7858193,
            "net_income_4q": null,
            "revenue": 107791185,
            "revenue_4q": null,
            "common_shares": 58611863,
            "book_valuer_per_share": 62.31,
            "book_valuer_per_share_4q_avg": 66.05,
            "equity": 416379438,
            "current_ratio": 210.45,
            "debt_ratio": 31.59,
            "inventory_turnover_ratio": 1.92,
            "account_receivable_turnover_ratio": 2.78,
            "reinvestment_rate": 15.9,
            "research_to_sale_ratio": null,
            "price_fair": 213.9,
            "eps_avg_yearly": 6.11,
            "eps_latest_yearly": 4.32,
            "eps_growth_yearly": 389.61
        },
        "20223": {
            "year_quarter": 20223,
            "year": 2022,
            "quarter": 3,
            "eps": 0.43,
            "eps_growth_year": -73.62,
            "eps_4q": 3.15,
            "eps_4q_growth_year": -58.64,
            "roe": 0.56,
            "roe_4q": 4.91,
            "gross_profit": -1888593,
            "gross_margin": -2.08,
            "gross_margin_4q_avg": 5.68,
            "net_income": 2278461,
            "net_income_4q": null,
            "revenue": 90738545,
            "revenue_4q": null,
            "common_shares": 58611863,
            "book_valuer_per_share": 58.3,
            "book_valuer_per_share_4q_avg": 64.06,
            "equity": 390121143,
            "current_ratio": 192.42,
            "debt_ratio": 32.8,
            "inventory_turnover_ratio": 1.71,
            "account_receivable_turnover_ratio": 2.58,
            "reinvestment_rate": 20.86,
            "research_to_sale_ratio": null,
            "price_fair": 184.3,
            "eps_avg_yearly": 5.27,
            "eps_latest_yearly": 1.72,
            "eps_growth_yearly": 361.45
        },
        "20224": {
            "year_quarter": 20224,
            "year": 2022,
            "quarter": 4,
            "eps": -1.28,
            "eps_growth_year": -310.54,
            "eps_4q": 1.26,
            "eps_4q_growth_year": -80.81,
            "roe": -2.07,
            "roe_4q": 1.8400000000000003,
            "gross_profit": -1227520,
            "gross_margin": -1.43,
            "gross_margin_4q_avg": 3.08,
            "net_income": -7905007,
            "net_income_4q": null,
            "revenue": 85967795,
            "revenue_4q": null,
            "common_shares": 58611863,
            "book_valuer_per_share": 55.76,
            "book_valuer_per_share_4q_avg": 61.29,
            "equity": 373356464,
            "current_ratio": 192.14,
            "debt_ratio": 32.79,
            "inventory_turnover_ratio": 1.71,
            "account_receivable_turnover_ratio": 2.76,
            "reinvestment_rate": 17.83,
            "research_to_sale_ratio": null,
            "price_fair": 195.25,
            "eps_avg_yearly": 5.58,
            "eps_latest_yearly": 1.72,
            "eps_growth_yearly": 417.3
        },
        "20231": {
            "year_quarter": 20231,
            "year": 2023,
            "quarter": 1,
            "eps": -0.13,
            "eps_growth_year": -112.5,
            "eps_4q": 0.09,
            "eps_4q_growth_year": -98.32,
            "roe": -0.31,
            "roe_4q": -0.019999999999999796,
            "gross_profit": 1407516,
            "gross_margin": 1.7,
            "gross_margin_4q_avg": 1.1,
            "net_income": -1165655,
            "net_income_4q": null,
            "revenue": 83028826,
            "revenue_4q": null,
            "common_shares": 58611863,
            "book_valuer_per_share": 56.98,
            "book_valuer_per_share_4q_avg": 58.34,
            "equity": 379755709,
            "current_ratio": 182.31,
            "debt_ratio": 34.24,
            "inventory_turnover_ratio": 1.65,
            "account_receivable_turnover_ratio": 2.67,
            "reinvestment_rate": 18.11,
            "research_to_sale_ratio": null,
            "price_fair": 194.48,
            "eps_avg_yearly": 5.56,
            "eps_latest_yearly": 1.72,
            "eps_growth_yearly": 323.19
        },
        "20232": {
            "year_quarter": 20232,
            "year": 2023,
            "quarter": 2,
            "eps": 0.29,
            "eps_growth_year": -73.15,
            "eps_4q": -0.7,
            "eps_4q_growth_year": -116.03,
            "roe": 0.45,
            "roe_4q": -1.3699999999999997,
            "gross_profit": 383131,
            "gross_margin": 0.51,
            "gross_margin_4q_avg": -0.33,
            "net_income": 1689369,
            "net_income_4q": null,
            "revenue": 75168838,
            "revenue_4q": null,
            "common_shares": 58611863,
            "book_valuer_per_share": 56.21,
            "book_valuer_per_share_4q_avg": 56.81,
            "equity": 374528310,
            "current_ratio": 186.36,
            "debt_ratio": 33.11,
            "inventory_turnover_ratio": 1.55,
            "account_receivable_turnover_ratio": 2.54,
            "reinvestment_rate": 32.55,
            "research_to_sale_ratio": null,
            "price_fair": 199.56,
            "eps_avg_yearly": 5.7,
            "eps_latest_yearly": 1.72,
            "eps_growth_yearly": 364.28
        },
        "20233": {
            "year_quarter": 20233,
            "year": 2023,
            "quarter": 3,
            "eps": 1.28,
            "eps_growth_year": 197.67,
            "eps_4q": 0.16,
            "eps_4q_growth_year": -94.98,
            "roe": 1.9,
            "roe_4q": -0.029999999999999805,
            "gross_profit": 5848743,
            "gross_margin": 6.74,
            "gross_margin_4q_avg": 1.88,
            "net_income": 7152980,
            "net_income_4q": null,
            "revenue": 86824127,
            "revenue_4q": null,
            "common_shares": 58611863,
            "book_valuer_per_share": 57.24,
            "book_valuer_per_share_4q_avg": 56.55,
            "equity": 379678774,
            "current_ratio": 203.88,
            "debt_ratio": 32.77,
            "inventory_turnover_ratio": 1.78,
            "account_receivable_turnover_ratio": 3,
            "reinvestment_rate": 43.26,
            "research_to_sale_ratio": null,
            "price_fair": 188.11,
            "eps_avg_yearly": 5.37,
            "eps_latest_yearly": 5.12,
            "eps_growth_yearly": 444.7
        }
    },
    "months": {
        "2003-01": {
            "month": "2003-01",
            "price": "41.01",
            "revenue": 8797047
        },
        "2003-02": {
            "month": "2003-02",
            "price": "36.08",
            "revenue": 8768835
        },
        "2003-03": {
            "month": "2003-03",
            "price": "35.89",
            "revenue": 8402081
        },
        "2003-04": {
            "month": "2003-04",
            "price": "36.40",
            "revenue": 7450855
        },
        "2003-05": {
            "month": "2003-05",
            "price": "35.66",
            "revenue": 7580072
        },
        "2003-06": {
            "month": "2003-06",
            "price": "38.71",
            "revenue": 9452082
        },
        "2003-07": {
            "month": "2003-07",
            "price": "39.32",
            "revenue": 9667965
        },
        "2003-08": {
            "month": "2003-08",
            "price": "42.61",
            "revenue": 9860210
        },
        "2003-09": {
            "month": "2003-09",
            "price": "46.92",
            "revenue": 9006589
        },
        "2003-10": {
            "month": "2003-10",
            "price": "50.31",
            "revenue": 9065581
        },
        "2003-11": {
            "month": "2003-11",
            "price": "53.85",
            "revenue": 9004720
        },
        "2003-12": {
            "month": "2003-12",
            "price": "55.13",
            "revenue": 9365334
        },
        "2004-01": {
            "month": "2004-01",
            "price": "55.70",
            "revenue": 9798110
        },
        "2004-02": {
            "month": "2004-02",
            "price": "53.45",
            "revenue": 9694733
        },
        "2004-03": {
            "month": "2004-03",
            "price": "52.81",
            "revenue": 10752826
        },
        "2004-04": {
            "month": "2004-04",
            "price": "53.30",
            "revenue": 10875507
        },
        "2004-05": {
            "month": "2004-05",
            "price": "46.84",
            "revenue": 11271028
        },
        "2004-06": {
            "month": "2004-06",
            "price": "48.91",
            "revenue": 12428424
        },
        "2004-07": {
            "month": "2004-07",
            "price": "49.41",
            "revenue": 12280127
        },
        "2004-08": {
            "month": "2004-08",
            "price": "51.71",
            "revenue": 14158331
        },
        "2004-09": {
            "month": "2004-09",
            "price": "57.62",
            "revenue": 14671665
        },
        "2004-10": {
            "month": "2004-10",
            "price": "59.22",
            "revenue": 14320708
        },
        "2004-11": {
            "month": "2004-11",
            "price": "57.86",
            "revenue": 12954540
        },
        "2004-12": {
            "month": "2004-12",
            "price": "59.02",
            "revenue": 13100258
        },
        "2005-01": {
            "month": "2005-01",
            "price": "58.71",
            "revenue": 14000837
        },
        "2005-02": {
            "month": "2005-02",
            "price": "59.65",
            "revenue": 12892265
        },
        "2005-03": {
            "month": "2005-03",
            "price": "65.16",
            "revenue": 13411900
        },
        "2005-04": {
            "month": "2005-04",
            "price": "63.22",
            "revenue": 12677312
        },
        "2005-05": {
            "month": "2005-05",
            "price": "61.02",
            "revenue": 12398134
        },
        "2005-06": {
            "month": "2005-06",
            "price": "60.24",
            "revenue": 13379353
        },
        "2005-07": {
            "month": "2005-07",
            "price": "55.16",
            "revenue": 12787710
        },
        "2005-08": {
            "month": "2005-08",
            "price": "50.51",
            "revenue": 13733822
        },
        "2005-09": {
            "month": "2005-09",
            "price": "50.50",
            "revenue": 13836171
        },
        "2005-10": {
            "month": "2005-10",
            "price": "50.81",
            "revenue": 13023434
        },
        "2005-11": {
            "month": "2005-11",
            "price": "53.13",
            "revenue": 13108776
        },
        "2005-12": {
            "month": "2005-12",
            "price": "53.00",
            "revenue": 14533005
        },
        "2006-01": {
            "month": "2006-01",
            "price": "53.03",
            "revenue": 13734997
        },
        "2006-02": {
            "month": "2006-02",
            "price": "51.76",
            "revenue": 11735215
        },
        "2006-03": {
            "month": "2006-03",
            "price": "50.49",
            "revenue": 13178475
        },
        "2006-04": {
            "month": "2006-04",
            "price": "52.16",
            "revenue": 13761194
        },
        "2006-05": {
            "month": "2006-05",
            "price": "50.74",
            "revenue": 15198758
        },
        "2006-06": {
            "month": "2006-06",
            "price": "49.04",
            "revenue": 16016613
        },
        "2006-07": {
            "month": "2006-07",
            "price": "48.95",
            "revenue": 16544636
        },
        "2006-08": {
            "month": "2006-08",
            "price": "46.05",
            "revenue": 17867795
        },
        "2006-09": {
            "month": "2006-09",
            "price": "47.99",
            "revenue": 14943289
        },
        "2006-10": {
            "month": "2006-10",
            "price": "49.37",
            "revenue": 14785223
        },
        "2006-11": {
            "month": "2006-11",
            "price": "51.97",
            "revenue": 17216321
        },
        "2006-12": {
            "month": "2006-12",
            "price": "53.66",
            "revenue": 16998334
        },
        "2007-01": {
            "month": "2007-01",
            "price": "56.44",
            "revenue": 14409641
        },
        "2007-02": {
            "month": "2007-02",
            "price": "61.02",
            "revenue": 14366463
        },
        "2007-03": {
            "month": "2007-03",
            "price": "62.22",
            "revenue": 18257920
        },
        "2007-04": {
            "month": "2007-04",
            "price": "64.11",
            "revenue": 19201434
        },
        "2007-05": {
            "month": "2007-05",
            "price": "66.18",
            "revenue": 20153692
        },
        "2007-06": {
            "month": "2007-06",
            "price": "74.34",
            "revenue": 18902117
        },
        "2007-07": {
            "month": "2007-07",
            "price": "76.80",
            "revenue": 21498542
        },
        "2007-08": {
            "month": "2007-08",
            "price": "77.25",
            "revenue": 21311182
        },
        "2007-09": {
            "month": "2007-09",
            "price": "81.58",
            "revenue": 22207940
        },
        "2007-10": {
            "month": "2007-10",
            "price": "88.77",
            "revenue": 23216024
        },
        "2007-11": {
            "month": "2007-11",
            "price": "82.54",
            "revenue": 23317304
        },
        "2007-12": {
            "month": "2007-12",
            "price": "80.92",
            "revenue": 23162900
        },
        "2008-01": {
            "month": "2008-01",
            "price": "79.20",
            "revenue": 23740428
        },
        "2008-02": {
            "month": "2008-02",
            "price": "74.19",
            "revenue": 24449015
        },
        "2008-03": {
            "month": "2008-03",
            "price": "78.93",
            "revenue": 24826157
        },
        "2008-04": {
            "month": "2008-04",
            "price": "79.55",
            "revenue": 22647332
        },
        "2008-05": {
            "month": "2008-05",
            "price": "75.36",
            "revenue": 24775983
        },
        "2008-06": {
            "month": "2008-06",
            "price": "70.80",
            "revenue": 27141797
        },
        "2008-07": {
            "month": "2008-07",
            "price": "54.53",
            "revenue": 26791036
        },
        "2008-08": {
            "month": "2008-08",
            "price": "54.60",
            "revenue": 21134913
        },
        "2008-09": {
            "month": "2008-09",
            "price": "52.66",
            "revenue": 17699471
        },
        "2008-10": {
            "month": "2008-10",
            "price": "51.19",
            "revenue": 15054997
        },
        "2008-11": {
            "month": "2008-11",
            "price": "50.82",
            "revenue": 10749901
        },
        "2008-12": {
            "month": "2008-12",
            "price": "44.22",
            "revenue": 10806450
        },
        "2009-01": {
            "month": "2009-01",
            "price": "39.44",
            "revenue": 11480845
        },
        "2009-02": {
            "month": "2009-02",
            "price": "37.37",
            "revenue": 14353509
        },
        "2009-03": {
            "month": "2009-03",
            "price": "39.03",
            "revenue": 16794779
        },
        "2009-04": {
            "month": "2009-04",
            "price": "47.45",
            "revenue": 18481033
        },
        "2009-05": {
            "month": "2009-05",
            "price": "54.55",
            "revenue": 20709563
        },
        "2009-06": {
            "month": "2009-06",
            "price": "51.09",
            "revenue": 20391080
        },
        "2009-07": {
            "month": "2009-07",
            "price": "50.27",
            "revenue": 19439395
        },
        "2009-08": {
            "month": "2009-08",
            "price": "55.08",
            "revenue": 20283581
        },
        "2009-09": {
            "month": "2009-09",
            "price": "60.43",
            "revenue": 17599711
        },
        "2009-10": {
            "month": "2009-10",
            "price": "62.87",
            "revenue": 18509069
        },
        "2009-11": {
            "month": "2009-11",
            "price": "65.95",
            "revenue": 19903223
        },
        "2009-12": {
            "month": "2009-12",
            "price": "68.50",
            "revenue": 21783706
        },
        "2010-01": {
            "month": "2010-01",
            "price": "70.62",
            "revenue": 24055460
        },
        "2010-02": {
            "month": "2010-02",
            "price": "69.10",
            "revenue": 21386486
        },
        "2010-03": {
            "month": "2010-03",
            "price": "74.01",
            "revenue": 25548288
        },
        "2010-04": {
            "month": "2010-04",
            "price": "76.62",
            "revenue": 25380933
        },
        "2010-05": {
            "month": "2010-05",
            "price": "74.80",
            "revenue": 25130287
        },
        "2010-06": {
            "month": "2010-06",
            "price": "71.50",
            "revenue": 21227942
        },
        "2010-07": {
            "month": "2010-07",
            "price": "72.30",
            "revenue": 22345397
        },
        "2010-08": {
            "month": "2010-08",
            "price": "71.14",
            "revenue": 22472957
        },
        "2010-09": {
            "month": "2010-09",
            "price": "74.49",
            "revenue": 21522518
        },
        "2010-10": {
            "month": "2010-10",
            "price": "80.84",
            "revenue": 23413986
        },
        "2010-11": {
            "month": "2010-11",
            "price": "90.80",
            "revenue": 24199455
        },
        "2010-12": {
            "month": "2010-12",
            "price": "95.23",
            "revenue": 26437491
        },
        "2011-01": {
            "month": "2011-01",
            "price": "96.85",
            "revenue": 26099195
        },
        "2011-02": {
            "month": "2011-02",
            "price": "103.50",
            "revenue": 27187369
        },
        "2011-03": {
            "month": "2011-03",
            "price": "104.99",
            "revenue": 28368283
        },
        "2011-04": {
            "month": "2011-04",
            "price": "114.61",
            "revenue": 25930706
        },
        "2011-05": {
            "month": "2011-05",
            "price": "108.19",
            "revenue": 24173330
        },
        "2011-06": {
            "month": "2011-06",
            "price": "107.88",
            "revenue": 21255146
        },
        "2011-07": {
            "month": "2011-07",
            "price": "104.52",
            "revenue": 23459922
        },
        "2011-08": {
            "month": "2011-08",
            "price": "82.29",
            "revenue": 21638189
        },
        "2011-09": {
            "month": "2011-09",
            "price": "81.98",
            "revenue": 21822057
        },
        "2011-10": {
            "month": "2011-10",
            "price": "84.54",
            "revenue": 20821488
        },
        "2011-11": {
            "month": "2011-11",
            "price": "83.10",
            "revenue": 19105037
        },
        "2011-12": {
            "month": "2011-12",
            "price": "80.95",
            "revenue": 20952871
        },
        "2012-01": {
            "month": "2012-01",
            "price": "81.78",
            "revenue": 24236785
        },
        "2012-02": {
            "month": "2012-02",
            "price": "88.19",
            "revenue": 27391879
        },
        "2012-03": {
            "month": "2012-03",
            "price": "88.41",
            "revenue": 27922712
        },
        "2012-04": {
            "month": "2012-04",
            "price": "84.37",
            "revenue": 26357718
        },
        "2012-05": {
            "month": "2012-05",
            "price": "80.16",
            "revenue": 25054900
        },
        "2012-06": {
            "month": "2012-06",
            "price": "76.53",
            "revenue": 20604264
        },
        "2012-07": {
            "month": "2012-07",
            "price": "76.37",
            "revenue": 20003025
        },
        "2012-08": {
            "month": "2012-08",
            "price": "80.50",
            "revenue": 22444303
        },
        "2012-09": {
            "month": "2012-09",
            "price": "77.66",
            "revenue": 20002143
        },
        "2012-10": {
            "month": "2012-10",
            "price": "74.57",
            "revenue": 22191001
        },
        "2012-11": {
            "month": "2012-11",
            "price": "65.27",
            "revenue": 25040187
        },
        "2012-12": {
            "month": "2012-12",
            "price": "70.03",
            "revenue": 26775954
        },
        "2013-01": {
            "month": "2013-01",
            "price": "78.34",
            "revenue": 35869842
        },
        "2013-02": {
            "month": "2013-02",
            "price": "77.95",
            "revenue": 31790570
        },
        "2013-03": {
            "month": "2013-03",
            "price": "72.45",
            "revenue": 34088366
        },
        "2013-04": {
            "month": "2013-04",
            "price": "68.21",
            "revenue": 35930976
        },
        "2013-05": {
            "month": "2013-05",
            "price": "72.53",
            "revenue": 36791129
        },
        "2013-06": {
            "month": "2013-06",
            "price": "69.38",
            "revenue": 35925653
        },
        "2013-07": {
            "month": "2013-07",
            "price": "74.83",
            "revenue": 35151128
        },
        "2013-08": {
            "month": "2013-08",
            "price": "75.49",
            "revenue": 38044886
        },
        "2013-09": {
            "month": "2013-09",
            "price": "78.76",
            "revenue": 35120260
        },
        "2013-10": {
            "month": "2013-10",
            "price": "83.04",
            "revenue": 35616621
        },
        "2013-11": {
            "month": "2013-11",
            "price": "81.90",
            "revenue": 35919915
        },
        "2013-12": {
            "month": "2013-12",
            "price": "84.02",
            "revenue": 37750588
        },
        "2014-01": {
            "month": "2014-01",
            "price": "81.28",
            "revenue": 35145258
        },
        "2014-02": {
            "month": "2014-02",
            "price": "77.13",
            "revenue": 31434828
        },
        "2014-03": {
            "month": "2014-03",
            "price": "73.17",
            "revenue": 34380210
        },
        "2014-04": {
            "month": "2014-04",
            "price": "73.33",
            "revenue": 36806934
        },
        "2014-05": {
            "month": "2014-05",
            "price": "71.98",
            "revenue": 36909056
        },
        "2014-06": {
            "month": "2014-06",
            "price": "73.70",
            "revenue": 36665596
        },
        "2014-07": {
            "month": "2014-07",
            "price": "72.65",
            "revenue": 36554138
        },
        "2014-08": {
            "month": "2014-08",
            "price": "73.20",
            "revenue": 34206823
        },
        "2014-09": {
            "month": "2014-09",
            "price": "72.00",
            "revenue": 29964048
        },
        "2014-10": {
            "month": "2014-10",
            "price": "68.38",
            "revenue": 29307203
        },
        "2014-11": {
            "month": "2014-11",
            "price": "69.39",
            "revenue": 30757673
        },
        "2014-12": {
            "month": "2014-12",
            "price": "66.11",
            "revenue": 29321972
        },
        "2015-01": {
            "month": "2015-01",
            "price": "66.94",
            "revenue": 26954148
        },
        "2015-02": {
            "month": "2015-02",
            "price": "71.45",
            "revenue": 24400052
        },
        "2015-03": {
            "month": "2015-03",
            "price": "70.15",
            "revenue": 29554848
        },
        "2015-04": {
            "month": "2015-04",
            "price": "75.74",
            "revenue": 30222154
        },
        "2015-05": {
            "month": "2015-05",
            "price": "77.66",
            "revenue": 31661246
        },
        "2015-06": {
            "month": "2015-06",
            "price": "73.32",
            "revenue": 28684775
        },
        "2015-07": {
            "month": "2015-07",
            "price": "73.35",
            "revenue": 27738675
        },
        "2015-08": {
            "month": "2015-08",
            "price": "68.82",
            "revenue": 25634733
        },
        "2015-09": {
            "month": "2015-09",
            "price": "68.63",
            "revenue": 25828273
        },
        "2015-10": {
            "month": "2015-10",
            "price": "73.70",
            "revenue": 25918870
        },
        "2015-11": {
            "month": "2015-11",
            "price": "72.32",
            "revenue": 26580556
        },
        "2015-12": {
            "month": "2015-12",
            "price": "69.50",
            "revenue": 26170977
        },
        "2016-01": {
            "month": "2016-01",
            "price": "69.61",
            "revenue": 24629815
        },
        "2016-02": {
            "month": "2016-02",
            "price": "72.27",
            "revenue": 22401462
        },
        "2016-03": {
            "month": "2016-03",
            "price": "78.15",
            "revenue": 28768227
        },
        "2016-04": {
            "month": "2016-04",
            "price": "82.85",
            "revenue": 26874740
        },
        "2016-05": {
            "month": "2016-05",
            "price": "81.24",
            "revenue": 27122513
        },
        "2016-06": {
            "month": "2016-06",
            "price": "81.50",
            "revenue": 27277277
        },
        "2016-07": {
            "month": "2016-07",
            "price": "82.32",
            "revenue": 27972003
        },
        "2016-08": {
            "month": "2016-08",
            "price": "83.87",
            "revenue": 26534767
        },
        "2016-09": {
            "month": "2016-09",
            "price": "83.54",
            "revenue": 25432717
        },
        "2016-10": {
            "month": "2016-10",
            "price": "89.50",
            "revenue": 26143482
        },
        "2016-11": {
            "month": "2016-11",
            "price": "95.82",
            "revenue": 27077227
        },
        "2016-12": {
            "month": "2016-12",
            "price": "97.01",
            "revenue": 28970397
        },
        "2017-01": {
            "month": "2017-01",
            "price": "96.84",
            "revenue": 30067100
        },
        "2017-02": {
            "month": "2017-02",
            "price": "97.89",
            "revenue": 29675702
        },
        "2017-03": {
            "month": "2017-03",
            "price": "94.13",
            "revenue": 29516729
        },
        "2017-04": {
            "month": "2017-04",
            "price": "93.63",
            "revenue": 27618994
        },
        "2017-05": {
            "month": "2017-05",
            "price": "90.98",
            "revenue": 26656879
        },
        "2017-06": {
            "month": "2017-06",
            "price": "91.83",
            "revenue": 27892550
        },
        "2017-07": {
            "month": "2017-07",
            "price": "91.89",
            "revenue": 29205867
        },
        "2017-08": {
            "month": "2017-08",
            "price": "92.67",
            "revenue": 29378142
        },
        "2017-09": {
            "month": "2017-09",
            "price": "94.02",
            "revenue": 29617886
        },
        "2017-10": {
            "month": "2017-10",
            "price": "92.88",
            "revenue": 31681227
        },
        "2017-11": {
            "month": "2017-11",
            "price": "93.31",
            "revenue": 31575535
        },
        "2017-12": {
            "month": "2017-12",
            "price": "96.80",
            "revenue": 35534860
        },
        "2018-01": {
            "month": "2018-01",
            "price": "108.05",
            "revenue": 33809637
        },
        "2018-02": {
            "month": "2018-02",
            "price": "107.50",
            "revenue": 29988599
        },
        "2018-03": {
            "month": "2018-03",
            "price": "108.00",
            "revenue": 35158316
        },
        "2018-04": {
            "month": "2018-04",
            "price": "109.17",
            "revenue": 33118193
        },
        "2018-05": {
            "month": "2018-05",
            "price": "114.18",
            "revenue": 32644221
        },
        "2018-06": {
            "month": "2018-06",
            "price": "116.02",
            "revenue": 33934532
        },
        "2018-07": {
            "month": "2018-07",
            "price": "116.59",
            "revenue": 34294487
        },
        "2018-08": {
            "month": "2018-08",
            "price": "119.93",
            "revenue": 36401692
        },
        "2018-09": {
            "month": "2018-09",
            "price": "122.05",
            "revenue": 36939138
        },
        "2018-10": {
            "month": "2018-10",
            "price": "116.30",
            "revenue": 36070001
        },
        "2018-11": {
            "month": "2018-11",
            "price": "107.61",
            "revenue": 33592042
        },
        "2018-12": {
            "month": "2018-12",
            "price": "104.86",
            "revenue": 31908907
        },
        "2019-01": {
            "month": "2019-01",
            "price": "105.62",
            "revenue": 31787788
        },
        "2019-02": {
            "month": "2019-02",
            "price": "104.88",
            "revenue": 27572409
        },
        "2019-03": {
            "month": "2019-03",
            "price": "108.62",
            "revenue": 32072473
        },
        "2019-04": {
            "month": "2019-04",
            "price": "109.28",
            "revenue": 28942093
        },
        "2019-05": {
            "month": "2019-05",
            "price": "107.52",
            "revenue": 27148487
        },
        "2019-06": {
            "month": "2019-06",
            "price": "108.37",
            "revenue": 25775641
        },
        "2019-07": {
            "month": "2019-07",
            "price": "97.77",
            "revenue": 27457611
        },
        "2019-08": {
            "month": "2019-08",
            "price": "87.52",
            "revenue": 25985347
        },
        "2019-09": {
            "month": "2019-09",
            "price": "88.87",
            "revenue": 24430793
        },
        "2019-10": {
            "month": "2019-10",
            "price": "87.98",
            "revenue": 24869514
        },
        "2019-11": {
            "month": "2019-11",
            "price": "88.06",
            "revenue": 23934947
        },
        "2019-12": {
            "month": "2019-12",
            "price": "87.72",
            "revenue": 24389832
        },
        "2020-01": {
            "month": "2020-01",
            "price": "87.25",
            "revenue": 22647976
        },
        "2020-02": {
            "month": "2020-02",
            "price": "83.90",
            "revenue": 21029837
        },
        "2020-03": {
            "month": "2020-03",
            "price": "71.58",
            "revenue": 20766240
        },
        "2020-04": {
            "month": "2020-04",
            "price": "70.24",
            "revenue": 18134268
        },
        "2020-05": {
            "month": "2020-05",
            "price": "72.86",
            "revenue": 18011412
        },
        "2020-06": {
            "month": "2020-06",
            "price": "74.74",
            "revenue": 19842166
        },
        "2020-07": {
            "month": "2020-07",
            "price": "70.81",
            "revenue": 20451507
        },
        "2020-08": {
            "month": "2020-08",
            "price": "69.82",
            "revenue": 18984099
        },
        "2020-09": {
            "month": "2020-09",
            "price": "68.42",
            "revenue": 20716904
        },
        "2020-10": {
            "month": "2020-10",
            "price": "69.25",
            "revenue": 22525959
        },
        "2020-11": {
            "month": "2020-11",
            "price": "76.20",
            "revenue": 23935729
        },
        "2020-12": {
            "month": "2020-12",
            "price": "79.91",
            "revenue": 26248571
        },
        "2021-01": {
            "month": "2021-01",
            "price": "82.88",
            "revenue": 26749217
        },
        "2021-02": {
            "month": "2021-02",
            "price": "82.91",
            "revenue": 25225711
        },
        "2021-03": {
            "month": "2021-03",
            "price": "87.34",
            "revenue": 32179323
        },
        "2021-04": {
            "month": "2021-04",
            "price": "90.70",
            "revenue": 33047596
        },
        "2021-05": {
            "month": "2021-05",
            "price": "86.20",
            "revenue": 32135688
        },
        "2021-06": {
            "month": "2021-06",
            "price": "85.62",
            "revenue": 30692373
        },
        "2021-07": {
            "month": "2021-07",
            "price": "84.36",
            "revenue": 30240623
        },
        "2021-08": {
            "month": "2021-08",
            "price": "82.11",
            "revenue": 30621450
        },
        "2021-09": {
            "month": "2021-09",
            "price": "82.66",
            "revenue": 30263865
        },
        "2021-10": {
            "month": "2021-10",
            "price": "82.18",
            "revenue": 31749162
        },
        "2021-11": {
            "month": "2021-11",
            "price": "80.41",
            "revenue": 31632092
        },
        "2021-12": {
            "month": "2021-12",
            "price": "79.98",
            "revenue": 31274998
        },
        "2022-01": {
            "month": "2022-01",
            "price": "80.34",
            "revenue": 30314286
        },
        "2022-02": {
            "month": "2022-02",
            "price": "80.19",
            "revenue": 28718758
        },
        "2022-03": {
            "month": "2022-03",
            "price": "79.89",
            "revenue": 36365994
        },
        "2022-04": {
            "month": "2022-04",
            "price": "79.63",
            "revenue": 36418996
        },
        "2022-05": {
            "month": "2022-05",
            "price": "79.35",
            "revenue": 34894962
        },
        "2022-06": {
            "month": "2022-06",
            "price": "80.67",
            "revenue": 36477227
        },
        "2022-07": {
            "month": "2022-07",
            "price": "68.75",
            "revenue": 31249506
        },
        "2022-08": {
            "month": "2022-08",
            "price": "69.49",
            "revenue": 28666166
        },
        "2022-09": {
            "month": "2022-09",
            "price": "68.01",
            "revenue": 30822873
        },
        "2022-10": {
            "month": "2022-10",
            "price": "67.96",
            "revenue": 30444806
        },
        "2022-11": {
            "month": "2022-11",
            "price": "72.11",
            "revenue": 26691678
        },
        "2022-12": {
            "month": "2022-12",
            "price": "71.26",
            "revenue": 28831311
        },
        "2023-01": {
            "month": "2023-01",
            "price": "71.98",
            "revenue": 25576976
        },
        "2023-02": {
            "month": "2023-02",
            "price": "71.41",
            "revenue": 28017455
        },
        "2023-03": {
            "month": "2023-03",
            "price": "69.37",
            "revenue": 29434395
        },
        "2023-04": {
            "month": "2023-04",
            "price": "69.42",
            "revenue": 25509217
        },
        "2023-05": {
            "month": "2023-05",
            "price": "69.05",
            "revenue": 24506583
        },
        "2023-06": {
            "month": "2023-06",
            "price": "68.36",
            "revenue": 25153038
        },
        "2023-07": {
            "month": "2023-07",
            "price": "64.76",
            "revenue": 26750801
        },
        "2023-08": {
            "month": "2023-08",
            "price": "63.35",
            "revenue": 29077841
        },
        "2023-09": {
            "month": "2023-09",
            "price": "63.94",
            "revenue": 30995485
        },
        "2023-10": {
            "month": "2023-10",
            "price": "61.89",
            "revenue": 30166153
        },
        "2023-11": {
            "month": "2023-11",
            "price": "63.39",
            "revenue": 28737570
        },
        "2023-12": {
            "month": "2023-12",
            "price": "62.97",
            "revenue": 28694019
        }
    }
}
