{
    "summary": {
        "stock_name": "恩得利",
        "stock_id": "1333",
        "category": "電子零組件",
        "main_business": "塑膠日用品,工業用塑膠製品製造及進出口貿易業務<br>電子零件及各種機械零件之製造加工,買賣及進出口貿易業務<br>鋼模之製造加工,買賣及進出口貿易業務",
        "website_url": "http://www.entery.com.tw",
        "ceo": "康榮寶",
        "pe_ratio": -5,
        "report_year_from": 2003,
        "report_year_to": 2019,
        "age": 20,
        "eps_negative_percentage": 65,
        "eps_growth_avg": {
            "last_all": -48.55,
            "last_2y": null,
            "last_4y": null,
            "last_8y": -100,
            "last_12y": -80.42,
            "last_16y": null,
            "last_20y": null,
            "at_2006_last_3y": null,
            "at_2007_last_3y": -22.82,
            "at_2008_last_3y": -32.54,
            "at_2009_last_3y": -75.49,
            "at_2010_last_3y": -70.63,
            "at_2011_last_3y": -100,
            "at_2012_last_3y": -100,
            "at_2013_last_3y": -100,
            "at_2014_last_3y": -100,
            "at_2015_last_3y": null,
            "at_2016_last_3y": null,
            "at_2017_last_3y": null,
            "at_2018_last_3y": null,
            "at_2019_last_3y": null,
            "at_2020_last_3y": null,
            "at_2021_last_3y": null,
            "at_2022_last_3y": null,
            "at_2023_last_3y": null,
            "at_2006_last_all": -16.67,
            "at_2007_last_all": -22.82,
            "at_2008_last_all": -38.26,
            "at_2009_last_all": -38.26,
            "at_2010_last_all": -38.26,
            "at_2011_last_all": -48.55,
            "at_2012_last_all": -48.55,
            "at_2013_last_all": -48.55,
            "at_2014_last_all": -48.55,
            "at_2015_last_all": -48.55,
            "at_2016_last_all": -48.55,
            "at_2017_last_all": -48.55,
            "at_2018_last_all": -48.55,
            "at_2019_last_all": -48.55,
            "at_2020_last_all": -48.55,
            "at_2021_last_all": -48.55,
            "at_2022_last_all": -48.55,
            "at_2023_last_all": -48.55
        },
        "latest_eps": -0.27,
        "latest_price": 1.44,
        "latest_roe": -12.63,
        "latest_gross_margin": 25.84,
        "latest_equity": 165946,
        "latest_revenue": 102930,
        "latest_gross_profit": 26595,
        "latest_net_income": 13118,
        "latest_debt_ratio": 60.49,
        "latest_current_ratio": 118.46,
        "latest_account_receivable_turnover_ratio": 0.67,
        "latest_inventory_turnover_ratio": 1.16,
        "latest_reinvestment_rate": null,
        "latest_research_to_sale_ratio": 0.4
    },
    "eps_dividends": {
        "2001": {
            "cash": 0,
            "stock": 0,
            "eps": 0
        },
        "2002": {
            "cash": 0,
            "stock": 0,
            "eps": 0
        },
        "2003": {
            "cash": 0,
            "stock": 0,
            "eps": 5.58
        },
        "2004": {
            "cash": 0.22,
            "stock": 5.4,
            "eps": 2.17
        },
        "2005": {
            "cash": 0,
            "stock": 0,
            "eps": 4.26
        },
        "2006": {
            "cash": 1.34,
            "stock": 1.6,
            "eps": 0.63
        },
        "2007": {
            "cash": 0.18,
            "stock": 0.25,
            "eps": 0.37
        },
        "2008": {
            "cash": 0,
            "stock": 0.25,
            "eps": -7.99
        },
        "2009": {
            "cash": 0,
            "stock": 0,
            "eps": -0.97
        },
        "2010": {
            "cash": 0,
            "stock": 0,
            "eps": 0.27
        },
        "2011": {
            "cash": 0,
            "stock": 0,
            "eps": -0.81
        },
        "2012": {
            "cash": 0,
            "stock": 0,
            "eps": -0.59
        },
        "2013": {
            "cash": 0,
            "stock": 0,
            "eps": -0.25
        },
        "2014": {
            "cash": 0,
            "stock": 0,
            "eps": -0.96
        },
        "2015": {
            "cash": 0,
            "stock": 0,
            "eps": -0.33
        },
        "2016": {
            "cash": 0,
            "stock": 0,
            "eps": -0.17
        },
        "2017": {
            "cash": 0,
            "stock": 0,
            "eps": -1.9
        },
        "2018": {
            "cash": 0,
            "stock": 0,
            "eps": -1.45
        },
        "2019": {
            "cash": 0,
            "stock": 0,
            "eps": -0.13
        }
    },
    "dividends": {
        "2004-04-07": {
            "cash": 0.22,
            "stock": 5.4
        },
        "2006-03-30": {
            "cash": 1.34,
            "stock": 1.6
        },
        "2007-04-27": {
            "cash": 0.18,
            "stock": 0.25
        },
        "2008-04-29": {
            "cash": 0,
            "stock": 0.25
        }
    },
    "prices": {
        "200101": "無",
        "200102": "無",
        "200103": "無",
        "200104": "無",
        "200105": "無",
        "200106": "無",
        "200107": "無",
        "200108": "無",
        "200109": "無",
        "200110": "無",
        "200111": "無",
        "200112": "無",
        "200201": "無",
        "200202": "無",
        "200203": "無",
        "200204": "無",
        "200205": "無",
        "200206": "無",
        "200207": "無",
        "200208": "無",
        "200209": "無",
        "200210": "無",
        "200211": "無",
        "200212": "無",
        "200301": "無",
        "200302": "無",
        "200303": "無",
        "200304": "無",
        "200305": "無",
        "200306": "無",
        "200307": "無",
        "200308": "無",
        "200309": "無",
        "200310": "無",
        "200311": "無",
        "200312": "無",
        "200401": "71.62",
        "200402": "62.75",
        "200403": "69.86",
        "200404": "67.56",
        "200405": "60.78",
        "200406": "60.50",
        "200407": "59.26",
        "200408": "36.21",
        "200409": "29.02",
        "200410": "29.12",
        "200411": "25.17",
        "200412": "20.69",
        "200501": "20.71",
        "200502": "23.38",
        "200503": "30.65",
        "200504": "34.48",
        "200505": "33.24",
        "200506": "33.74",
        "200507": "44.84",
        "200508": "52.06",
        "200509": "55.95",
        "200510": "41.16",
        "200511": "46.64",
        "200512": "46.67",
        "200601": "46.53",
        "200602": "42.36",
        "200603": "48.23",
        "200604": "48.86",
        "200605": "40.06",
        "200606": "28.85",
        "200607": "25.70",
        "200608": "26.92",
        "200609": "22.59",
        "200610": "23.16",
        "200611": "28.04",
        "200612": "31.47",
        "200701": "36.49",
        "200702": "36.98",
        "200703": "33.38",
        "200704": "34.33",
        "200705": "30.85",
        "200706": "32.97",
        "200707": "32.19",
        "200708": "23.88",
        "200709": "22.83",
        "200710": "22.25",
        "200711": "16.98",
        "200712": "14.85",
        "200801": "12.18",
        "200802": "11.53",
        "200803": "13.28",
        "200804": "14.93",
        "200805": "12.90",
        "200806": "9.59",
        "200807": "5.52",
        "200808": "6.14",
        "200809": "5.17",
        "200810": "3.96",
        "200811": "3.56",
        "200812": "3.37",
        "200901": "3.04",
        "200902": "3.08",
        "200903": "4.32",
        "200904": "4.97",
        "200905": "4.62",
        "200906": "3.99",
        "200907": "4.14",
        "200908": "4.99",
        "200909": "8.21",
        "200910": "12.53",
        "200911": "14.35",
        "200912": "21.27",
        "201001": "20.10",
        "201002": "16.01",
        "201003": "17.38",
        "201004": "20.36",
        "201005": "16.60",
        "201006": "15.95",
        "201007": "16.65",
        "201008": "16.55",
        "201009": "15.35",
        "201010": "13.81",
        "201011": "12.00",
        "201012": "12.25",
        "201101": "11.48",
        "201102": "10.68",
        "201103": "10.84",
        "201104": "10.73",
        "201105": "8.85",
        "201106": "8.13",
        "201107": "7.60",
        "201108": "6.21",
        "201109": "5.58",
        "201110": "5.39",
        "201111": "4.81",
        "201112": "4.26",
        "201201": "4.36",
        "201202": "6.73",
        "201203": "7.31",
        "201204": "5.99",
        "201205": "6.15",
        "201206": "5.83",
        "201207": "5.64",
        "201208": "5.00",
        "201209": "4.86",
        "201210": "4.30",
        "201211": "3.87",
        "201212": "4.07",
        "201301": "4.22",
        "201302": "4.03",
        "201303": "4.04",
        "201304": "4.80",
        "201305": "6.88",
        "201306": "7.47",
        "201307": "7.05",
        "201308": "7.10",
        "201309": "6.89",
        "201310": "6.44",
        "201311": "5.83",
        "201312": "5.46",
        "201401": "6.00",
        "201402": "6.45",
        "201403": "6.73",
        "201404": "6.06",
        "201405": "5.53",
        "201406": "5.93",
        "201407": "6.01",
        "201408": "5.85",
        "201409": "6.93",
        "201410": "7.35",
        "201411": "7.47",
        "201412": "9.20",
        "201501": "10.22",
        "201502": "9.77",
        "201503": "8.96",
        "201504": "7.14",
        "201505": "6.95",
        "201506": "6.09",
        "201507": "5.30",
        "201508": "5.06",
        "201509": "5.15",
        "201510": "5.16",
        "201511": "5.95",
        "201512": "5.31",
        "201601": "4.92",
        "201602": "4.93",
        "201603": "5.11",
        "201604": "3.65",
        "201605": "2.82",
        "201606": "2.73",
        "201607": "3.07",
        "201608": "3.38",
        "201609": "3.23",
        "201610": "4.05",
        "201611": "3.81",
        "201612": "3.58",
        "201701": "3.44",
        "201702": "3.84",
        "201703": "3.58",
        "201704": "3.81",
        "201705": "4.16",
        "201706": "4.23",
        "201707": "3.99",
        "201708": "3.84",
        "201709": "3.74",
        "201710": "3.70",
        "201711": "3.80",
        "201712": "3.93",
        "201801": "3.92",
        "201802": "3.93",
        "201803": "4.21",
        "201804": "3.98",
        "201805": "3.74",
        "201806": "3.55",
        "201807": "3.27",
        "201808": "2.62",
        "201809": "2.26",
        "201810": "1.98",
        "201811": "2.04",
        "201812": "2.04",
        "201901": "2.00",
        "201902": "2.86",
        "201903": "2.49",
        "201904": "2.09",
        "201905": "1.89",
        "201906": "2.17",
        "201907": "2.08",
        "201908": "2.10",
        "201909": "2.36",
        "201910": "2.43",
        "201911": "2.13",
        "201912": "1.93",
        "202001": "1.93",
        "202002": "2.11",
        "202003": "2.11",
        "202004": "1.52",
        "202005": "無",
        "202006": "無",
        "202007": "無",
        "202008": "無",
        "202009": "無",
        "202010": "無",
        "202011": "無",
        "202012": "無",
        "202101": "無",
        "202102": "無",
        "202103": "無",
        "202104": "無",
        "202105": "無",
        "202106": "無",
        "202107": "無",
        "202108": "無",
        "202109": "無",
        "202110": "無",
        "202111": "無",
        "202112": "無",
        "202201": "無",
        "202202": "無",
        "202203": "無",
        "202204": "無",
        "202205": "無",
        "202206": "無",
        "202207": "無",
        "202208": "無",
        "202209": "無",
        "202210": "無",
        "202211": "無",
        "202212": "無",
        "202301": "無",
        "202302": "無",
        "202303": "無",
        "202304": "無",
        "202305": "無",
        "202306": "無",
        "202307": "無",
        "202308": "無",
        "202309": "無",
        "202310": "無"
    },
    "quarters": {
        "20011": {
            "year_quarter": 20011,
            "year": 2001,
            "quarter": 1,
            "eps": null,
            "eps_growth_year": null,
            "eps_4q": null,
            "eps_4q_growth_year": null,
            "roe": null,
            "roe_4q": 0,
            "gross_profit": null,
            "gross_margin": null,
            "gross_margin_4q_avg": 0,
            "net_income": null,
            "net_income_4q": null,
            "revenue": null,
            "revenue_4q": null,
            "common_shares": null,
            "book_valuer_per_share": null,
            "book_valuer_per_share_4q_avg": 0,
            "equity": null,
            "current_ratio": null,
            "debt_ratio": null,
            "inventory_turnover_ratio": null,
            "account_receivable_turnover_ratio": null,
            "reinvestment_rate": null,
            "research_to_sale_ratio": null,
            "price_fair": 0,
            "eps_avg_yearly": 0,
            "eps_latest_yearly": 0,
            "eps_growth_yearly": 0
        },
        "20012": {
            "year_quarter": 20012,
            "year": 2001,
            "quarter": 2,
            "eps": null,
            "eps_growth_year": null,
            "eps_4q": null,
            "eps_4q_growth_year": null,
            "roe": null,
            "roe_4q": 0,
            "gross_profit": null,
            "gross_margin": null,
            "gross_margin_4q_avg": 0,
            "net_income": null,
            "net_income_4q": null,
            "revenue": null,
            "revenue_4q": null,
            "common_shares": null,
            "book_valuer_per_share": null,
            "book_valuer_per_share_4q_avg": 0,
            "equity": null,
            "current_ratio": null,
            "debt_ratio": null,
            "inventory_turnover_ratio": null,
            "account_receivable_turnover_ratio": null,
            "reinvestment_rate": null,
            "research_to_sale_ratio": null,
            "price_fair": 0,
            "eps_avg_yearly": 0,
            "eps_latest_yearly": 0,
            "eps_growth_yearly": 0
        },
        "20013": {
            "year_quarter": 20013,
            "year": 2001,
            "quarter": 3,
            "eps": null,
            "eps_growth_year": null,
            "eps_4q": null,
            "eps_4q_growth_year": null,
            "roe": null,
            "roe_4q": 0,
            "gross_profit": null,
            "gross_margin": null,
            "gross_margin_4q_avg": 0,
            "net_income": null,
            "net_income_4q": null,
            "revenue": null,
            "revenue_4q": null,
            "common_shares": null,
            "book_valuer_per_share": null,
            "book_valuer_per_share_4q_avg": 0,
            "equity": null,
            "current_ratio": null,
            "debt_ratio": null,
            "inventory_turnover_ratio": null,
            "account_receivable_turnover_ratio": null,
            "reinvestment_rate": null,
            "research_to_sale_ratio": null,
            "price_fair": 0,
            "eps_avg_yearly": 0,
            "eps_latest_yearly": 0,
            "eps_growth_yearly": 0
        },
        "20014": {
            "year_quarter": 20014,
            "year": 2001,
            "quarter": 4,
            "eps": null,
            "eps_growth_year": null,
            "eps_4q": null,
            "eps_4q_growth_year": null,
            "roe": null,
            "roe_4q": 0,
            "gross_profit": null,
            "gross_margin": null,
            "gross_margin_4q_avg": 0,
            "net_income": null,
            "net_income_4q": null,
            "revenue": null,
            "revenue_4q": null,
            "common_shares": 69300,
            "book_valuer_per_share": 13.79,
            "book_valuer_per_share_4q_avg": 3.45,
            "equity": 95558,
            "current_ratio": 127.88,
            "debt_ratio": 61.25,
            "inventory_turnover_ratio": null,
            "account_receivable_turnover_ratio": null,
            "reinvestment_rate": null,
            "research_to_sale_ratio": null,
            "price_fair": 0,
            "eps_avg_yearly": 0,
            "eps_latest_yearly": 0,
            "eps_growth_yearly": 0
        },
        "20021": {
            "year_quarter": 20021,
            "year": 2002,
            "quarter": 1,
            "eps": null,
            "eps_growth_year": null,
            "eps_4q": null,
            "eps_4q_growth_year": null,
            "roe": null,
            "roe_4q": 0,
            "gross_profit": null,
            "gross_margin": null,
            "gross_margin_4q_avg": 0,
            "net_income": null,
            "net_income_4q": null,
            "revenue": null,
            "revenue_4q": null,
            "common_shares": null,
            "book_valuer_per_share": null,
            "book_valuer_per_share_4q_avg": 3.45,
            "equity": null,
            "current_ratio": null,
            "debt_ratio": null,
            "inventory_turnover_ratio": null,
            "account_receivable_turnover_ratio": null,
            "reinvestment_rate": null,
            "research_to_sale_ratio": null,
            "price_fair": 0,
            "eps_avg_yearly": 0,
            "eps_latest_yearly": 0,
            "eps_growth_yearly": 0
        },
        "20022": {
            "year_quarter": 20022,
            "year": 2002,
            "quarter": 2,
            "eps": null,
            "eps_growth_year": null,
            "eps_4q": null,
            "eps_4q_growth_year": null,
            "roe": null,
            "roe_4q": 0,
            "gross_profit": null,
            "gross_margin": null,
            "gross_margin_4q_avg": 0,
            "net_income": null,
            "net_income_4q": null,
            "revenue": null,
            "revenue_4q": null,
            "common_shares": null,
            "book_valuer_per_share": null,
            "book_valuer_per_share_4q_avg": 3.45,
            "equity": null,
            "current_ratio": null,
            "debt_ratio": null,
            "inventory_turnover_ratio": null,
            "account_receivable_turnover_ratio": null,
            "reinvestment_rate": null,
            "research_to_sale_ratio": null,
            "price_fair": 0,
            "eps_avg_yearly": 0,
            "eps_latest_yearly": 0,
            "eps_growth_yearly": 0
        },
        "20023": {
            "year_quarter": 20023,
            "year": 2002,
            "quarter": 3,
            "eps": null,
            "eps_growth_year": null,
            "eps_4q": null,
            "eps_4q_growth_year": null,
            "roe": null,
            "roe_4q": 0,
            "gross_profit": null,
            "gross_margin": null,
            "gross_margin_4q_avg": 0,
            "net_income": null,
            "net_income_4q": null,
            "revenue": null,
            "revenue_4q": null,
            "common_shares": null,
            "book_valuer_per_share": null,
            "book_valuer_per_share_4q_avg": 3.45,
            "equity": null,
            "current_ratio": null,
            "debt_ratio": null,
            "inventory_turnover_ratio": null,
            "account_receivable_turnover_ratio": null,
            "reinvestment_rate": null,
            "research_to_sale_ratio": null,
            "price_fair": 0,
            "eps_avg_yearly": 0,
            "eps_latest_yearly": 0,
            "eps_growth_yearly": 0
        },
        "20024": {
            "year_quarter": 20024,
            "year": 2002,
            "quarter": 4,
            "eps": null,
            "eps_growth_year": null,
            "eps_4q": null,
            "eps_4q_growth_year": null,
            "roe": null,
            "roe_4q": 0,
            "gross_profit": null,
            "gross_margin": null,
            "gross_margin_4q_avg": 0,
            "net_income": null,
            "net_income_4q": null,
            "revenue": null,
            "revenue_4q": null,
            "common_shares": 175000,
            "book_valuer_per_share": 17.48,
            "book_valuer_per_share_4q_avg": 4.37,
            "equity": 307721,
            "current_ratio": 157.43,
            "debt_ratio": 52.16,
            "inventory_turnover_ratio": null,
            "account_receivable_turnover_ratio": null,
            "reinvestment_rate": null,
            "research_to_sale_ratio": null,
            "price_fair": 0,
            "eps_avg_yearly": 0,
            "eps_latest_yearly": 0,
            "eps_growth_yearly": 0
        },
        "20031": {
            "year_quarter": 20031,
            "year": 2003,
            "quarter": 1,
            "eps": null,
            "eps_growth_year": null,
            "eps_4q": null,
            "eps_4q_growth_year": null,
            "roe": null,
            "roe_4q": 0,
            "gross_profit": null,
            "gross_margin": null,
            "gross_margin_4q_avg": 0,
            "net_income": null,
            "net_income_4q": null,
            "revenue": null,
            "revenue_4q": null,
            "common_shares": null,
            "book_valuer_per_share": null,
            "book_valuer_per_share_4q_avg": 4.37,
            "equity": null,
            "current_ratio": null,
            "debt_ratio": null,
            "inventory_turnover_ratio": null,
            "account_receivable_turnover_ratio": null,
            "reinvestment_rate": null,
            "research_to_sale_ratio": null,
            "price_fair": 0,
            "eps_avg_yearly": 0,
            "eps_latest_yearly": 0,
            "eps_growth_yearly": 0
        },
        "20032": {
            "year_quarter": 20032,
            "year": 2003,
            "quarter": 2,
            "eps": null,
            "eps_growth_year": null,
            "eps_4q": null,
            "eps_4q_growth_year": null,
            "roe": null,
            "roe_4q": 0,
            "gross_profit": null,
            "gross_margin": null,
            "gross_margin_4q_avg": 0,
            "net_income": null,
            "net_income_4q": null,
            "revenue": null,
            "revenue_4q": null,
            "common_shares": null,
            "book_valuer_per_share": null,
            "book_valuer_per_share_4q_avg": 4.37,
            "equity": null,
            "current_ratio": null,
            "debt_ratio": null,
            "inventory_turnover_ratio": null,
            "account_receivable_turnover_ratio": null,
            "reinvestment_rate": null,
            "research_to_sale_ratio": null,
            "price_fair": 0,
            "eps_avg_yearly": 0,
            "eps_latest_yearly": 0,
            "eps_growth_yearly": 0
        },
        "20033": {
            "year_quarter": 20033,
            "year": 2003,
            "quarter": 3,
            "eps": 2.6,
            "eps_growth_year": null,
            "eps_4q": null,
            "eps_4q_growth_year": null,
            "roe": 15.14,
            "roe_4q": 15.14,
            "gross_profit": 89052,
            "gross_margin": 39.62,
            "gross_margin_4q_avg": 9.91,
            "net_income": 74236,
            "net_income_4q": null,
            "revenue": 224762,
            "revenue_4q": null,
            "common_shares": 326000,
            "book_valuer_per_share": 15.04,
            "book_valuer_per_share_4q_avg": 8.13,
            "equity": 490321,
            "current_ratio": 180.41,
            "debt_ratio": 41.76,
            "inventory_turnover_ratio": 0.86,
            "account_receivable_turnover_ratio": null,
            "reinvestment_rate": null,
            "research_to_sale_ratio": null,
            "price_fair": 0,
            "eps_avg_yearly": 0,
            "eps_latest_yearly": 0,
            "eps_growth_yearly": 0
        },
        "20034": {
            "year_quarter": 20034,
            "year": 2003,
            "quarter": 4,
            "eps": 2.98,
            "eps_growth_year": null,
            "eps_4q": null,
            "eps_4q_growth_year": null,
            "roe": 15.59,
            "roe_4q": 30.73,
            "gross_profit": 89714,
            "gross_margin": 38.13,
            "gross_margin_4q_avg": 19.44,
            "net_income": 88309,
            "net_income_4q": null,
            "revenue": 235275,
            "revenue_4q": null,
            "common_shares": 326000,
            "book_valuer_per_share": 17.64,
            "book_valuer_per_share_4q_avg": 8.17,
            "equity": 642879,
            "current_ratio": 219.17,
            "debt_ratio": 36.25,
            "inventory_turnover_ratio": 0.75,
            "account_receivable_turnover_ratio": null,
            "reinvestment_rate": null,
            "research_to_sale_ratio": null,
            "price_fair": 417.2,
            "eps_avg_yearly": 11.92,
            "eps_latest_yearly": 11.92,
            "eps_growth_yearly": 58.46
        },
        "20041": {
            "year_quarter": 20041,
            "year": 2004,
            "quarter": 1,
            "eps": null,
            "eps_growth_year": null,
            "eps_4q": null,
            "eps_4q_growth_year": null,
            "roe": null,
            "roe_4q": 30.73,
            "gross_profit": null,
            "gross_margin": null,
            "gross_margin_4q_avg": 19.44,
            "net_income": null,
            "net_income_4q": null,
            "revenue": null,
            "revenue_4q": null,
            "common_shares": null,
            "book_valuer_per_share": null,
            "book_valuer_per_share_4q_avg": 8.17,
            "equity": null,
            "current_ratio": null,
            "debt_ratio": null,
            "inventory_turnover_ratio": null,
            "account_receivable_turnover_ratio": null,
            "reinvestment_rate": null,
            "research_to_sale_ratio": null,
            "price_fair": 417.2,
            "eps_avg_yearly": 11.92,
            "eps_latest_yearly": 11.92,
            "eps_growth_yearly": 58.46
        },
        "20042": {
            "year_quarter": 20042,
            "year": 2004,
            "quarter": 2,
            "eps": null,
            "eps_growth_year": null,
            "eps_4q": null,
            "eps_4q_growth_year": null,
            "roe": null,
            "roe_4q": 30.73,
            "gross_profit": null,
            "gross_margin": null,
            "gross_margin_4q_avg": 19.44,
            "net_income": null,
            "net_income_4q": null,
            "revenue": null,
            "revenue_4q": null,
            "common_shares": null,
            "book_valuer_per_share": null,
            "book_valuer_per_share_4q_avg": 8.17,
            "equity": null,
            "current_ratio": null,
            "debt_ratio": null,
            "inventory_turnover_ratio": null,
            "account_receivable_turnover_ratio": null,
            "reinvestment_rate": null,
            "research_to_sale_ratio": null,
            "price_fair": 417.2,
            "eps_avg_yearly": 11.92,
            "eps_latest_yearly": 11.92,
            "eps_growth_yearly": 58.46
        },
        "20043": {
            "year_quarter": 20043,
            "year": 2004,
            "quarter": 3,
            "eps": 1.11,
            "eps_growth_year": -57.31,
            "eps_4q": null,
            "eps_4q_growth_year": null,
            "roe": 7.66,
            "roe_4q": 23.25,
            "gross_profit": 87623,
            "gross_margin": 33.22,
            "gross_margin_4q_avg": 17.84,
            "net_income": 59497,
            "net_income_4q": null,
            "revenue": 263736,
            "revenue_4q": null,
            "common_shares": 540000,
            "book_valuer_per_share": 14.38,
            "book_valuer_per_share_4q_avg": 8.01,
            "equity": 776488,
            "current_ratio": 167.07,
            "debt_ratio": 33.72,
            "inventory_turnover_ratio": 0.92,
            "account_receivable_turnover_ratio": null,
            "reinvestment_rate": null,
            "research_to_sale_ratio": null,
            "price_fair": 417.2,
            "eps_avg_yearly": 11.92,
            "eps_latest_yearly": 11.92,
            "eps_growth_yearly": 58.46
        },
        "20044": {
            "year_quarter": 20044,
            "year": 2004,
            "quarter": 4,
            "eps": 1.06,
            "eps_growth_year": -64.43,
            "eps_4q": null,
            "eps_4q_growth_year": null,
            "roe": 6.76,
            "roe_4q": 14.42,
            "gross_profit": 79611,
            "gross_margin": 33.65,
            "gross_margin_4q_avg": 16.72,
            "net_income": 56877,
            "net_income_4q": null,
            "revenue": 236555,
            "revenue_4q": null,
            "common_shares": 540000,
            "book_valuer_per_share": 14.79,
            "book_valuer_per_share_4q_avg": 7.29,
            "equity": 906191,
            "current_ratio": 152.59,
            "debt_ratio": 51.67,
            "inventory_turnover_ratio": 0.6,
            "account_receivable_turnover_ratio": null,
            "reinvestment_rate": null,
            "research_to_sale_ratio": null,
            "price_fair": 244.19,
            "eps_avg_yearly": 8.08,
            "eps_latest_yearly": 4.24,
            "eps_growth_yearly": 20.22
        },
        "20051": {
            "year_quarter": 20051,
            "year": 2005,
            "quarter": 1,
            "eps": 0.8,
            "eps_growth_year": null,
            "eps_4q": null,
            "eps_4q_growth_year": null,
            "roe": 4.97,
            "roe_4q": 19.39,
            "gross_profit": 60666,
            "gross_margin": 35.03,
            "gross_margin_4q_avg": 25.48,
            "net_income": 43318,
            "net_income_4q": null,
            "revenue": 173162,
            "revenue_4q": null,
            "common_shares": 540000,
            "book_valuer_per_share": 15.52,
            "book_valuer_per_share_4q_avg": 11.17,
            "equity": 838295,
            "current_ratio": 130.88,
            "debt_ratio": 37.73,
            "inventory_turnover_ratio": 0.42,
            "account_receivable_turnover_ratio": null,
            "reinvestment_rate": null,
            "research_to_sale_ratio": null,
            "price_fair": 19.36,
            "eps_avg_yearly": 6.45,
            "eps_latest_yearly": 3.2,
            "eps_growth_yearly": -19.22
        },
        "20052": {
            "year_quarter": 20052,
            "year": 2005,
            "quarter": 2,
            "eps": 1.34,
            "eps_growth_year": null,
            "eps_4q": 4.29,
            "eps_4q_growth_year": null,
            "roe": 8.62,
            "roe_4q": 28.01,
            "gross_profit": 52528,
            "gross_margin": 25,
            "gross_margin_4q_avg": 31.73,
            "net_income": 72447,
            "net_income_4q": null,
            "revenue": 210102,
            "revenue_4q": null,
            "common_shares": 540000,
            "book_valuer_per_share": 15.6,
            "book_valuer_per_share_4q_avg": 15.07,
            "equity": 842255,
            "current_ratio": 104.41,
            "debt_ratio": 42.12,
            "inventory_turnover_ratio": 0.77,
            "account_receivable_turnover_ratio": null,
            "reinvestment_rate": null,
            "research_to_sale_ratio": null,
            "price_fair": 216.3,
            "eps_avg_yearly": 6.18,
            "eps_latest_yearly": 5.36,
            "eps_growth_yearly": 53.08
        },
        "20053": {
            "year_quarter": 20053,
            "year": 2005,
            "quarter": 3,
            "eps": 1.7,
            "eps_growth_year": 53.15,
            "eps_4q": 4.53,
            "eps_4q_growth_year": null,
            "roe": 11.21,
            "roe_4q": 31.559999999999995,
            "gross_profit": 55957,
            "gross_margin": 20.71,
            "gross_margin_4q_avg": 28.6,
            "net_income": 103716,
            "net_income_4q": null,
            "revenue": 270252,
            "revenue_4q": null,
            "common_shares": 610000,
            "book_valuer_per_share": 16.54,
            "book_valuer_per_share_4q_avg": 15.61,
            "equity": 1008779,
            "current_ratio": 93.28,
            "debt_ratio": 42.22,
            "inventory_turnover_ratio": 1.1,
            "account_receivable_turnover_ratio": null,
            "reinvestment_rate": null,
            "research_to_sale_ratio": null,
            "price_fair": 220.64,
            "eps_avg_yearly": 6.3,
            "eps_latest_yearly": 6.8,
            "eps_growth_yearly": 63.96
        },
        "20054": {
            "year_quarter": 20054,
            "year": 2005,
            "quarter": 4,
            "eps": 0.42,
            "eps_growth_year": -60.38,
            "eps_4q": 4.05,
            "eps_4q_growth_year": null,
            "roe": 2.3,
            "roe_4q": 27.1,
            "gross_profit": 71976,
            "gross_margin": 29.19,
            "gross_margin_4q_avg": 27.48,
            "net_income": 25389,
            "net_income_4q": null,
            "revenue": 246537,
            "revenue_4q": null,
            "common_shares": 610000,
            "book_valuer_per_share": 16.79,
            "book_valuer_per_share_4q_avg": 16.11,
            "equity": 1195811,
            "current_ratio": 98.99,
            "debt_ratio": 60.5,
            "inventory_turnover_ratio": 0.51,
            "account_receivable_turnover_ratio": null,
            "reinvestment_rate": null,
            "research_to_sale_ratio": null,
            "price_fair": 72.5,
            "eps_avg_yearly": 5.53,
            "eps_latest_yearly": 1.68,
            "eps_growth_yearly": 3.1
        },
        "20061": {
            "year_quarter": 20061,
            "year": 2006,
            "quarter": 1,
            "eps": 0.29,
            "eps_growth_year": -63.75,
            "eps_4q": 3.44,
            "eps_4q_growth_year": null,
            "roe": 1.45,
            "roe_4q": 23.58,
            "gross_profit": 39069,
            "gross_margin": 21.32,
            "gross_margin_4q_avg": 24.06,
            "net_income": 18529,
            "net_income_4q": null,
            "revenue": 183211,
            "revenue_4q": null,
            "common_shares": 690000,
            "book_valuer_per_share": 19.64,
            "book_valuer_per_share_4q_avg": 17.14,
            "equity": 1355132,
            "current_ratio": 159.77,
            "debt_ratio": 22.65,
            "inventory_turnover_ratio": 0.42,
            "account_receivable_turnover_ratio": null,
            "reinvestment_rate": null,
            "research_to_sale_ratio": null,
            "price_fair": 14.73,
            "eps_avg_yearly": 4.91,
            "eps_latest_yearly": 1.16,
            "eps_growth_yearly": -15.03
        },
        "20062": {
            "year_quarter": 20062,
            "year": 2006,
            "quarter": 2,
            "eps": 0.25,
            "eps_growth_year": -81.34,
            "eps_4q": 2.44,
            "eps_4q_growth_year": -43.17,
            "roe": 1.28,
            "roe_4q": 16.240000000000002,
            "gross_profit": 25889,
            "gross_margin": 13.68,
            "gross_margin_4q_avg": 21.23,
            "net_income": 16851,
            "net_income_4q": null,
            "revenue": 189290,
            "revenue_4q": null,
            "common_shares": 690000,
            "book_valuer_per_share": 18.42,
            "book_valuer_per_share_4q_avg": 17.85,
            "equity": 1270998,
            "current_ratio": 119.09,
            "debt_ratio": 33.27,
            "inventory_turnover_ratio": 0.95,
            "account_receivable_turnover_ratio": null,
            "reinvestment_rate": null,
            "research_to_sale_ratio": null,
            "price_fair": 13.26,
            "eps_avg_yearly": 4.42,
            "eps_latest_yearly": 1,
            "eps_growth_yearly": -20.05
        },
        "20063": {
            "year_quarter": 20063,
            "year": 2006,
            "quarter": 3,
            "eps": 0.46,
            "eps_growth_year": -72.94,
            "eps_4q": 1.23,
            "eps_4q_growth_year": -72.75,
            "roe": 2.77,
            "roe_4q": 7.8,
            "gross_profit": 54541,
            "gross_margin": 19.47,
            "gross_margin_4q_avg": 20.92,
            "net_income": 36102,
            "net_income_4q": null,
            "revenue": 280157,
            "revenue_4q": null,
            "common_shares": 810000,
            "book_valuer_per_share": 16.54,
            "book_valuer_per_share_4q_avg": 17.85,
            "equity": 1340050,
            "current_ratio": 139.61,
            "debt_ratio": 39.61,
            "inventory_turnover_ratio": 1.38,
            "account_receivable_turnover_ratio": null,
            "reinvestment_rate": null,
            "research_to_sale_ratio": null,
            "price_fair": 122,
            "eps_avg_yearly": 4.13,
            "eps_latest_yearly": 1.84,
            "eps_growth_yearly": 19.51
        },
        "20064": {
            "year_quarter": 20064,
            "year": 2006,
            "quarter": 4,
            "eps": -0.37,
            "eps_growth_year": -188.1,
            "eps_4q": 0.99,
            "eps_4q_growth_year": -75.66,
            "roe": -2.12,
            "roe_4q": 3.38,
            "gross_profit": 45930,
            "gross_margin": 16.93,
            "gross_margin_4q_avg": 17.85,
            "net_income": -29115,
            "net_income_4q": null,
            "revenue": 271220,
            "revenue_4q": null,
            "common_shares": 810000,
            "book_valuer_per_share": 16.07,
            "book_valuer_per_share_4q_avg": 17.67,
            "equity": 1412248,
            "current_ratio": 108.15,
            "debt_ratio": 59.2,
            "inventory_turnover_ratio": 0.77,
            "account_receivable_turnover_ratio": null,
            "reinvestment_rate": null,
            "research_to_sale_ratio": null,
            "price_fair": 122,
            "eps_avg_yearly": 4.13,
            "eps_latest_yearly": 1.84,
            "eps_growth_yearly": 19.51
        },
        "20071": {
            "year_quarter": 20071,
            "year": 2007,
            "quarter": 1,
            "eps": 0.06,
            "eps_growth_year": -79.31,
            "eps_4q": 0.34,
            "eps_4q_growth_year": -90.18,
            "roe": 0.38,
            "roe_4q": 2.3099999999999996,
            "gross_profit": 29627,
            "gross_margin": 15.42,
            "gross_margin_4q_avg": 16.38,
            "net_income": 5143,
            "net_income_4q": null,
            "revenue": 192079,
            "revenue_4q": null,
            "common_shares": 810000,
            "book_valuer_per_share": 16.43,
            "book_valuer_per_share_4q_avg": 16.87,
            "equity": 1330628,
            "current_ratio": 117.81,
            "debt_ratio": 40.02,
            "inventory_turnover_ratio": 0.56,
            "account_receivable_turnover_ratio": null,
            "reinvestment_rate": null,
            "research_to_sale_ratio": null,
            "price_fair": 122,
            "eps_avg_yearly": 4.13,
            "eps_latest_yearly": 1.84,
            "eps_growth_yearly": 19.51
        },
        "20072": {
            "year_quarter": 20072,
            "year": 2007,
            "quarter": 2,
            "eps": 0.18,
            "eps_growth_year": -28,
            "eps_4q": 0.33,
            "eps_4q_growth_year": -86.65,
            "roe": 1.13,
            "roe_4q": 2.1599999999999997,
            "gross_profit": 65416,
            "gross_margin": 24.1,
            "gross_margin_4q_avg": 18.98,
            "net_income": 14979,
            "net_income_4q": null,
            "revenue": 271391,
            "revenue_4q": null,
            "common_shares": 810000,
            "book_valuer_per_share": 16.38,
            "book_valuer_per_share_4q_avg": 16.36,
            "equity": 1326873,
            "current_ratio": 111.7,
            "debt_ratio": 37.59,
            "inventory_turnover_ratio": 1.45,
            "account_receivable_turnover_ratio": null,
            "reinvestment_rate": null,
            "research_to_sale_ratio": null,
            "price_fair": 132.72,
            "eps_avg_yearly": 3.79,
            "eps_latest_yearly": 0.72,
            "eps_growth_yearly": 97.56
        },
        "20073": {
            "year_quarter": 20073,
            "year": 2007,
            "quarter": 3,
            "eps": 0.21,
            "eps_growth_year": -54.35,
            "eps_4q": 0.1,
            "eps_4q_growth_year": -91.87,
            "roe": 1.29,
            "roe_4q": 0.6799999999999997,
            "gross_profit": 70812,
            "gross_margin": 25.15,
            "gross_margin_4q_avg": 20.4,
            "net_income": 17226,
            "net_income_4q": null,
            "revenue": 281601,
            "revenue_4q": null,
            "common_shares": 830250,
            "book_valuer_per_share": 16.22,
            "book_valuer_per_share_4q_avg": 16.28,
            "equity": 1346735,
            "current_ratio": 140.23,
            "debt_ratio": 39.77,
            "inventory_turnover_ratio": 1.45,
            "account_receivable_turnover_ratio": null,
            "reinvestment_rate": null,
            "research_to_sale_ratio": null,
            "price_fair": 123.33,
            "eps_avg_yearly": 3.52,
            "eps_latest_yearly": 0.84,
            "eps_growth_yearly": 94.75
        },
        "20074": {
            "year_quarter": 20074,
            "year": 2007,
            "quarter": 4,
            "eps": -0.08,
            "eps_growth_year": null,
            "eps_4q": 0.19,
            "eps_4q_growth_year": -81.1,
            "roe": -0.44,
            "roe_4q": 2.36,
            "gross_profit": 33593,
            "gross_margin": 15.47,
            "gross_margin_4q_avg": 20.04,
            "net_income": -6510,
            "net_income_4q": null,
            "revenue": 217114,
            "revenue_4q": null,
            "common_shares": 1000250,
            "book_valuer_per_share": 16.1,
            "book_valuer_per_share_4q_avg": 16.28,
            "equity": 1622633,
            "current_ratio": 129.83,
            "debt_ratio": 52.78,
            "inventory_turnover_ratio": 0.58,
            "account_receivable_turnover_ratio": null,
            "reinvestment_rate": null,
            "research_to_sale_ratio": null,
            "price_fair": 93.94,
            "eps_avg_yearly": 2.68,
            "eps_latest_yearly": 0.84,
            "eps_growth_yearly": 98.38
        },
        "20081": {
            "year_quarter": 20081,
            "year": 2008,
            "quarter": 1,
            "eps": -0.66,
            "eps_growth_year": -1200,
            "eps_4q": -0.34,
            "eps_4q_growth_year": -201.63,
            "roe": -4.95,
            "roe_4q": -2.9700000000000006,
            "gross_profit": 58856,
            "gross_margin": 9.8,
            "gross_margin_4q_avg": 18.63,
            "net_income": -77418,
            "net_income_4q": null,
            "revenue": 600524,
            "revenue_4q": null,
            "common_shares": 1000250,
            "book_valuer_per_share": 15.02,
            "book_valuer_per_share_4q_avg": 15.93,
            "equity": 1504131,
            "current_ratio": 127.2,
            "debt_ratio": 51.36,
            "inventory_turnover_ratio": 1.13,
            "account_receivable_turnover_ratio": null,
            "reinvestment_rate": null,
            "research_to_sale_ratio": null,
            "price_fair": 93.94,
            "eps_avg_yearly": 2.68,
            "eps_latest_yearly": 0.84,
            "eps_growth_yearly": 98.38
        },
        "20082": {
            "year_quarter": 20082,
            "year": 2008,
            "quarter": 2,
            "eps": -0.95,
            "eps_growth_year": -627.78,
            "eps_4q": -1.51,
            "eps_4q_growth_year": -562.33,
            "roe": -12.82,
            "roe_4q": -16.92,
            "gross_profit": 38561,
            "gross_margin": 6.75,
            "gross_margin_4q_avg": 14.29,
            "net_income": -181970,
            "net_income_4q": null,
            "revenue": 571152,
            "revenue_4q": null,
            "common_shares": 1000250,
            "book_valuer_per_share": 14.18,
            "book_valuer_per_share_4q_avg": 15.38,
            "equity": 1334200,
            "current_ratio": 111.91,
            "debt_ratio": 51.57,
            "inventory_turnover_ratio": 1.22,
            "account_receivable_turnover_ratio": null,
            "reinvestment_rate": 550.55,
            "research_to_sale_ratio": null,
            "price_fair": 93.94,
            "eps_avg_yearly": 2.68,
            "eps_latest_yearly": 0.84,
            "eps_growth_yearly": 98.38
        },
        "20083": {
            "year_quarter": 20083,
            "year": 2008,
            "quarter": 3,
            "eps": 0.18,
            "eps_growth_year": -14.29,
            "eps_4q": -5.87,
            "eps_4q_growth_year": -5948.12,
            "roe": -0.34,
            "roe_4q": -18.55,
            "gross_profit": 71614,
            "gross_margin": 12.89,
            "gross_margin_4q_avg": 11.23,
            "net_income": -4586,
            "net_income_4q": null,
            "revenue": 555485,
            "revenue_4q": null,
            "common_shares": 1025256,
            "book_valuer_per_share": 14.69,
            "book_valuer_per_share_4q_avg": 15,
            "equity": 1392819,
            "current_ratio": 112.3,
            "debt_ratio": 49.88,
            "inventory_turnover_ratio": 1.35,
            "account_receivable_turnover_ratio": null,
            "reinvestment_rate": 857.94,
            "research_to_sale_ratio": null,
            "price_fair": 93.94,
            "eps_avg_yearly": 2.68,
            "eps_latest_yearly": 0.84,
            "eps_growth_yearly": 98.38
        },
        "20084": {
            "year_quarter": 20084,
            "year": 2008,
            "quarter": 4,
            "eps": -6.56,
            "eps_growth_year": null,
            "eps_4q": -7.84,
            "eps_4q_growth_year": -4309.81,
            "roe": -51.03,
            "roe_4q": -69.14,
            "gross_profit": -7678,
            "gross_margin": -2.1,
            "gross_margin_4q_avg": 6.84,
            "net_income": -564247,
            "net_income_4q": null,
            "revenue": 366366,
            "revenue_4q": null,
            "common_shares": 1025256,
            "book_valuer_per_share": 7.98,
            "book_valuer_per_share_4q_avg": 12.97,
            "equity": 818642,
            "current_ratio": 115.35,
            "debt_ratio": 55.3,
            "inventory_turnover_ratio": 1.24,
            "account_receivable_turnover_ratio": 1.24,
            "reinvestment_rate": null,
            "research_to_sale_ratio": null,
            "price_fair": 87.89,
            "eps_avg_yearly": 2.51,
            "eps_latest_yearly": 0.84,
            "eps_growth_yearly": 111.32
        },
        "20091": {
            "year_quarter": 20091,
            "year": 2009,
            "quarter": 1,
            "eps": -0.53,
            "eps_growth_year": null,
            "eps_4q": -7.85,
            "eps_4q_growth_year": null,
            "roe": -6.66,
            "roe_4q": -70.85,
            "gross_profit": 17490,
            "gross_margin": 6.92,
            "gross_margin_4q_avg": 6.12,
            "net_income": -54543,
            "net_income_4q": null,
            "revenue": 252912,
            "revenue_4q": null,
            "common_shares": 1025256,
            "book_valuer_per_share": 8,
            "book_valuer_per_share_4q_avg": 11.21,
            "equity": 820256,
            "current_ratio": 199.26,
            "debt_ratio": 43.42,
            "inventory_turnover_ratio": 1.01,
            "account_receivable_turnover_ratio": 0.54,
            "reinvestment_rate": null,
            "research_to_sale_ratio": null,
            "price_fair": 84.88,
            "eps_avg_yearly": 2.43,
            "eps_latest_yearly": 0.84,
            "eps_growth_yearly": 137.5
        },
        "20092": {
            "year_quarter": 20092,
            "year": 2009,
            "quarter": 2,
            "eps": -0.1,
            "eps_growth_year": null,
            "eps_4q": -7.02,
            "eps_4q_growth_year": null,
            "roe": -1.27,
            "roe_4q": -59.300000000000004,
            "gross_profit": 77663,
            "gross_margin": 25.94,
            "gross_margin_4q_avg": 10.91,
            "net_income": -10194,
            "net_income_4q": null,
            "revenue": 299374,
            "revenue_4q": null,
            "common_shares": 1025256,
            "book_valuer_per_share": 7.68,
            "book_valuer_per_share_4q_avg": 9.59,
            "equity": 787061,
            "current_ratio": 215.04,
            "debt_ratio": 40.56,
            "inventory_turnover_ratio": 1.14,
            "account_receivable_turnover_ratio": 0.79,
            "reinvestment_rate": null,
            "research_to_sale_ratio": null,
            "price_fair": 70.2,
            "eps_avg_yearly": 2.01,
            "eps_latest_yearly": 0.84,
            "eps_growth_yearly": 118.57
        },
        "20093": {
            "year_quarter": 20093,
            "year": 2009,
            "quarter": 3,
            "eps": 1.08,
            "eps_growth_year": 500,
            "eps_4q": -6.08,
            "eps_4q_growth_year": null,
            "roe": 13.32,
            "roe_4q": -45.64,
            "gross_profit": 168108,
            "gross_margin": 39.09,
            "gross_margin_4q_avg": 17.46,
            "net_income": 111203,
            "net_income_4q": null,
            "revenue": 430033,
            "revenue_4q": null,
            "common_shares": 1025256,
            "book_valuer_per_share": 8.61,
            "book_valuer_per_share_4q_avg": 8.07,
            "equity": 883154,
            "current_ratio": 245.49,
            "debt_ratio": 35.83,
            "inventory_turnover_ratio": 1.34,
            "account_receivable_turnover_ratio": 0.9,
            "reinvestment_rate": null,
            "research_to_sale_ratio": null,
            "price_fair": 42.23,
            "eps_avg_yearly": 1.21,
            "eps_latest_yearly": 0.84,
            "eps_growth_yearly": 120.42
        },
        "20094": {
            "year_quarter": 20094,
            "year": 2009,
            "quarter": 4,
            "eps": -1.42,
            "eps_growth_year": null,
            "eps_4q": -0.97,
            "eps_4q_growth_year": null,
            "roe": -18.07,
            "roe_4q": -12.68,
            "gross_profit": 105962,
            "gross_margin": 27.47,
            "gross_margin_4q_avg": 24.86,
            "net_income": -145686,
            "net_income_4q": null,
            "revenue": 385758,
            "revenue_4q": null,
            "common_shares": 1025256,
            "book_valuer_per_share": 7.12,
            "book_valuer_per_share_4q_avg": 7.85,
            "equity": 729729,
            "current_ratio": 185.26,
            "debt_ratio": 39.21,
            "inventory_turnover_ratio": 1.38,
            "account_receivable_turnover_ratio": 1.5,
            "reinvestment_rate": null,
            "research_to_sale_ratio": null,
            "price_fair": 38.92,
            "eps_avg_yearly": 1.11,
            "eps_latest_yearly": 0.84,
            "eps_growth_yearly": 204.74
        },
        "20101": {
            "year_quarter": 20101,
            "year": 2010,
            "quarter": 1,
            "eps": 0.05,
            "eps_growth_year": null,
            "eps_4q": -0.38,
            "eps_4q_growth_year": null,
            "roe": 0.77,
            "roe_4q": -5.25,
            "gross_profit": 75342,
            "gross_margin": 21.69,
            "gross_margin_4q_avg": 28.55,
            "net_income": 5599,
            "net_income_4q": null,
            "revenue": 347391,
            "revenue_4q": null,
            "common_shares": 1025256,
            "book_valuer_per_share": 7.15,
            "book_valuer_per_share_4q_avg": 7.64,
            "equity": 732570,
            "current_ratio": 197.89,
            "debt_ratio": 37.88,
            "inventory_turnover_ratio": 1.44,
            "account_receivable_turnover_ratio": 0.68,
            "reinvestment_rate": null,
            "research_to_sale_ratio": 3.9,
            "price_fair": 38.5,
            "eps_avg_yearly": 1.1,
            "eps_latest_yearly": 0.84,
            "eps_growth_yearly": 286.87
        },
        "20102": {
            "year_quarter": 20102,
            "year": 2010,
            "quarter": 2,
            "eps": 0.46,
            "eps_growth_year": null,
            "eps_4q": 0.18,
            "eps_4q_growth_year": null,
            "roe": 6.21,
            "roe_4q": 2.2300000000000004,
            "gross_profit": 147735,
            "gross_margin": 33.94,
            "gross_margin_4q_avg": 30.55,
            "net_income": 47216,
            "net_income_4q": null,
            "revenue": 435347,
            "revenue_4q": null,
            "common_shares": 1025256,
            "book_valuer_per_share": 7.69,
            "book_valuer_per_share_4q_avg": 7.64,
            "equity": 788629,
            "current_ratio": 187.51,
            "debt_ratio": 40.62,
            "inventory_turnover_ratio": 1.48,
            "account_receivable_turnover_ratio": 0.79,
            "reinvestment_rate": null,
            "research_to_sale_ratio": 5.74,
            "price_fair": 45.85,
            "eps_avg_yearly": 1.31,
            "eps_latest_yearly": 1.84,
            "eps_growth_yearly": 1120.67
        },
        "20103": {
            "year_quarter": 20103,
            "year": 2010,
            "quarter": 3,
            "eps": 0.23,
            "eps_growth_year": -78.83,
            "eps_4q": -0.68,
            "eps_4q_growth_year": null,
            "roe": 2.94,
            "roe_4q": -8.15,
            "gross_profit": 96568,
            "gross_margin": 24.52,
            "gross_margin_4q_avg": 26.91,
            "net_income": 23446,
            "net_income_4q": null,
            "revenue": 393781,
            "revenue_4q": null,
            "common_shares": 1025256,
            "book_valuer_per_share": 7.85,
            "book_valuer_per_share_4q_avg": 7.45,
            "equity": 804388,
            "current_ratio": 214.5,
            "debt_ratio": 38.21,
            "inventory_turnover_ratio": 1.42,
            "account_receivable_turnover_ratio": 0.65,
            "reinvestment_rate": null,
            "research_to_sale_ratio": 5.73,
            "price_fair": 37.8,
            "eps_avg_yearly": 1.08,
            "eps_latest_yearly": 0.92,
            "eps_growth_yearly": 986.67
        },
        "20104": {
            "year_quarter": 20104,
            "year": 2010,
            "quarter": 4,
            "eps": -0.47,
            "eps_growth_year": null,
            "eps_4q": 0.27,
            "eps_4q_growth_year": null,
            "roe": -6.31,
            "roe_4q": 3.6100000000000003,
            "gross_profit": 42757,
            "gross_margin": 12.51,
            "gross_margin_4q_avg": 23.17,
            "net_income": -48267,
            "net_income_4q": null,
            "revenue": 341679,
            "revenue_4q": null,
            "common_shares": 1025256,
            "book_valuer_per_share": 7.08,
            "book_valuer_per_share_4q_avg": 7.44,
            "equity": 725871,
            "current_ratio": 180.76,
            "debt_ratio": 41.15,
            "inventory_turnover_ratio": 1.58,
            "account_receivable_turnover_ratio": 0.62,
            "reinvestment_rate": null,
            "research_to_sale_ratio": 10.07,
            "price_fair": 37.8,
            "eps_avg_yearly": 1.08,
            "eps_latest_yearly": 0.92,
            "eps_growth_yearly": 986.67
        },
        "20111": {
            "year_quarter": 20111,
            "year": 2011,
            "quarter": 1,
            "eps": -0.39,
            "eps_growth_year": -880,
            "eps_4q": -0.17,
            "eps_4q_growth_year": null,
            "roe": -5.58,
            "roe_4q": -2.740000000000001,
            "gross_profit": 39182,
            "gross_margin": 12.28,
            "gross_margin_4q_avg": 20.81,
            "net_income": -39671,
            "net_income_4q": null,
            "revenue": 319091,
            "revenue_4q": null,
            "common_shares": 1025256,
            "book_valuer_per_share": 6.79,
            "book_valuer_per_share_4q_avg": 7.35,
            "equity": 696638,
            "current_ratio": 183.92,
            "debt_ratio": 38.92,
            "inventory_turnover_ratio": 1.6,
            "account_receivable_turnover_ratio": 0.65,
            "reinvestment_rate": null,
            "research_to_sale_ratio": 8.12,
            "price_fair": 37.8,
            "eps_avg_yearly": 1.08,
            "eps_latest_yearly": 0.92,
            "eps_growth_yearly": 986.67
        },
        "20112": {
            "year_quarter": 20112,
            "year": 2011,
            "quarter": 2,
            "eps": -0.31,
            "eps_growth_year": -167.35,
            "eps_4q": -0.94,
            "eps_4q_growth_year": -625.26,
            "roe": -4.69,
            "roe_4q": -13.639999999999999,
            "gross_profit": 62266,
            "gross_margin": 16.61,
            "gross_margin_4q_avg": 16.48,
            "net_income": -31799,
            "net_income_4q": null,
            "revenue": 374963,
            "revenue_4q": null,
            "common_shares": 1025256,
            "book_valuer_per_share": 6.44,
            "book_valuer_per_share_4q_avg": 7.04,
            "equity": 660296,
            "current_ratio": 164.85,
            "debt_ratio": 43.83,
            "inventory_turnover_ratio": 1.76,
            "account_receivable_turnover_ratio": 0.74,
            "reinvestment_rate": null,
            "research_to_sale_ratio": 6.7,
            "price_fair": 42,
            "eps_avg_yearly": 1.2,
            "eps_latest_yearly": 0.92,
            "eps_growth_yearly": 1048.89
        },
        "20113": {
            "year_quarter": 20113,
            "year": 2011,
            "quarter": 3,
            "eps": 0.1,
            "eps_growth_year": -54.79,
            "eps_4q": -1.06,
            "eps_4q_growth_year": null,
            "roe": 1.55,
            "roe_4q": -15.030000000000001,
            "gross_profit": 87560,
            "gross_margin": 21.14,
            "gross_margin_4q_avg": 15.64,
            "net_income": 10599,
            "net_income_4q": null,
            "revenue": 414239,
            "revenue_4q": null,
            "common_shares": 1025256,
            "book_valuer_per_share": 6.9,
            "book_valuer_per_share_4q_avg": 6.8,
            "equity": 706975,
            "current_ratio": 165.75,
            "debt_ratio": 43.46,
            "inventory_turnover_ratio": 1.82,
            "account_receivable_turnover_ratio": 0.74,
            "reinvestment_rate": null,
            "research_to_sale_ratio": 4.17,
            "price_fair": 48.3,
            "eps_avg_yearly": 1.38,
            "eps_latest_yearly": 0.92,
            "eps_growth_yearly": 1540
        },
        "20114": {
            "year_quarter": 20114,
            "year": 2011,
            "quarter": 4,
            "eps": -0.21,
            "eps_growth_year": null,
            "eps_4q": -0.81,
            "eps_4q_growth_year": -395.15,
            "roe": -3.12,
            "roe_4q": -11.84,
            "gross_profit": 46070,
            "gross_margin": 14.37,
            "gross_margin_4q_avg": 16.1,
            "net_income": -21754,
            "net_income_4q": null,
            "revenue": 320536,
            "revenue_4q": null,
            "common_shares": 1025256,
            "book_valuer_per_share": 6.69,
            "book_valuer_per_share_4q_avg": 6.71,
            "equity": 686401,
            "current_ratio": 164.7,
            "debt_ratio": 42.53,
            "inventory_turnover_ratio": 1.45,
            "account_receivable_turnover_ratio": 0.6,
            "reinvestment_rate": null,
            "research_to_sale_ratio": 3.49,
            "price_fair": 48.3,
            "eps_avg_yearly": 1.38,
            "eps_latest_yearly": 0.92,
            "eps_growth_yearly": 1540
        },
        "20121": {
            "year_quarter": 20121,
            "year": 2012,
            "quarter": 1,
            "eps": -0.38,
            "eps_growth_year": null,
            "eps_4q": -0.8,
            "eps_4q_growth_year": null,
            "roe": -5.91,
            "roe_4q": -12.170000000000002,
            "gross_profit": 21397,
            "gross_margin": 7.87,
            "gross_margin_4q_avg": 15,
            "net_income": -39058,
            "net_income_4q": null,
            "revenue": 271962,
            "revenue_4q": null,
            "common_shares": 1025256,
            "book_valuer_per_share": 6.2,
            "book_valuer_per_share_4q_avg": 6.56,
            "equity": 635690,
            "current_ratio": 169.06,
            "debt_ratio": 39.31,
            "inventory_turnover_ratio": 1.43,
            "account_receivable_turnover_ratio": 0.61,
            "reinvestment_rate": null,
            "research_to_sale_ratio": 5.37,
            "price_fair": 48.3,
            "eps_avg_yearly": 1.38,
            "eps_latest_yearly": 0.92,
            "eps_growth_yearly": 1540
        },
        "20122": {
            "year_quarter": 20122,
            "year": 2012,
            "quarter": 2,
            "eps": -0.22,
            "eps_growth_year": null,
            "eps_4q": -0.71,
            "eps_4q_growth_year": null,
            "roe": -3.61,
            "roe_4q": -11.09,
            "gross_profit": 40292,
            "gross_margin": 13.45,
            "gross_margin_4q_avg": 14.21,
            "net_income": -22590,
            "net_income_4q": null,
            "revenue": 299609,
            "revenue_4q": null,
            "common_shares": 1025256,
            "book_valuer_per_share": 6.01,
            "book_valuer_per_share_4q_avg": 6.45,
            "equity": 616478,
            "current_ratio": 160.91,
            "debt_ratio": 41.2,
            "inventory_turnover_ratio": 1.64,
            "account_receivable_turnover_ratio": 0.72,
            "reinvestment_rate": null,
            "research_to_sale_ratio": 4.24,
            "price_fair": 48.3,
            "eps_avg_yearly": 1.38,
            "eps_latest_yearly": 0.92,
            "eps_growth_yearly": 1540
        },
        "20123": {
            "year_quarter": 20123,
            "year": 2012,
            "quarter": 3,
            "eps": 0.04,
            "eps_growth_year": -61.77,
            "eps_4q": -0.77,
            "eps_4q_growth_year": null,
            "roe": 0.66,
            "roe_4q": -11.98,
            "gross_profit": 65926,
            "gross_margin": 19.8,
            "gross_margin_4q_avg": 13.87,
            "net_income": 4052,
            "net_income_4q": null,
            "revenue": 332921,
            "revenue_4q": null,
            "common_shares": 1025256,
            "book_valuer_per_share": 5.96,
            "book_valuer_per_share_4q_avg": 6.22,
            "equity": 610827,
            "current_ratio": 153.75,
            "debt_ratio": 43.59,
            "inventory_turnover_ratio": 1.66,
            "account_receivable_turnover_ratio": 0.77,
            "reinvestment_rate": null,
            "research_to_sale_ratio": 3.46,
            "price_fair": 48.3,
            "eps_avg_yearly": 1.38,
            "eps_latest_yearly": 0.92,
            "eps_growth_yearly": 1540
        },
        "20124": {
            "year_quarter": 20124,
            "year": 2012,
            "quarter": 4,
            "eps": -0.03,
            "eps_growth_year": null,
            "eps_4q": -0.6,
            "eps_4q_growth_year": null,
            "roe": -0.58,
            "roe_4q": -9.44,
            "gross_profit": 48506,
            "gross_margin": 15.32,
            "gross_margin_4q_avg": 14.11,
            "net_income": -3539,
            "net_income_4q": null,
            "revenue": 316644,
            "revenue_4q": null,
            "common_shares": 1025256,
            "book_valuer_per_share": 5.95,
            "book_valuer_per_share_4q_avg": 6.03,
            "equity": 610004,
            "current_ratio": 150.39,
            "debt_ratio": 44.31,
            "inventory_turnover_ratio": 1.64,
            "account_receivable_turnover_ratio": 0.7,
            "reinvestment_rate": null,
            "research_to_sale_ratio": 2.06,
            "price_fair": 48.3,
            "eps_avg_yearly": 1.38,
            "eps_latest_yearly": 0.92,
            "eps_growth_yearly": 1540
        },
        "20131": {
            "year_quarter": 20131,
            "year": 2013,
            "quarter": 1,
            "eps": 0.08,
            "eps_growth_year": null,
            "eps_4q": -0.13,
            "eps_4q_growth_year": null,
            "roe": 1.36,
            "roe_4q": -2.17,
            "gross_profit": 63277,
            "gross_margin": 22.67,
            "gross_margin_4q_avg": 17.81,
            "net_income": 8393,
            "net_income_4q": null,
            "revenue": 279096,
            "revenue_4q": null,
            "common_shares": 1025256,
            "book_valuer_per_share": 6.1,
            "book_valuer_per_share_4q_avg": 6.01,
            "equity": 625236,
            "current_ratio": 163.29,
            "debt_ratio": 42,
            "inventory_turnover_ratio": 1.38,
            "account_receivable_turnover_ratio": 0.62,
            "reinvestment_rate": null,
            "research_to_sale_ratio": 2.09,
            "price_fair": 48.3,
            "eps_avg_yearly": 1.38,
            "eps_latest_yearly": 0.92,
            "eps_growth_yearly": 1540
        },
        "20132": {
            "year_quarter": 20132,
            "year": 2013,
            "quarter": 2,
            "eps": 0.15,
            "eps_growth_year": null,
            "eps_4q": 0.24,
            "eps_4q_growth_year": null,
            "roe": 2.41,
            "roe_4q": 3.8500000000000005,
            "gross_profit": 73508,
            "gross_margin": 23.17,
            "gross_margin_4q_avg": 20.24,
            "net_income": 15369,
            "net_income_4q": null,
            "revenue": 317202,
            "revenue_4q": null,
            "common_shares": 1025256,
            "book_valuer_per_share": 6.34,
            "book_valuer_per_share_4q_avg": 6.09,
            "equity": 649995,
            "current_ratio": 114.88,
            "debt_ratio": 49.19,
            "inventory_turnover_ratio": 1.7,
            "account_receivable_turnover_ratio": 0.72,
            "reinvestment_rate": null,
            "research_to_sale_ratio": 1.68,
            "price_fair": 39.2,
            "eps_avg_yearly": 1.12,
            "eps_latest_yearly": 0.6,
            "eps_growth_yearly": 1143.33
        },
        "20133": {
            "year_quarter": 20133,
            "year": 2013,
            "quarter": 3,
            "eps": -0.13,
            "eps_growth_year": -428.93,
            "eps_4q": 0.07,
            "eps_4q_growth_year": null,
            "roe": -2.03,
            "roe_4q": 1.1600000000000006,
            "gross_profit": 48885,
            "gross_margin": 17.29,
            "gross_margin_4q_avg": 19.61,
            "net_income": -13035,
            "net_income_4q": null,
            "revenue": 282693,
            "revenue_4q": null,
            "common_shares": 1025256,
            "book_valuer_per_share": 6.17,
            "book_valuer_per_share_4q_avg": 6.14,
            "equity": 632391,
            "current_ratio": 116.22,
            "debt_ratio": 48.34,
            "inventory_turnover_ratio": 1.68,
            "account_receivable_turnover_ratio": 0.66,
            "reinvestment_rate": null,
            "research_to_sale_ratio": 1.9,
            "price_fair": 39.2,
            "eps_avg_yearly": 1.12,
            "eps_latest_yearly": 0.6,
            "eps_growth_yearly": 1143.33
        },
        "20134": {
            "year_quarter": 20134,
            "year": 2013,
            "quarter": 4,
            "eps": -0.35,
            "eps_growth_year": null,
            "eps_4q": -0.24,
            "eps_4q_growth_year": null,
            "roe": -5.78,
            "roe_4q": -4.04,
            "gross_profit": 33565,
            "gross_margin": 11.6,
            "gross_margin_4q_avg": 18.68,
            "net_income": -35732,
            "net_income_4q": null,
            "revenue": 289384,
            "revenue_4q": null,
            "common_shares": 1025256,
            "book_valuer_per_share": 5.9,
            "book_valuer_per_share_4q_avg": 6.13,
            "equity": 604873,
            "current_ratio": 110.38,
            "debt_ratio": 52.36,
            "inventory_turnover_ratio": 1.79,
            "account_receivable_turnover_ratio": 0.68,
            "reinvestment_rate": null,
            "research_to_sale_ratio": 3.35,
            "price_fair": 39.2,
            "eps_avg_yearly": 1.12,
            "eps_latest_yearly": 0.6,
            "eps_growth_yearly": 1143.33
        },
        "20141": {
            "year_quarter": 20141,
            "year": 2014,
            "quarter": 1,
            "eps": -0.67,
            "eps_growth_year": -937.5,
            "eps_4q": -1,
            "eps_4q_growth_year": null,
            "roe": -12.04,
            "roe_4q": -17.44,
            "gross_profit": 9644,
            "gross_margin": 3.62,
            "gross_margin_4q_avg": 13.92,
            "net_income": -69055,
            "net_income_4q": null,
            "revenue": 266753,
            "revenue_4q": null,
            "common_shares": 1025256,
            "book_valuer_per_share": 5.29,
            "book_valuer_per_share_4q_avg": 5.93,
            "equity": 542059,
            "current_ratio": 99.1,
            "debt_ratio": 58.08,
            "inventory_turnover_ratio": 1.7,
            "account_receivable_turnover_ratio": 0.61,
            "reinvestment_rate": null,
            "research_to_sale_ratio": 1.08,
            "price_fair": 39.2,
            "eps_avg_yearly": 1.12,
            "eps_latest_yearly": 0.6,
            "eps_growth_yearly": 1143.33
        },
        "20142": {
            "year_quarter": 20142,
            "year": 2014,
            "quarter": 2,
            "eps": -0.11,
            "eps_growth_year": -173.33,
            "eps_4q": -1.25,
            "eps_4q_growth_year": -629.99,
            "roe": -2.04,
            "roe_4q": -21.89,
            "gross_profit": 51231,
            "gross_margin": 15.57,
            "gross_margin_4q_avg": 12.02,
            "net_income": -10833,
            "net_income_4q": null,
            "revenue": 329043,
            "revenue_4q": null,
            "common_shares": 1025256,
            "book_valuer_per_share": 5.09,
            "book_valuer_per_share_4q_avg": 5.61,
            "equity": 521454,
            "current_ratio": 98.91,
            "debt_ratio": 59.22,
            "inventory_turnover_ratio": 1.88,
            "account_receivable_turnover_ratio": 0.74,
            "reinvestment_rate": null,
            "research_to_sale_ratio": 1.18,
            "price_fair": 26.6,
            "eps_avg_yearly": 0.76,
            "eps_latest_yearly": 0.6,
            "eps_growth_yearly": 75
        },
        "20143": {
            "year_quarter": 20143,
            "year": 2014,
            "quarter": 3,
            "eps": 0.06,
            "eps_growth_year": null,
            "eps_4q": -1.07,
            "eps_4q_growth_year": -1627.5,
            "roe": 1.1,
            "roe_4q": -18.759999999999998,
            "gross_profit": 62474,
            "gross_margin": 20.34,
            "gross_margin_4q_avg": 12.78,
            "net_income": 5824,
            "net_income_4q": null,
            "revenue": 307073,
            "revenue_4q": null,
            "common_shares": 1025256,
            "book_valuer_per_share": 5.23,
            "book_valuer_per_share_4q_avg": 5.38,
            "equity": 536547,
            "current_ratio": 100.08,
            "debt_ratio": 59.58,
            "inventory_turnover_ratio": 1.6,
            "account_receivable_turnover_ratio": 0.66,
            "reinvestment_rate": null,
            "research_to_sale_ratio": 1.03,
            "price_fair": 21,
            "eps_avg_yearly": 0.6,
            "eps_latest_yearly": 0.6,
            "eps_growth_yearly": 350
        },
        "20144": {
            "year_quarter": 20144,
            "year": 2014,
            "quarter": 4,
            "eps": -0.24,
            "eps_growth_year": null,
            "eps_4q": -0.96,
            "eps_4q_growth_year": null,
            "roe": -4.59,
            "roe_4q": -17.57,
            "gross_profit": 46503,
            "gross_margin": 16.72,
            "gross_margin_4q_avg": 14.06,
            "net_income": -24619,
            "net_income_4q": null,
            "revenue": 278060,
            "revenue_4q": null,
            "common_shares": 1025256,
            "book_valuer_per_share": 5.22,
            "book_valuer_per_share_4q_avg": 5.21,
            "equity": 535129,
            "current_ratio": 99.54,
            "debt_ratio": 57.85,
            "inventory_turnover_ratio": 1.47,
            "account_receivable_turnover_ratio": 0.6,
            "reinvestment_rate": null,
            "research_to_sale_ratio": 1.04,
            "price_fair": 21,
            "eps_avg_yearly": 0.6,
            "eps_latest_yearly": 0.6,
            "eps_growth_yearly": 350
        },
        "20151": {
            "year_quarter": 20151,
            "year": 2015,
            "quarter": 1,
            "eps": 0.04,
            "eps_growth_year": null,
            "eps_4q": -0.25,
            "eps_4q_growth_year": null,
            "roe": 0.77,
            "roe_4q": -4.76,
            "gross_profit": 40030,
            "gross_margin": 17.71,
            "gross_margin_4q_avg": 17.59,
            "net_income": 4098,
            "net_income_4q": null,
            "revenue": 226082,
            "revenue_4q": null,
            "common_shares": 1025256,
            "book_valuer_per_share": 5.18,
            "book_valuer_per_share_4q_avg": 5.18,
            "equity": 531104,
            "current_ratio": 98.89,
            "debt_ratio": 56.42,
            "inventory_turnover_ratio": 1.24,
            "account_receivable_turnover_ratio": 0.54,
            "reinvestment_rate": null,
            "research_to_sale_ratio": 0.84,
            "price_fair": 21,
            "eps_avg_yearly": 0.6,
            "eps_latest_yearly": 0.6,
            "eps_growth_yearly": 350
        },
        "20152": {
            "year_quarter": 20152,
            "year": 2015,
            "quarter": 2,
            "eps": -0.07,
            "eps_growth_year": null,
            "eps_4q": -0.21,
            "eps_4q_growth_year": null,
            "roe": -1.3,
            "roe_4q": -4.02,
            "gross_profit": 26201,
            "gross_margin": 12.65,
            "gross_margin_4q_avg": 16.86,
            "net_income": -6812,
            "net_income_4q": null,
            "revenue": 207156,
            "revenue_4q": null,
            "common_shares": 1025256,
            "book_valuer_per_share": 5.07,
            "book_valuer_per_share_4q_avg": 5.18,
            "equity": 519372,
            "current_ratio": 97.77,
            "debt_ratio": 54.02,
            "inventory_turnover_ratio": 1.28,
            "account_receivable_turnover_ratio": 0.58,
            "reinvestment_rate": null,
            "research_to_sale_ratio": 2.02,
            "price_fair": 21,
            "eps_avg_yearly": 0.6,
            "eps_latest_yearly": 0.6,
            "eps_growth_yearly": 350
        },
        "20153": {
            "year_quarter": 20153,
            "year": 2015,
            "quarter": 3,
            "eps": 0.02,
            "eps_growth_year": -66.67,
            "eps_4q": -0.25,
            "eps_4q_growth_year": null,
            "roe": 0.31,
            "roe_4q": -4.81,
            "gross_profit": 48445,
            "gross_margin": 20.43,
            "gross_margin_4q_avg": 16.88,
            "net_income": 1630,
            "net_income_4q": null,
            "revenue": 237181,
            "revenue_4q": null,
            "common_shares": 1025256,
            "book_valuer_per_share": 5.05,
            "book_valuer_per_share_4q_avg": 5.13,
            "equity": 517602,
            "current_ratio": 95.83,
            "debt_ratio": 55.85,
            "inventory_turnover_ratio": 1.39,
            "account_receivable_turnover_ratio": 0.68,
            "reinvestment_rate": null,
            "research_to_sale_ratio": 1.4,
            "price_fair": 21,
            "eps_avg_yearly": 0.6,
            "eps_latest_yearly": 0.6,
            "eps_growth_yearly": 350
        },
        "20154": {
            "year_quarter": 20154,
            "year": 2015,
            "quarter": 4,
            "eps": -0.32,
            "eps_growth_year": null,
            "eps_4q": -0.33,
            "eps_4q_growth_year": null,
            "roe": -6.66,
            "roe_4q": -6.880000000000001,
            "gross_profit": 9227,
            "gross_margin": 5.12,
            "gross_margin_4q_avg": 13.98,
            "net_income": -32968,
            "net_income_4q": null,
            "revenue": 180326,
            "revenue_4q": null,
            "common_shares": 1025256,
            "book_valuer_per_share": 4.61,
            "book_valuer_per_share_4q_avg": 4.98,
            "equity": 472294,
            "current_ratio": 91.01,
            "debt_ratio": 56.6,
            "inventory_turnover_ratio": 1.33,
            "account_receivable_turnover_ratio": 0.55,
            "reinvestment_rate": null,
            "research_to_sale_ratio": 1.03,
            "price_fair": 21,
            "eps_avg_yearly": 0.6,
            "eps_latest_yearly": 0.6,
            "eps_growth_yearly": 350
        },
        "20161": {
            "year_quarter": 20161,
            "year": 2016,
            "quarter": 1,
            "eps": 0.21,
            "eps_growth_year": 425,
            "eps_4q": -0.58,
            "eps_4q_growth_year": null,
            "roe": -4.61,
            "roe_4q": -12.26,
            "gross_profit": 19656,
            "gross_margin": 13.62,
            "gross_margin_4q_avg": 12.96,
            "net_income": -21129,
            "net_income_4q": null,
            "revenue": 144352,
            "revenue_4q": null,
            "common_shares": 1025256,
            "book_valuer_per_share": 4.33,
            "book_valuer_per_share_4q_avg": 4.77,
            "equity": 444448,
            "current_ratio": 87.33,
            "debt_ratio": 54.94,
            "inventory_turnover_ratio": 1.06,
            "account_receivable_turnover_ratio": 0.56,
            "reinvestment_rate": null,
            "research_to_sale_ratio": 1.76,
            "price_fair": 21,
            "eps_avg_yearly": 0.6,
            "eps_latest_yearly": 0.6,
            "eps_growth_yearly": 350
        },
        "20162": {
            "year_quarter": 20162,
            "year": 2016,
            "quarter": 2,
            "eps": -0.07,
            "eps_growth_year": null,
            "eps_4q": -0.58,
            "eps_4q_growth_year": null,
            "roe": -1.67,
            "roe_4q": -12.63,
            "gross_profit": 23254,
            "gross_margin": 14.96,
            "gross_margin_4q_avg": 13.53,
            "net_income": -7260,
            "net_income_4q": null,
            "revenue": 155477,
            "revenue_4q": null,
            "common_shares": 1025256,
            "book_valuer_per_share": 4.15,
            "book_valuer_per_share_4q_avg": 4.54,
            "equity": 425592,
            "current_ratio": 87.21,
            "debt_ratio": 54.62,
            "inventory_turnover_ratio": 1.24,
            "account_receivable_turnover_ratio": 0.67,
            "reinvestment_rate": null,
            "research_to_sale_ratio": 1.78,
            "price_fair": 21,
            "eps_avg_yearly": 0.6,
            "eps_latest_yearly": 0.6,
            "eps_growth_yearly": 350
        },
        "20163": {
            "year_quarter": 20163,
            "year": 2016,
            "quarter": 3,
            "eps": -0.05,
            "eps_growth_year": -350,
            "eps_4q": -1.04,
            "eps_4q_growth_year": null,
            "roe": -0.7,
            "roe_4q": -13.64,
            "gross_profit": 33207,
            "gross_margin": 22.92,
            "gross_margin_4q_avg": 14.16,
            "net_income": -2922,
            "net_income_4q": null,
            "revenue": 144910,
            "revenue_4q": null,
            "common_shares": 615154,
            "book_valuer_per_share": 6.6,
            "book_valuer_per_share_4q_avg": 4.92,
            "equity": 406076,
            "current_ratio": 81.93,
            "debt_ratio": 56.66,
            "inventory_turnover_ratio": 1.13,
            "account_receivable_turnover_ratio": 0.63,
            "reinvestment_rate": null,
            "research_to_sale_ratio": 2.12,
            "price_fair": 21,
            "eps_avg_yearly": 0.6,
            "eps_latest_yearly": 0.6,
            "eps_growth_yearly": 350
        },
        "20164": {
            "year_quarter": 20164,
            "year": 2016,
            "quarter": 4,
            "eps": -0.26,
            "eps_growth_year": null,
            "eps_4q": -0.76,
            "eps_4q_growth_year": null,
            "roe": -3.98,
            "roe_4q": -10.96,
            "gross_profit": 23273,
            "gross_margin": 19.31,
            "gross_margin_4q_avg": 17.7,
            "net_income": -15706,
            "net_income_4q": null,
            "revenue": 120547,
            "revenue_4q": null,
            "common_shares": 615154,
            "book_valuer_per_share": 6.23,
            "book_valuer_per_share_4q_avg": 5.33,
            "equity": 383240,
            "current_ratio": 78.3,
            "debt_ratio": 56.79,
            "inventory_turnover_ratio": 1,
            "account_receivable_turnover_ratio": 0.56,
            "reinvestment_rate": null,
            "research_to_sale_ratio": 2.49,
            "price_fair": 21,
            "eps_avg_yearly": 0.6,
            "eps_latest_yearly": 0.6,
            "eps_growth_yearly": 350
        },
        "20171": {
            "year_quarter": 20171,
            "year": 2017,
            "quarter": 1,
            "eps": -0.28,
            "eps_growth_year": -233.33,
            "eps_4q": -0.7,
            "eps_4q_growth_year": null,
            "roe": -4.75,
            "roe_4q": -11.1,
            "gross_profit": 13752,
            "gross_margin": 14.27,
            "gross_margin_4q_avg": 17.87,
            "net_income": -17236,
            "net_income_4q": null,
            "revenue": 96362,
            "revenue_4q": null,
            "common_shares": 615154,
            "book_valuer_per_share": 5.56,
            "book_valuer_per_share_4q_avg": 5.64,
            "equity": 342170,
            "current_ratio": 114,
            "debt_ratio": 56.72,
            "inventory_turnover_ratio": 0.86,
            "account_receivable_turnover_ratio": 0.54,
            "reinvestment_rate": null,
            "research_to_sale_ratio": 2.79,
            "price_fair": 21,
            "eps_avg_yearly": 0.6,
            "eps_latest_yearly": 0.6,
            "eps_growth_yearly": 350
        },
        "20172": {
            "year_quarter": 20172,
            "year": 2017,
            "quarter": 2,
            "eps": -0.61,
            "eps_growth_year": null,
            "eps_4q": -1.19,
            "eps_4q_growth_year": null,
            "roe": -11.44,
            "roe_4q": -20.869999999999997,
            "gross_profit": 16439,
            "gross_margin": 16.09,
            "gross_margin_4q_avg": 18.15,
            "net_income": -37534,
            "net_income_4q": null,
            "revenue": 102153,
            "revenue_4q": null,
            "common_shares": 615154,
            "book_valuer_per_share": 5.1,
            "book_valuer_per_share_4q_avg": 5.87,
            "equity": 313897,
            "current_ratio": 106.51,
            "debt_ratio": 59.48,
            "inventory_turnover_ratio": 0.85,
            "account_receivable_turnover_ratio": 0.69,
            "reinvestment_rate": null,
            "research_to_sale_ratio": 3.74,
            "price_fair": 0,
            "eps_avg_yearly": 0,
            "eps_latest_yearly": 0,
            "eps_growth_yearly": 0
        },
        "20173": {
            "year_quarter": 20173,
            "year": 2017,
            "quarter": 3,
            "eps": -0.58,
            "eps_growth_year": null,
            "eps_4q": -1.72,
            "eps_4q_growth_year": null,
            "roe": -11.81,
            "roe_4q": -31.98,
            "gross_profit": 16463,
            "gross_margin": 14.1,
            "gross_margin_4q_avg": 15.94,
            "net_income": -35393,
            "net_income_4q": null,
            "revenue": 116719,
            "revenue_4q": null,
            "common_shares": 615154,
            "book_valuer_per_share": 4.64,
            "book_valuer_per_share_4q_avg": 5.38,
            "equity": 285300,
            "current_ratio": 103.01,
            "debt_ratio": 63.54,
            "inventory_turnover_ratio": 1,
            "account_receivable_turnover_ratio": 0.77,
            "reinvestment_rate": null,
            "research_to_sale_ratio": 3.25,
            "price_fair": 0,
            "eps_avg_yearly": 0,
            "eps_latest_yearly": 0,
            "eps_growth_yearly": 0
        },
        "20174": {
            "year_quarter": 20174,
            "year": 2017,
            "quarter": 4,
            "eps": -0.43,
            "eps_growth_year": null,
            "eps_4q": -1.64,
            "eps_4q_growth_year": null,
            "roe": -10.71,
            "roe_4q": -38.71,
            "gross_profit": 4253,
            "gross_margin": 4.12,
            "gross_margin_4q_avg": 12.15,
            "net_income": -31364,
            "net_income_4q": null,
            "revenue": 103321,
            "revenue_4q": null,
            "common_shares": 745154,
            "book_valuer_per_share": 4.01,
            "book_valuer_per_share_4q_avg": 4.83,
            "equity": 300570,
            "current_ratio": 111.94,
            "debt_ratio": 49.69,
            "inventory_turnover_ratio": 1.03,
            "account_receivable_turnover_ratio": 0.66,
            "reinvestment_rate": null,
            "research_to_sale_ratio": 3.99,
            "price_fair": 0,
            "eps_avg_yearly": 0,
            "eps_latest_yearly": 0,
            "eps_growth_yearly": 0
        },
        "20181": {
            "year_quarter": 20181,
            "year": 2018,
            "quarter": 1,
            "eps": -0.91,
            "eps_growth_year": null,
            "eps_4q": -2.31,
            "eps_4q_growth_year": null,
            "roe": -25.15,
            "roe_4q": -59.11,
            "gross_profit": 10606,
            "gross_margin": 10.33,
            "gross_margin_4q_avg": 11.16,
            "net_income": -68355,
            "net_income_4q": null,
            "revenue": 102652,
            "revenue_4q": null,
            "common_shares": 745154,
            "book_valuer_per_share": 3.2,
            "book_valuer_per_share_4q_avg": 4.24,
            "equity": 243115,
            "current_ratio": 98.62,
            "debt_ratio": 58.56,
            "inventory_turnover_ratio": 1.01,
            "account_receivable_turnover_ratio": 0.64,
            "reinvestment_rate": null,
            "research_to_sale_ratio": 3.93,
            "price_fair": 0,
            "eps_avg_yearly": 0,
            "eps_latest_yearly": 0,
            "eps_growth_yearly": 0
        },
        "20182": {
            "year_quarter": 20182,
            "year": 2018,
            "quarter": 2,
            "eps": -0.91,
            "eps_growth_year": null,
            "eps_4q": -2.71,
            "eps_4q_growth_year": null,
            "roe": -36.71,
            "roe_4q": -84.38,
            "gross_profit": 12573,
            "gross_margin": 12.18,
            "gross_margin_4q_avg": 10.18,
            "net_income": -75549,
            "net_income_4q": null,
            "revenue": 103233,
            "revenue_4q": null,
            "common_shares": 745154,
            "book_valuer_per_share": 2.29,
            "book_valuer_per_share_4q_avg": 3.54,
            "equity": 168533,
            "current_ratio": 83.56,
            "debt_ratio": 68.58,
            "inventory_turnover_ratio": 1.01,
            "account_receivable_turnover_ratio": 0.64,
            "reinvestment_rate": null,
            "research_to_sale_ratio": 2.77,
            "price_fair": 0,
            "eps_avg_yearly": 0,
            "eps_latest_yearly": 0,
            "eps_growth_yearly": 0
        },
        "20183": {
            "year_quarter": 20183,
            "year": 2018,
            "quarter": 3,
            "eps": 0.5,
            "eps_growth_year": null,
            "eps_4q": -1.74,
            "eps_4q_growth_year": null,
            "roe": 20.11,
            "roe_4q": -52.46,
            "gross_profit": 22109,
            "gross_margin": 23.65,
            "gross_margin_4q_avg": 12.57,
            "net_income": 36219,
            "net_income_4q": null,
            "revenue": 93481,
            "revenue_4q": null,
            "common_shares": 745154,
            "book_valuer_per_share": 2.61,
            "book_valuer_per_share_4q_avg": 3.03,
            "equity": 191727,
            "current_ratio": 120.66,
            "debt_ratio": 57.3,
            "inventory_turnover_ratio": 0.87,
            "account_receivable_turnover_ratio": 0.62,
            "reinvestment_rate": null,
            "research_to_sale_ratio": 0.3,
            "price_fair": 0,
            "eps_avg_yearly": 0,
            "eps_latest_yearly": 0,
            "eps_growth_yearly": 0
        },
        "20184": {
            "year_quarter": 20184,
            "year": 2018,
            "quarter": 4,
            "eps": -0.13,
            "eps_growth_year": null,
            "eps_4q": -1.44,
            "eps_4q_growth_year": null,
            "roe": -6.18,
            "roe_4q": -47.93,
            "gross_profit": 19873,
            "gross_margin": 20.82,
            "gross_margin_4q_avg": 16.75,
            "net_income": -11592,
            "net_income_4q": null,
            "revenue": 95461,
            "revenue_4q": null,
            "common_shares": 745154,
            "book_valuer_per_share": 2.51,
            "book_valuer_per_share_4q_avg": 2.65,
            "equity": 183431,
            "current_ratio": 121.1,
            "debt_ratio": 55.5,
            "inventory_turnover_ratio": 1.08,
            "account_receivable_turnover_ratio": 0.66,
            "reinvestment_rate": null,
            "research_to_sale_ratio": -0.16,
            "price_fair": 0,
            "eps_avg_yearly": 0,
            "eps_latest_yearly": 0,
            "eps_growth_yearly": 0
        },
        "20191": {
            "year_quarter": 20191,
            "year": 2019,
            "quarter": 1,
            "eps": -0.33,
            "eps_growth_year": null,
            "eps_4q": -0.87,
            "eps_4q_growth_year": null,
            "roe": -14.23,
            "roe_4q": -37.010000000000005,
            "gross_profit": 24325,
            "gross_margin": 27.82,
            "gross_margin_4q_avg": 21.12,
            "net_income": -24873,
            "net_income_4q": null,
            "revenue": 87432,
            "revenue_4q": null,
            "common_shares": 745154,
            "book_valuer_per_share": 2.28,
            "book_valuer_per_share_4q_avg": 2.42,
            "equity": 166068,
            "current_ratio": 116.27,
            "debt_ratio": 59.93,
            "inventory_turnover_ratio": 0.94,
            "account_receivable_turnover_ratio": 0.61,
            "reinvestment_rate": null,
            "research_to_sale_ratio": 0.08,
            "price_fair": 0,
            "eps_avg_yearly": 0,
            "eps_latest_yearly": 0,
            "eps_growth_yearly": 0
        },
        "20192": {
            "year_quarter": 20192,
            "year": 2019,
            "quarter": 2,
            "eps": 0.02,
            "eps_growth_year": null,
            "eps_4q": 0.06,
            "eps_4q_growth_year": null,
            "roe": 0.46,
            "roe_4q": 0.16000000000000014,
            "gross_profit": 23128,
            "gross_margin": 23.81,
            "gross_margin_4q_avg": 24.03,
            "net_income": 752,
            "net_income_4q": null,
            "revenue": 97124,
            "revenue_4q": null,
            "common_shares": 745154,
            "book_valuer_per_share": 2.23,
            "book_valuer_per_share_4q_avg": 2.41,
            "equity": 161919,
            "current_ratio": 117.32,
            "debt_ratio": 59.89,
            "inventory_turnover_ratio": 1.12,
            "account_receivable_turnover_ratio": 0.67,
            "reinvestment_rate": null,
            "research_to_sale_ratio": 0,
            "price_fair": 0,
            "eps_avg_yearly": 0,
            "eps_latest_yearly": 0,
            "eps_growth_yearly": 0
        },
        "20193": {
            "year_quarter": 20193,
            "year": 2019,
            "quarter": 3,
            "eps": 0.18,
            "eps_growth_year": -64,
            "eps_4q": -0.27,
            "eps_4q_growth_year": null,
            "roe": 8,
            "roe_4q": -11.95,
            "gross_profit": 26595,
            "gross_margin": 25.84,
            "gross_margin_4q_avg": 24.57,
            "net_income": 13118,
            "net_income_4q": null,
            "revenue": 102930,
            "revenue_4q": null,
            "common_shares": 745154,
            "book_valuer_per_share": 2.29,
            "book_valuer_per_share_4q_avg": 2.33,
            "equity": 165946,
            "current_ratio": 118.46,
            "debt_ratio": 60.49,
            "inventory_turnover_ratio": 1.16,
            "account_receivable_turnover_ratio": 0.67,
            "reinvestment_rate": null,
            "research_to_sale_ratio": 0.4,
            "price_fair": 25.2,
            "eps_avg_yearly": 0.72,
            "eps_latest_yearly": 0.72,
            "eps_growth_yearly": 3200
        }
    },
    "months": {
        "2004-01": {
            "month": "2004-01",
            "price": "71.62",
            "revenue": 43085
        },
        "2004-02": {
            "month": "2004-02",
            "price": "62.75",
            "revenue": 60328
        },
        "2004-03": {
            "month": "2004-03",
            "price": "69.86",
            "revenue": 70692
        },
        "2004-04": {
            "month": "2004-04",
            "price": "67.56",
            "revenue": 60489
        },
        "2004-05": {
            "month": "2004-05",
            "price": "60.78",
            "revenue": 66927
        },
        "2004-06": {
            "month": "2004-06",
            "price": "60.50",
            "revenue": 72738
        },
        "2004-07": {
            "month": "2004-07",
            "price": "59.26",
            "revenue": 66612
        },
        "2004-08": {
            "month": "2004-08",
            "price": "36.21",
            "revenue": 84373
        },
        "2004-09": {
            "month": "2004-09",
            "price": "29.02",
            "revenue": 116383
        },
        "2004-10": {
            "month": "2004-10",
            "price": "29.12",
            "revenue": 93592
        },
        "2004-11": {
            "month": "2004-11",
            "price": "25.17",
            "revenue": 81805
        },
        "2004-12": {
            "month": "2004-12",
            "price": "20.69",
            "revenue": 62494
        },
        "2005-01": {
            "month": "2005-01",
            "price": "20.71",
            "revenue": 55117
        },
        "2005-02": {
            "month": "2005-02",
            "price": "23.38",
            "revenue": 42113
        },
        "2005-03": {
            "month": "2005-03",
            "price": "30.65",
            "revenue": 76033
        },
        "2005-04": {
            "month": "2005-04",
            "price": "34.48",
            "revenue": 69087
        },
        "2005-05": {
            "month": "2005-05",
            "price": "33.24",
            "revenue": 69892
        },
        "2005-06": {
            "month": "2005-06",
            "price": "33.74",
            "revenue": 73316
        },
        "2005-07": {
            "month": "2005-07",
            "price": "44.84",
            "revenue": 94638
        },
        "2005-08": {
            "month": "2005-08",
            "price": "52.06",
            "revenue": 193425
        },
        "2005-09": {
            "month": "2005-09",
            "price": "55.95",
            "revenue": 209868
        },
        "2005-10": {
            "month": "2005-10",
            "price": "41.16",
            "revenue": 194049
        },
        "2005-11": {
            "month": "2005-11",
            "price": "46.64",
            "revenue": 178607
        },
        "2005-12": {
            "month": "2005-12",
            "price": "46.67",
            "revenue": 216710
        },
        "2006-01": {
            "month": "2006-01",
            "price": "46.53",
            "revenue": 141963
        },
        "2006-02": {
            "month": "2006-02",
            "price": "42.36",
            "revenue": 146831
        },
        "2006-03": {
            "month": "2006-03",
            "price": "48.23",
            "revenue": 182808
        },
        "2006-04": {
            "month": "2006-04",
            "price": "48.86",
            "revenue": 189944
        },
        "2006-05": {
            "month": "2006-05",
            "price": "40.06",
            "revenue": 155262
        },
        "2006-06": {
            "month": "2006-06",
            "price": "28.85",
            "revenue": 169676
        },
        "2006-07": {
            "month": "2006-07",
            "price": "25.70",
            "revenue": 200188
        },
        "2006-08": {
            "month": "2006-08",
            "price": "26.92",
            "revenue": 232587
        },
        "2006-09": {
            "month": "2006-09",
            "price": "22.59",
            "revenue": 258402
        },
        "2006-10": {
            "month": "2006-10",
            "price": "23.16",
            "revenue": 263855
        },
        "2006-11": {
            "month": "2006-11",
            "price": "28.04",
            "revenue": 233318
        },
        "2006-12": {
            "month": "2006-12",
            "price": "31.47",
            "revenue": 155850
        },
        "2007-01": {
            "month": "2007-01",
            "price": "36.49",
            "revenue": 194758
        },
        "2007-02": {
            "month": "2007-02",
            "price": "36.98",
            "revenue": 129346
        },
        "2007-03": {
            "month": "2007-03",
            "price": "33.38",
            "revenue": 190568
        },
        "2007-04": {
            "month": "2007-04",
            "price": "34.33",
            "revenue": 214736
        },
        "2007-05": {
            "month": "2007-05",
            "price": "30.85",
            "revenue": 191058
        },
        "2007-06": {
            "month": "2007-06",
            "price": "32.97",
            "revenue": 209651
        },
        "2007-07": {
            "month": "2007-07",
            "price": "32.19",
            "revenue": 210778
        },
        "2007-08": {
            "month": "2007-08",
            "price": "23.88",
            "revenue": 235809
        },
        "2007-09": {
            "month": "2007-09",
            "price": "22.83",
            "revenue": 268345
        },
        "2007-10": {
            "month": "2007-10",
            "price": "22.25",
            "revenue": 257418
        },
        "2007-11": {
            "month": "2007-11",
            "price": "16.98",
            "revenue": 211433
        },
        "2007-12": {
            "month": "2007-12",
            "price": "14.85",
            "revenue": 184935
        },
        "2008-01": {
            "month": "2008-01",
            "price": "12.18",
            "revenue": 212373
        },
        "2008-02": {
            "month": "2008-02",
            "price": "11.53",
            "revenue": 140996
        },
        "2008-03": {
            "month": "2008-03",
            "price": "13.28",
            "revenue": 225734
        },
        "2008-04": {
            "month": "2008-04",
            "price": "14.93",
            "revenue": 200034
        },
        "2008-05": {
            "month": "2008-05",
            "price": "12.90",
            "revenue": 186609
        },
        "2008-06": {
            "month": "2008-06",
            "price": "9.59",
            "revenue": 156937
        },
        "2008-07": {
            "month": "2008-07",
            "price": "5.52",
            "revenue": 176177
        },
        "2008-08": {
            "month": "2008-08",
            "price": "6.14",
            "revenue": 184896
        },
        "2008-09": {
            "month": "2008-09",
            "price": "5.17",
            "revenue": 194221
        },
        "2008-10": {
            "month": "2008-10",
            "price": "3.96",
            "revenue": 153547
        },
        "2008-11": {
            "month": "2008-11",
            "price": "3.56",
            "revenue": 80887
        },
        "2008-12": {
            "month": "2008-12",
            "price": "3.37",
            "revenue": 73961
        },
        "2009-01": {
            "month": "2009-01",
            "price": "3.04",
            "revenue": 67837
        },
        "2009-02": {
            "month": "2009-02",
            "price": "3.08",
            "revenue": 82534
        },
        "2009-03": {
            "month": "2009-03",
            "price": "4.32",
            "revenue": 86026
        },
        "2009-04": {
            "month": "2009-04",
            "price": "4.97",
            "revenue": 102528
        },
        "2009-05": {
            "month": "2009-05",
            "price": "4.62",
            "revenue": 84290
        },
        "2009-06": {
            "month": "2009-06",
            "price": "3.99",
            "revenue": 106682
        },
        "2009-07": {
            "month": "2009-07",
            "price": "4.14",
            "revenue": 115714
        },
        "2009-08": {
            "month": "2009-08",
            "price": "4.99",
            "revenue": 129289
        },
        "2009-09": {
            "month": "2009-09",
            "price": "8.21",
            "revenue": 165847
        },
        "2009-10": {
            "month": "2009-10",
            "price": "12.53",
            "revenue": 139083
        },
        "2009-11": {
            "month": "2009-11",
            "price": "14.35",
            "revenue": 121114
        },
        "2009-12": {
            "month": "2009-12",
            "price": "21.27",
            "revenue": 104644
        },
        "2010-01": {
            "month": "2010-01",
            "price": "20.10",
            "revenue": 125459
        },
        "2010-02": {
            "month": "2010-02",
            "price": "16.01",
            "revenue": 93599
        },
        "2010-03": {
            "month": "2010-03",
            "price": "17.38",
            "revenue": 123411
        },
        "2010-04": {
            "month": "2010-04",
            "price": "20.36",
            "revenue": 130049
        },
        "2010-05": {
            "month": "2010-05",
            "price": "16.60",
            "revenue": 136834
        },
        "2010-06": {
            "month": "2010-06",
            "price": "15.95",
            "revenue": 125979
        },
        "2010-07": {
            "month": "2010-07",
            "price": "16.65",
            "revenue": 134828
        },
        "2010-08": {
            "month": "2010-08",
            "price": "16.55",
            "revenue": 124632
        },
        "2010-09": {
            "month": "2010-09",
            "price": "15.35",
            "revenue": 135288
        },
        "2010-10": {
            "month": "2010-10",
            "price": "13.81",
            "revenue": 115698
        },
        "2010-11": {
            "month": "2010-11",
            "price": "12.00",
            "revenue": 107515
        },
        "2010-12": {
            "month": "2010-12",
            "price": "12.25",
            "revenue": 114643
        },
        "2011-01": {
            "month": "2011-01",
            "price": "11.48",
            "revenue": 110910
        },
        "2011-02": {
            "month": "2011-02",
            "price": "10.68",
            "revenue": 80178
        },
        "2011-03": {
            "month": "2011-03",
            "price": "10.84",
            "revenue": 123179
        },
        "2011-04": {
            "month": "2011-04",
            "price": "10.73",
            "revenue": 117582
        },
        "2011-05": {
            "month": "2011-05",
            "price": "8.85",
            "revenue": 112928
        },
        "2011-06": {
            "month": "2011-06",
            "price": "8.13",
            "revenue": 130874
        },
        "2011-07": {
            "month": "2011-07",
            "price": "7.60",
            "revenue": 131558
        },
        "2011-08": {
            "month": "2011-08",
            "price": "6.21",
            "revenue": 120161
        },
        "2011-09": {
            "month": "2011-09",
            "price": "5.58",
            "revenue": 138608
        },
        "2011-10": {
            "month": "2011-10",
            "price": "5.39",
            "revenue": 106358
        },
        "2011-11": {
            "month": "2011-11",
            "price": "4.81",
            "revenue": 110474
        },
        "2011-12": {
            "month": "2011-12",
            "price": "4.26",
            "revenue": 107146
        },
        "2012-01": {
            "month": "2012-01",
            "price": "4.36",
            "revenue": 84504
        },
        "2012-02": {
            "month": "2012-02",
            "price": "6.73",
            "revenue": 82679
        },
        "2012-03": {
            "month": "2012-03",
            "price": "7.31",
            "revenue": 95422
        },
        "2012-04": {
            "month": "2012-04",
            "price": "5.99",
            "revenue": 100993
        },
        "2012-05": {
            "month": "2012-05",
            "price": "6.15",
            "revenue": 95272
        },
        "2012-06": {
            "month": "2012-06",
            "price": "5.83",
            "revenue": 95527
        },
        "2012-07": {
            "month": "2012-07",
            "price": "5.64",
            "revenue": 91971
        },
        "2012-08": {
            "month": "2012-08",
            "price": "5.00",
            "revenue": 105139
        },
        "2012-09": {
            "month": "2012-09",
            "price": "4.86",
            "revenue": 112112
        },
        "2012-10": {
            "month": "2012-10",
            "price": "4.30",
            "revenue": 95716
        },
        "2012-11": {
            "month": "2012-11",
            "price": "3.87",
            "revenue": 96510
        },
        "2012-12": {
            "month": "2012-12",
            "price": "4.07",
            "revenue": 108321
        },
        "2013-01": {
            "month": "2013-01",
            "price": "4.22",
            "revenue": 98669
        },
        "2013-02": {
            "month": "2013-02",
            "price": "4.03",
            "revenue": 69399
        },
        "2013-03": {
            "month": "2013-03",
            "price": "4.04",
            "revenue": 102253
        },
        "2013-04": {
            "month": "2013-04",
            "price": "4.80",
            "revenue": 112258
        },
        "2013-05": {
            "month": "2013-05",
            "price": "6.88",
            "revenue": 110000
        },
        "2013-06": {
            "month": "2013-06",
            "price": "7.47",
            "revenue": 95600
        },
        "2013-07": {
            "month": "2013-07",
            "price": "7.05",
            "revenue": 84367
        },
        "2013-08": {
            "month": "2013-08",
            "price": "7.10",
            "revenue": 91257
        },
        "2013-09": {
            "month": "2013-09",
            "price": "6.89",
            "revenue": 99938
        },
        "2013-10": {
            "month": "2013-10",
            "price": "6.44",
            "revenue": 90433
        },
        "2013-11": {
            "month": "2013-11",
            "price": "5.83",
            "revenue": 96110
        },
        "2013-12": {
            "month": "2013-12",
            "price": "5.46",
            "revenue": 97129
        },
        "2014-01": {
            "month": "2014-01",
            "price": "6.00",
            "revenue": 105126
        },
        "2014-02": {
            "month": "2014-02",
            "price": "6.45",
            "revenue": 66732
        },
        "2014-03": {
            "month": "2014-03",
            "price": "6.73",
            "revenue": 98089
        },
        "2014-04": {
            "month": "2014-04",
            "price": "6.06",
            "revenue": 114348
        },
        "2014-05": {
            "month": "2014-05",
            "price": "5.53",
            "revenue": 103811
        },
        "2014-06": {
            "month": "2014-06",
            "price": "5.93",
            "revenue": 99952
        },
        "2014-07": {
            "month": "2014-07",
            "price": "6.01",
            "revenue": 100063
        },
        "2014-08": {
            "month": "2014-08",
            "price": "5.85",
            "revenue": 98186
        },
        "2014-09": {
            "month": "2014-09",
            "price": "6.93",
            "revenue": 98979
        },
        "2014-10": {
            "month": "2014-10",
            "price": "7.35",
            "revenue": 83592
        },
        "2014-11": {
            "month": "2014-11",
            "price": "7.47",
            "revenue": 92203
        },
        "2014-12": {
            "month": "2014-12",
            "price": "9.20",
            "revenue": 96928
        },
        "2015-01": {
            "month": "2015-01",
            "price": "10.22",
            "revenue": 91248
        },
        "2015-02": {
            "month": "2015-02",
            "price": "9.77",
            "revenue": 58015
        },
        "2015-03": {
            "month": "2015-03",
            "price": "8.96",
            "revenue": 73592
        },
        "2015-04": {
            "month": "2015-04",
            "price": "7.14",
            "revenue": 67201
        },
        "2015-05": {
            "month": "2015-05",
            "price": "6.95",
            "revenue": 64640
        },
        "2015-06": {
            "month": "2015-06",
            "price": "6.09",
            "revenue": 70855
        },
        "2015-07": {
            "month": "2015-07",
            "price": "5.30",
            "revenue": 78140
        },
        "2015-08": {
            "month": "2015-08",
            "price": "5.06",
            "revenue": 79786
        },
        "2015-09": {
            "month": "2015-09",
            "price": "5.15",
            "revenue": 76148
        },
        "2015-10": {
            "month": "2015-10",
            "price": "5.16",
            "revenue": 62751
        },
        "2015-11": {
            "month": "2015-11",
            "price": "5.95",
            "revenue": 57920
        },
        "2015-12": {
            "month": "2015-12",
            "price": "5.31",
            "revenue": 58315
        },
        "2016-01": {
            "month": "2016-01",
            "price": "4.92",
            "revenue": 53586
        },
        "2016-02": {
            "month": "2016-02",
            "price": "4.93",
            "revenue": 36786
        },
        "2016-03": {
            "month": "2016-03",
            "price": "5.11",
            "revenue": 47894
        },
        "2016-04": {
            "month": "2016-04",
            "price": "3.65",
            "revenue": 51000
        },
        "2016-05": {
            "month": "2016-05",
            "price": "2.82",
            "revenue": 50053
        },
        "2016-06": {
            "month": "2016-06",
            "price": "2.73",
            "revenue": 51510
        },
        "2016-07": {
            "month": "2016-07",
            "price": "3.07",
            "revenue": 53879
        },
        "2016-08": {
            "month": "2016-08",
            "price": "3.38",
            "revenue": 51370
        },
        "2016-09": {
            "month": "2016-09",
            "price": "3.23",
            "revenue": 47398
        },
        "2016-10": {
            "month": "2016-10",
            "price": "4.05",
            "revenue": 40588
        },
        "2016-11": {
            "month": "2016-11",
            "price": "3.81",
            "revenue": 39244
        },
        "2016-12": {
            "month": "2016-12",
            "price": "3.58",
            "revenue": 41525
        },
        "2017-01": {
            "month": "2017-01",
            "price": "3.44",
            "revenue": 34593
        },
        "2017-02": {
            "month": "2017-02",
            "price": "3.84",
            "revenue": 26369
        },
        "2017-03": {
            "month": "2017-03",
            "price": "3.58",
            "revenue": 33472
        },
        "2017-04": {
            "month": "2017-04",
            "price": "3.81",
            "revenue": 31351
        },
        "2017-05": {
            "month": "2017-05",
            "price": "4.16",
            "revenue": 34640
        },
        "2017-06": {
            "month": "2017-06",
            "price": "4.23",
            "revenue": 35543
        },
        "2017-07": {
            "month": "2017-07",
            "price": "3.99",
            "revenue": 33029
        },
        "2017-08": {
            "month": "2017-08",
            "price": "3.84",
            "revenue": 38675
        },
        "2017-09": {
            "month": "2017-09",
            "price": "3.74",
            "revenue": 44434
        },
        "2017-10": {
            "month": "2017-10",
            "price": "3.70",
            "revenue": 32183
        },
        "2017-11": {
            "month": "2017-11",
            "price": "3.80",
            "revenue": 40040
        },
        "2017-12": {
            "month": "2017-12",
            "price": "3.93",
            "revenue": 35198
        },
        "2018-01": {
            "month": "2018-01",
            "price": "3.92",
            "revenue": 38129
        },
        "2018-02": {
            "month": "2018-02",
            "price": "3.93",
            "revenue": 26888
        },
        "2018-03": {
            "month": "2018-03",
            "price": "4.21",
            "revenue": 34727
        },
        "2018-04": {
            "month": "2018-04",
            "price": "3.98",
            "revenue": 36708
        },
        "2018-05": {
            "month": "2018-05",
            "price": "3.74",
            "revenue": 34582
        },
        "2018-06": {
            "month": "2018-06",
            "price": "3.55",
            "revenue": 32178
        },
        "2018-07": {
            "month": "2018-07",
            "price": "3.27",
            "revenue": 32107
        },
        "2018-08": {
            "month": "2018-08",
            "price": "2.62",
            "revenue": 31349
        },
        "2018-09": {
            "month": "2018-09",
            "price": "2.26",
            "revenue": 30785
        },
        "2018-10": {
            "month": "2018-10",
            "price": "1.98",
            "revenue": 28287
        },
        "2018-11": {
            "month": "2018-11",
            "price": "2.04",
            "revenue": 34248
        },
        "2018-12": {
            "month": "2018-12",
            "price": "2.04",
            "revenue": 31096
        },
        "2019-01": {
            "month": "2019-01",
            "price": "2.00",
            "revenue": 32776
        },
        "2019-02": {
            "month": "2019-02",
            "price": "2.86",
            "revenue": 20854
        },
        "2019-03": {
            "month": "2019-03",
            "price": "2.49",
            "revenue": 29043
        },
        "2019-04": {
            "month": "2019-04",
            "price": "2.09",
            "revenue": 27966
        },
        "2019-05": {
            "month": "2019-05",
            "price": "1.89",
            "revenue": 36629
        },
        "2019-06": {
            "month": "2019-06",
            "price": "2.17",
            "revenue": 35709
        },
        "2019-07": {
            "month": "2019-07",
            "price": "2.08",
            "revenue": 30580
        },
        "2019-08": {
            "month": "2019-08",
            "price": "2.10",
            "revenue": 36471
        },
        "2019-09": {
            "month": "2019-09",
            "price": "2.36",
            "revenue": 35011
        },
        "2019-10": {
            "month": "2019-10",
            "price": "2.43",
            "revenue": 32089
        },
        "2019-11": {
            "month": "2019-11",
            "price": "2.13",
            "revenue": 29875
        },
        "2019-12": {
            "month": "2019-12",
            "price": "1.93",
            "revenue": 32806
        },
        "2020-01": {
            "month": "2020-01",
            "price": "1.93",
            "revenue": 30384
        },
        "2020-02": {
            "month": "2020-02",
            "price": "2.11",
            "revenue": 10717
        },
        "2020-03": {
            "month": "2020-03",
            "price": "2.11",
            "revenue": 38147
        },
        "2020-04": {
            "month": "2020-04",
            "price": "1.52",
            "revenue": 38966
        }
    }
}
