{
    "summary": {
        "stock_name": "台翰",
        "stock_id": "1336",
        "category": "電子零組件",
        "main_business": "精密模具治具之設計製造及買賣業務<br>電器製品運動器材文具用品等所需之塑膠零組件之製造及買賣業務<br>前述各項業務之進出口業務",
        "website_url": "http://www.thpt.com.tw",
        "ceo": "蔡鎮隆",
        "pe_ratio": 18,
        "report_year_from": 2005,
        "report_year_to": 2023,
        "age": 19,
        "eps_negative_percentage": 32,
        "eps_growth_avg": {
            "last_all": -21.96,
            "last_2y": -3.09,
            "last_4y": 11.74,
            "last_8y": 7.44,
            "last_12y": -19.42,
            "last_16y": -33.04,
            "last_20y": null,
            "at_2006_last_3y": null,
            "at_2007_last_3y": null,
            "at_2008_last_3y": null,
            "at_2009_last_3y": -27.02,
            "at_2010_last_3y": -69.37,
            "at_2011_last_3y": -93.41,
            "at_2012_last_3y": -100,
            "at_2013_last_3y": -100,
            "at_2014_last_3y": -100,
            "at_2015_last_3y": -100,
            "at_2016_last_3y": -100,
            "at_2017_last_3y": -100,
            "at_2018_last_3y": -14.09,
            "at_2019_last_3y": -23.06,
            "at_2020_last_3y": 17.96,
            "at_2021_last_3y": -1.59,
            "at_2022_last_3y": 26.93,
            "at_2023_last_3y": 22.68,
            "at_2024_last_3y": 22.68,
            "at_2006_last_all": null,
            "at_2007_last_all": 36.07,
            "at_2008_last_all": -2.7,
            "at_2009_last_all": -27.02,
            "at_2010_last_all": -27.02,
            "at_2011_last_all": -41.62,
            "at_2012_last_all": -41.62,
            "at_2013_last_all": -41.62,
            "at_2014_last_all": -51.35,
            "at_2015_last_all": -51.35,
            "at_2016_last_all": -51.35,
            "at_2017_last_all": -51.35,
            "at_2018_last_all": -46.03,
            "at_2019_last_all": -44.28,
            "at_2020_last_all": -28.25,
            "at_2021_last_all": -31.45,
            "at_2022_last_all": -19.5,
            "at_2023_last_all": -21.96,
            "at_2024_last_all": -21.96
        },
        "latest_eps": 1.21,
        "latest_price": 22.15,
        "latest_roe": 5.4,
        "latest_gross_margin": 17.6,
        "latest_equity": 1825305,
        "latest_revenue": 618160,
        "latest_gross_profit": 108769,
        "latest_net_income": 38476,
        "latest_debt_ratio": 32.43,
        "latest_current_ratio": 237.16,
        "latest_account_receivable_turnover_ratio": 1.29,
        "latest_inventory_turnover_ratio": 3.43,
        "latest_reinvestment_rate": -43.21,
        "latest_research_to_sale_ratio": null
    },
    "eps_dividends": {
        "2001": {
            "cash": 0,
            "stock": 0,
            "eps": 0
        },
        "2002": {
            "cash": 0,
            "stock": 0,
            "eps": 0
        },
        "2003": {
            "cash": 0,
            "stock": 0,
            "eps": 0
        },
        "2004": {
            "cash": 0,
            "stock": 0,
            "eps": 0
        },
        "2005": {
            "cash": 0,
            "stock": 0,
            "eps": 3.05
        },
        "2006": {
            "cash": 1,
            "stock": 2,
            "eps": 6.1
        },
        "2007": {
            "cash": 2,
            "stock": 1,
            "eps": 4.4
        },
        "2008": {
            "cash": 1.5,
            "stock": 1.1,
            "eps": 0.87
        },
        "2009": {
            "cash": 0.82,
            "stock": 0,
            "eps": -1.35
        },
        "2010": {
            "cash": 0,
            "stock": 0,
            "eps": 0.18
        },
        "2011": {
            "cash": 0.6,
            "stock": 0,
            "eps": -0.05
        },
        "2012": {
            "cash": 0.3,
            "stock": 0,
            "eps": -0.82
        },
        "2013": {
            "cash": 0,
            "stock": 0,
            "eps": 0.09
        },
        "2014": {
            "cash": 0.08,
            "stock": 0,
            "eps": -0.64
        },
        "2015": {
            "cash": 0,
            "stock": 0,
            "eps": -2.38
        },
        "2016": {
            "cash": 0,
            "stock": 0,
            "eps": -2.16
        },
        "2017": {
            "cash": 0,
            "stock": 0,
            "eps": 1.49
        },
        "2018": {
            "cash": 0.6,
            "stock": 0,
            "eps": 1.28
        },
        "2019": {
            "cash": 0.8,
            "stock": 0,
            "eps": 0.87
        },
        "2020": {
            "cash": 1.2,
            "stock": 0,
            "eps": 2.49
        },
        "2021": {
            "cash": 1.5,
            "stock": 0,
            "eps": 0.99
        },
        "2022": {
            "cash": 0.4,
            "stock": 0,
            "eps": 2.04
        },
        "2023": {
            "cash": 0.41,
            "stock": 0,
            "eps": 1.04
        }
    },
    "dividends": {
        "2006-03-20": {
            "cash": 1,
            "stock": 2
        },
        "2007-02-16": {
            "cash": 2,
            "stock": 1
        },
        "2008-02-25": {
            "cash": 1.5,
            "stock": 1.1
        },
        "2009-03-16": {
            "cash": 0.82,
            "stock": 0
        },
        "2011-04-28": {
            "cash": 0.6,
            "stock": 0
        },
        "2012-03-19": {
            "cash": 0.3,
            "stock": 0
        },
        "2014-08-15": {
            "cash": 0.08,
            "stock": 0
        },
        "2018-09-20": {
            "cash": 0.6,
            "stock": 0
        },
        "2019-09-19": {
            "cash": 0.8,
            "stock": 0
        },
        "2020-08-10": {
            "cash": 1.2,
            "stock": 0
        },
        "2021-09-07": {
            "cash": 1.5,
            "stock": 0
        },
        "2022-08-30": {
            "cash": 0.4,
            "stock": 0
        },
        "2023-07-10": {
            "cash": 0.41,
            "stock": 0
        }
    },
    "prices": {
        "200101": "無",
        "200102": "無",
        "200103": "無",
        "200104": "無",
        "200105": "無",
        "200106": "無",
        "200107": "無",
        "200108": "無",
        "200109": "無",
        "200110": "無",
        "200111": "無",
        "200112": "無",
        "200201": "無",
        "200202": "無",
        "200203": "無",
        "200204": "無",
        "200205": "無",
        "200206": "無",
        "200207": "無",
        "200208": "無",
        "200209": "無",
        "200210": "無",
        "200211": "無",
        "200212": "無",
        "200301": "無",
        "200302": "無",
        "200303": "無",
        "200304": "無",
        "200305": "無",
        "200306": "無",
        "200307": "無",
        "200308": "無",
        "200309": "無",
        "200310": "無",
        "200311": "無",
        "200312": "無",
        "200401": "無",
        "200402": "無",
        "200403": "無",
        "200404": "無",
        "200405": "無",
        "200406": "無",
        "200407": "無",
        "200408": "無",
        "200409": "無",
        "200410": "無",
        "200411": "無",
        "200412": "無",
        "200501": "無",
        "200502": "無",
        "200503": "無",
        "200504": "無",
        "200505": "無",
        "200506": "無",
        "200507": "無",
        "200508": "無",
        "200509": "無",
        "200510": "無",
        "200511": "無",
        "200512": "59.24",
        "200601": "73.49",
        "200602": "70.91",
        "200603": "70.83",
        "200604": "72.25",
        "200605": "77.67",
        "200606": "78.77",
        "200607": "72.04",
        "200608": "62.60",
        "200609": "59.67",
        "200610": "63.16",
        "200611": "64.97",
        "200612": "69.76",
        "200701": "70.66",
        "200702": "71.95",
        "200703": "74.70",
        "200704": "84.06",
        "200705": "82.73",
        "200706": "89.46",
        "200707": "83.11",
        "200708": "80.23",
        "200709": "74.10",
        "200710": "69.07",
        "200711": "57.83",
        "200712": "48.30",
        "200801": "42.90",
        "200802": "46.38",
        "200803": "40.37",
        "200804": "40.85",
        "200805": "37.36",
        "200806": "28.38",
        "200807": "21.97",
        "200808": "24.99",
        "200809": "18.23",
        "200810": "16.79",
        "200811": "14.66",
        "200812": "12.95",
        "200901": "11.46",
        "200902": "11.92",
        "200903": "14.28",
        "200904": "15.03",
        "200905": "15.83",
        "200906": "16.97",
        "200907": "16.56",
        "200908": "16.49",
        "200909": "16.14",
        "200910": "17.99",
        "200911": "17.51",
        "200912": "18.69",
        "201001": "19.38",
        "201002": "17.80",
        "201003": "18.62",
        "201004": "23.35",
        "201005": "18.89",
        "201006": "16.62",
        "201007": "17.60",
        "201008": "18.11",
        "201009": "19.05",
        "201010": "19.38",
        "201011": "17.45",
        "201012": "17.82",
        "201101": "18.28",
        "201102": "19.81",
        "201103": "20.21",
        "201104": "19.71",
        "201105": "19.11",
        "201106": "18.55",
        "201107": "16.82",
        "201108": "14.70",
        "201109": "13.52",
        "201110": "13.84",
        "201111": "12.29",
        "201112": "10.49",
        "201201": "11.08",
        "201202": "13.67",
        "201203": "13.27",
        "201204": "12.23",
        "201205": "12.01",
        "201206": "11.86",
        "201207": "11.70",
        "201208": "11.14",
        "201209": "11.18",
        "201210": "10.40",
        "201211": "9.75",
        "201212": "9.62",
        "201301": "9.92",
        "201302": "10.06",
        "201303": "10.33",
        "201304": "10.19",
        "201305": "10.74",
        "201306": "10.84",
        "201307": "10.75",
        "201308": "10.34",
        "201309": "10.23",
        "201310": "10.20",
        "201311": "9.98",
        "201312": "10.27",
        "201401": "12.84",
        "201402": "14.48",
        "201403": "14.49",
        "201404": "15.82",
        "201405": "15.08",
        "201406": "15.50",
        "201407": "16.44",
        "201408": "17.35",
        "201409": "16.60",
        "201410": "13.89",
        "201411": "12.94",
        "201412": "13.46",
        "201501": "13.95",
        "201502": "13.90",
        "201503": "14.17",
        "201504": "12.88",
        "201505": "11.34",
        "201506": "9.68",
        "201507": "8.78",
        "201508": "7.46",
        "201509": "8.10",
        "201510": "8.52",
        "201511": "8.34",
        "201512": "8.06",
        "201601": "7.63",
        "201602": "7.88",
        "201603": "8.13",
        "201604": "7.87",
        "201605": "8.00",
        "201606": "9.58",
        "201607": "10.82",
        "201608": "10.07",
        "201609": "9.49",
        "201610": "8.40",
        "201611": "7.91",
        "201612": "8.37",
        "201701": "8.23",
        "201702": "9.24",
        "201703": "10.56",
        "201704": "12.52",
        "201705": "13.72",
        "201706": "17.41",
        "201707": "17.45",
        "201708": "17.23",
        "201709": "20.26",
        "201710": "20.72",
        "201711": "18.57",
        "201712": "17.89",
        "201801": "19.16",
        "201802": "17.73",
        "201803": "17.72",
        "201804": "16.88",
        "201805": "15.87",
        "201806": "17.08",
        "201807": "17.51",
        "201808": "17.91",
        "201809": "16.89",
        "201810": "15.25",
        "201811": "15.22",
        "201812": "15.26",
        "201901": "15.01",
        "201902": "15.00",
        "201903": "15.14",
        "201904": "16.02",
        "201905": "15.52",
        "201906": "14.45",
        "201907": "14.75",
        "201908": "14.77",
        "201909": "14.36",
        "201910": "14.38",
        "201911": "14.48",
        "201912": "14.79",
        "202001": "15.28",
        "202002": "15.19",
        "202003": "14.16",
        "202004": "14.40",
        "202005": "15.23",
        "202006": "15.86",
        "202007": "15.74",
        "202008": "15.95",
        "202009": "17.83",
        "202010": "17.96",
        "202011": "20.67",
        "202012": "22.24",
        "202101": "24.56",
        "202102": "23.47",
        "202103": "24.45",
        "202104": "25.64",
        "202105": "22.83",
        "202106": "23.17",
        "202107": "24.09",
        "202108": "22.49",
        "202109": "22.05",
        "202110": "20.96",
        "202111": "20.80",
        "202112": "20.80",
        "202201": "21.06",
        "202202": "20.48",
        "202203": "19.68",
        "202204": "19.56",
        "202205": "19.39",
        "202206": "19.68",
        "202207": "20.02",
        "202208": "25.13",
        "202209": "26.27",
        "202210": "23.26",
        "202211": "25.30",
        "202212": "26.24",
        "202301": "25.83",
        "202302": "29.54",
        "202303": "28.45",
        "202304": "26.67",
        "202305": "25.39",
        "202306": "24.35",
        "202307": "24.09",
        "202308": "22.30",
        "202309": "22.09",
        "202310": "21.08",
        "202311": "20.75",
        "202312": "21.48"
    },
    "quarters": {
        "20011": {
            "year_quarter": 20011,
            "year": 2001,
            "quarter": 1,
            "eps": null,
            "eps_growth_year": null,
            "eps_4q": null,
            "eps_4q_growth_year": null,
            "roe": null,
            "roe_4q": 0,
            "gross_profit": null,
            "gross_margin": null,
            "gross_margin_4q_avg": 0,
            "net_income": null,
            "net_income_4q": null,
            "revenue": null,
            "revenue_4q": null,
            "common_shares": null,
            "book_valuer_per_share": null,
            "book_valuer_per_share_4q_avg": 0,
            "equity": null,
            "current_ratio": null,
            "debt_ratio": null,
            "inventory_turnover_ratio": null,
            "account_receivable_turnover_ratio": null,
            "reinvestment_rate": null,
            "research_to_sale_ratio": null,
            "price_fair": 0,
            "eps_avg_yearly": 0,
            "eps_latest_yearly": 0,
            "eps_growth_yearly": 0
        },
        "20012": {
            "year_quarter": 20012,
            "year": 2001,
            "quarter": 2,
            "eps": null,
            "eps_growth_year": null,
            "eps_4q": null,
            "eps_4q_growth_year": null,
            "roe": null,
            "roe_4q": 0,
            "gross_profit": null,
            "gross_margin": null,
            "gross_margin_4q_avg": 0,
            "net_income": null,
            "net_income_4q": null,
            "revenue": null,
            "revenue_4q": null,
            "common_shares": null,
            "book_valuer_per_share": null,
            "book_valuer_per_share_4q_avg": 0,
            "equity": null,
            "current_ratio": null,
            "debt_ratio": null,
            "inventory_turnover_ratio": null,
            "account_receivable_turnover_ratio": null,
            "reinvestment_rate": null,
            "research_to_sale_ratio": null,
            "price_fair": 0,
            "eps_avg_yearly": 0,
            "eps_latest_yearly": 0,
            "eps_growth_yearly": 0
        },
        "20013": {
            "year_quarter": 20013,
            "year": 2001,
            "quarter": 3,
            "eps": null,
            "eps_growth_year": null,
            "eps_4q": null,
            "eps_4q_growth_year": null,
            "roe": null,
            "roe_4q": 0,
            "gross_profit": null,
            "gross_margin": null,
            "gross_margin_4q_avg": 0,
            "net_income": null,
            "net_income_4q": null,
            "revenue": null,
            "revenue_4q": null,
            "common_shares": null,
            "book_valuer_per_share": null,
            "book_valuer_per_share_4q_avg": 0,
            "equity": null,
            "current_ratio": null,
            "debt_ratio": null,
            "inventory_turnover_ratio": null,
            "account_receivable_turnover_ratio": null,
            "reinvestment_rate": null,
            "research_to_sale_ratio": null,
            "price_fair": 0,
            "eps_avg_yearly": 0,
            "eps_latest_yearly": 0,
            "eps_growth_yearly": 0
        },
        "20014": {
            "year_quarter": 20014,
            "year": 2001,
            "quarter": 4,
            "eps": null,
            "eps_growth_year": null,
            "eps_4q": null,
            "eps_4q_growth_year": null,
            "roe": null,
            "roe_4q": 0,
            "gross_profit": null,
            "gross_margin": null,
            "gross_margin_4q_avg": 0,
            "net_income": null,
            "net_income_4q": null,
            "revenue": null,
            "revenue_4q": null,
            "common_shares": 28000,
            "book_valuer_per_share": 10.77,
            "book_valuer_per_share_4q_avg": 2.69,
            "equity": 30169,
            "current_ratio": 268.69,
            "debt_ratio": 57.67,
            "inventory_turnover_ratio": null,
            "account_receivable_turnover_ratio": null,
            "reinvestment_rate": null,
            "research_to_sale_ratio": null,
            "price_fair": 0,
            "eps_avg_yearly": 0,
            "eps_latest_yearly": 0,
            "eps_growth_yearly": 0
        },
        "20021": {
            "year_quarter": 20021,
            "year": 2002,
            "quarter": 1,
            "eps": null,
            "eps_growth_year": null,
            "eps_4q": null,
            "eps_4q_growth_year": null,
            "roe": null,
            "roe_4q": 0,
            "gross_profit": null,
            "gross_margin": null,
            "gross_margin_4q_avg": 0,
            "net_income": null,
            "net_income_4q": null,
            "revenue": null,
            "revenue_4q": null,
            "common_shares": null,
            "book_valuer_per_share": null,
            "book_valuer_per_share_4q_avg": 2.69,
            "equity": null,
            "current_ratio": null,
            "debt_ratio": null,
            "inventory_turnover_ratio": null,
            "account_receivable_turnover_ratio": null,
            "reinvestment_rate": null,
            "research_to_sale_ratio": null,
            "price_fair": 0,
            "eps_avg_yearly": 0,
            "eps_latest_yearly": 0,
            "eps_growth_yearly": 0
        },
        "20022": {
            "year_quarter": 20022,
            "year": 2002,
            "quarter": 2,
            "eps": null,
            "eps_growth_year": null,
            "eps_4q": null,
            "eps_4q_growth_year": null,
            "roe": null,
            "roe_4q": 0,
            "gross_profit": null,
            "gross_margin": null,
            "gross_margin_4q_avg": 0,
            "net_income": null,
            "net_income_4q": null,
            "revenue": null,
            "revenue_4q": null,
            "common_shares": null,
            "book_valuer_per_share": null,
            "book_valuer_per_share_4q_avg": 2.69,
            "equity": null,
            "current_ratio": null,
            "debt_ratio": null,
            "inventory_turnover_ratio": null,
            "account_receivable_turnover_ratio": null,
            "reinvestment_rate": null,
            "research_to_sale_ratio": null,
            "price_fair": 0,
            "eps_avg_yearly": 0,
            "eps_latest_yearly": 0,
            "eps_growth_yearly": 0
        },
        "20023": {
            "year_quarter": 20023,
            "year": 2002,
            "quarter": 3,
            "eps": null,
            "eps_growth_year": null,
            "eps_4q": null,
            "eps_4q_growth_year": null,
            "roe": null,
            "roe_4q": 0,
            "gross_profit": null,
            "gross_margin": null,
            "gross_margin_4q_avg": 0,
            "net_income": null,
            "net_income_4q": null,
            "revenue": null,
            "revenue_4q": null,
            "common_shares": null,
            "book_valuer_per_share": null,
            "book_valuer_per_share_4q_avg": 2.69,
            "equity": null,
            "current_ratio": null,
            "debt_ratio": null,
            "inventory_turnover_ratio": null,
            "account_receivable_turnover_ratio": null,
            "reinvestment_rate": null,
            "research_to_sale_ratio": null,
            "price_fair": 0,
            "eps_avg_yearly": 0,
            "eps_latest_yearly": 0,
            "eps_growth_yearly": 0
        },
        "20024": {
            "year_quarter": 20024,
            "year": 2002,
            "quarter": 4,
            "eps": null,
            "eps_growth_year": null,
            "eps_4q": null,
            "eps_4q_growth_year": null,
            "roe": null,
            "roe_4q": 0,
            "gross_profit": null,
            "gross_margin": null,
            "gross_margin_4q_avg": 0,
            "net_income": null,
            "net_income_4q": null,
            "revenue": null,
            "revenue_4q": null,
            "common_shares": 60000,
            "book_valuer_per_share": 10.39,
            "book_valuer_per_share_4q_avg": 2.6,
            "equity": 62317,
            "current_ratio": 292.57,
            "debt_ratio": 33.59,
            "inventory_turnover_ratio": null,
            "account_receivable_turnover_ratio": null,
            "reinvestment_rate": null,
            "research_to_sale_ratio": null,
            "price_fair": 0,
            "eps_avg_yearly": 0,
            "eps_latest_yearly": 0,
            "eps_growth_yearly": 0
        },
        "20031": {
            "year_quarter": 20031,
            "year": 2003,
            "quarter": 1,
            "eps": null,
            "eps_growth_year": null,
            "eps_4q": null,
            "eps_4q_growth_year": null,
            "roe": null,
            "roe_4q": 0,
            "gross_profit": null,
            "gross_margin": null,
            "gross_margin_4q_avg": 0,
            "net_income": null,
            "net_income_4q": null,
            "revenue": null,
            "revenue_4q": null,
            "common_shares": null,
            "book_valuer_per_share": null,
            "book_valuer_per_share_4q_avg": 2.6,
            "equity": null,
            "current_ratio": null,
            "debt_ratio": null,
            "inventory_turnover_ratio": null,
            "account_receivable_turnover_ratio": null,
            "reinvestment_rate": null,
            "research_to_sale_ratio": null,
            "price_fair": 0,
            "eps_avg_yearly": 0,
            "eps_latest_yearly": 0,
            "eps_growth_yearly": 0
        },
        "20032": {
            "year_quarter": 20032,
            "year": 2003,
            "quarter": 2,
            "eps": null,
            "eps_growth_year": null,
            "eps_4q": null,
            "eps_4q_growth_year": null,
            "roe": null,
            "roe_4q": 0,
            "gross_profit": null,
            "gross_margin": null,
            "gross_margin_4q_avg": 0,
            "net_income": null,
            "net_income_4q": null,
            "revenue": null,
            "revenue_4q": null,
            "common_shares": null,
            "book_valuer_per_share": null,
            "book_valuer_per_share_4q_avg": 2.6,
            "equity": null,
            "current_ratio": null,
            "debt_ratio": null,
            "inventory_turnover_ratio": null,
            "account_receivable_turnover_ratio": null,
            "reinvestment_rate": null,
            "research_to_sale_ratio": null,
            "price_fair": 0,
            "eps_avg_yearly": 0,
            "eps_latest_yearly": 0,
            "eps_growth_yearly": 0
        },
        "20033": {
            "year_quarter": 20033,
            "year": 2003,
            "quarter": 3,
            "eps": null,
            "eps_growth_year": null,
            "eps_4q": null,
            "eps_4q_growth_year": null,
            "roe": null,
            "roe_4q": 0,
            "gross_profit": null,
            "gross_margin": null,
            "gross_margin_4q_avg": 0,
            "net_income": null,
            "net_income_4q": null,
            "revenue": null,
            "revenue_4q": null,
            "common_shares": null,
            "book_valuer_per_share": null,
            "book_valuer_per_share_4q_avg": 2.6,
            "equity": null,
            "current_ratio": null,
            "debt_ratio": null,
            "inventory_turnover_ratio": null,
            "account_receivable_turnover_ratio": null,
            "reinvestment_rate": null,
            "research_to_sale_ratio": null,
            "price_fair": 0,
            "eps_avg_yearly": 0,
            "eps_latest_yearly": 0,
            "eps_growth_yearly": 0
        },
        "20034": {
            "year_quarter": 20034,
            "year": 2003,
            "quarter": 4,
            "eps": null,
            "eps_growth_year": null,
            "eps_4q": null,
            "eps_4q_growth_year": null,
            "roe": null,
            "roe_4q": 0,
            "gross_profit": null,
            "gross_margin": null,
            "gross_margin_4q_avg": 0,
            "net_income": null,
            "net_income_4q": null,
            "revenue": null,
            "revenue_4q": null,
            "common_shares": 78000,
            "book_valuer_per_share": 10.73,
            "book_valuer_per_share_4q_avg": 2.68,
            "equity": 83728,
            "current_ratio": 123.28,
            "debt_ratio": 67.71,
            "inventory_turnover_ratio": null,
            "account_receivable_turnover_ratio": null,
            "reinvestment_rate": null,
            "research_to_sale_ratio": null,
            "price_fair": 0,
            "eps_avg_yearly": 0,
            "eps_latest_yearly": 0,
            "eps_growth_yearly": 0
        },
        "20041": {
            "year_quarter": 20041,
            "year": 2004,
            "quarter": 1,
            "eps": null,
            "eps_growth_year": null,
            "eps_4q": null,
            "eps_4q_growth_year": null,
            "roe": null,
            "roe_4q": 0,
            "gross_profit": null,
            "gross_margin": null,
            "gross_margin_4q_avg": 0,
            "net_income": null,
            "net_income_4q": null,
            "revenue": null,
            "revenue_4q": null,
            "common_shares": null,
            "book_valuer_per_share": null,
            "book_valuer_per_share_4q_avg": 2.68,
            "equity": null,
            "current_ratio": null,
            "debt_ratio": null,
            "inventory_turnover_ratio": null,
            "account_receivable_turnover_ratio": null,
            "reinvestment_rate": null,
            "research_to_sale_ratio": null,
            "price_fair": 0,
            "eps_avg_yearly": 0,
            "eps_latest_yearly": 0,
            "eps_growth_yearly": 0
        },
        "20042": {
            "year_quarter": 20042,
            "year": 2004,
            "quarter": 2,
            "eps": null,
            "eps_growth_year": null,
            "eps_4q": null,
            "eps_4q_growth_year": null,
            "roe": null,
            "roe_4q": 0,
            "gross_profit": null,
            "gross_margin": null,
            "gross_margin_4q_avg": 0,
            "net_income": null,
            "net_income_4q": null,
            "revenue": null,
            "revenue_4q": null,
            "common_shares": null,
            "book_valuer_per_share": null,
            "book_valuer_per_share_4q_avg": 2.68,
            "equity": null,
            "current_ratio": null,
            "debt_ratio": null,
            "inventory_turnover_ratio": null,
            "account_receivable_turnover_ratio": null,
            "reinvestment_rate": null,
            "research_to_sale_ratio": null,
            "price_fair": 0,
            "eps_avg_yearly": 0,
            "eps_latest_yearly": 0,
            "eps_growth_yearly": 0
        },
        "20043": {
            "year_quarter": 20043,
            "year": 2004,
            "quarter": 3,
            "eps": null,
            "eps_growth_year": null,
            "eps_4q": null,
            "eps_4q_growth_year": null,
            "roe": null,
            "roe_4q": 0,
            "gross_profit": null,
            "gross_margin": null,
            "gross_margin_4q_avg": 0,
            "net_income": null,
            "net_income_4q": null,
            "revenue": null,
            "revenue_4q": null,
            "common_shares": null,
            "book_valuer_per_share": null,
            "book_valuer_per_share_4q_avg": 2.68,
            "equity": null,
            "current_ratio": null,
            "debt_ratio": null,
            "inventory_turnover_ratio": null,
            "account_receivable_turnover_ratio": null,
            "reinvestment_rate": null,
            "research_to_sale_ratio": null,
            "price_fair": 0,
            "eps_avg_yearly": 0,
            "eps_latest_yearly": 0,
            "eps_growth_yearly": 0
        },
        "20044": {
            "year_quarter": 20044,
            "year": 2004,
            "quarter": 4,
            "eps": null,
            "eps_growth_year": null,
            "eps_4q": null,
            "eps_4q_growth_year": null,
            "roe": null,
            "roe_4q": 0,
            "gross_profit": null,
            "gross_margin": null,
            "gross_margin_4q_avg": 0,
            "net_income": null,
            "net_income_4q": null,
            "revenue": null,
            "revenue_4q": null,
            "common_shares": 170000,
            "book_valuer_per_share": 14.28,
            "book_valuer_per_share_4q_avg": 3.57,
            "equity": 421628,
            "current_ratio": 110.65,
            "debt_ratio": 44.26,
            "inventory_turnover_ratio": null,
            "account_receivable_turnover_ratio": null,
            "reinvestment_rate": null,
            "research_to_sale_ratio": null,
            "price_fair": 0,
            "eps_avg_yearly": 0,
            "eps_latest_yearly": 0,
            "eps_growth_yearly": 0
        },
        "20051": {
            "year_quarter": 20051,
            "year": 2005,
            "quarter": 1,
            "eps": 1.72,
            "eps_growth_year": null,
            "eps_4q": null,
            "eps_4q_growth_year": null,
            "roe": 8.46,
            "roe_4q": 8.46,
            "gross_profit": 44481,
            "gross_margin": 21.87,
            "gross_margin_4q_avg": 5.47,
            "net_income": 29318,
            "net_income_4q": null,
            "revenue": 203351,
            "revenue_4q": null,
            "common_shares": 170000,
            "book_valuer_per_share": 15.97,
            "book_valuer_per_share_4q_avg": 7.56,
            "equity": 271514,
            "current_ratio": 143.19,
            "debt_ratio": 50.75,
            "inventory_turnover_ratio": 4.59,
            "account_receivable_turnover_ratio": null,
            "reinvestment_rate": null,
            "research_to_sale_ratio": null,
            "price_fair": 0,
            "eps_avg_yearly": 0,
            "eps_latest_yearly": 0,
            "eps_growth_yearly": 0
        },
        "20052": {
            "year_quarter": 20052,
            "year": 2005,
            "quarter": 2,
            "eps": 1.33,
            "eps_growth_year": null,
            "eps_4q": null,
            "eps_4q_growth_year": null,
            "roe": 6.96,
            "roe_4q": 15.420000000000002,
            "gross_profit": 47383,
            "gross_margin": 23.02,
            "gross_margin_4q_avg": 11.22,
            "net_income": 27895,
            "net_income_4q": null,
            "revenue": 205811,
            "revenue_4q": null,
            "common_shares": 170000,
            "book_valuer_per_share": 31.16,
            "book_valuer_per_share_4q_avg": 15.35,
            "equity": 529703,
            "current_ratio": 309.36,
            "debt_ratio": 34.24,
            "inventory_turnover_ratio": 4.88,
            "account_receivable_turnover_ratio": null,
            "reinvestment_rate": null,
            "research_to_sale_ratio": null,
            "price_fair": 15.96,
            "eps_avg_yearly": 5.32,
            "eps_latest_yearly": 5.32,
            "eps_growth_yearly": -90.7
        },
        "20053": {
            "year_quarter": 20053,
            "year": 2005,
            "quarter": 3,
            "eps": null,
            "eps_growth_year": null,
            "eps_4q": null,
            "eps_4q_growth_year": null,
            "roe": null,
            "roe_4q": 15.420000000000002,
            "gross_profit": null,
            "gross_margin": null,
            "gross_margin_4q_avg": 11.22,
            "net_income": null,
            "net_income_4q": null,
            "revenue": null,
            "revenue_4q": null,
            "common_shares": null,
            "book_valuer_per_share": null,
            "book_valuer_per_share_4q_avg": 15.35,
            "equity": null,
            "current_ratio": null,
            "debt_ratio": null,
            "inventory_turnover_ratio": null,
            "account_receivable_turnover_ratio": null,
            "reinvestment_rate": null,
            "research_to_sale_ratio": null,
            "price_fair": 15.96,
            "eps_avg_yearly": 5.32,
            "eps_latest_yearly": 5.32,
            "eps_growth_yearly": -90.7
        },
        "20054": {
            "year_quarter": 20054,
            "year": 2005,
            "quarter": 4,
            "eps": null,
            "eps_growth_year": null,
            "eps_4q": null,
            "eps_4q_growth_year": null,
            "roe": null,
            "roe_4q": 15.420000000000002,
            "gross_profit": null,
            "gross_margin": null,
            "gross_margin_4q_avg": 11.22,
            "net_income": null,
            "net_income_4q": null,
            "revenue": null,
            "revenue_4q": null,
            "common_shares": 360000,
            "book_valuer_per_share": 25.31,
            "book_valuer_per_share_4q_avg": 18.11,
            "equity": 929960,
            "current_ratio": 215.96,
            "debt_ratio": 33.52,
            "inventory_turnover_ratio": null,
            "account_receivable_turnover_ratio": null,
            "reinvestment_rate": null,
            "research_to_sale_ratio": null,
            "price_fair": 15.96,
            "eps_avg_yearly": 5.32,
            "eps_latest_yearly": 5.32,
            "eps_growth_yearly": -90.7
        },
        "20061": {
            "year_quarter": 20061,
            "year": 2006,
            "quarter": 1,
            "eps": 1.36,
            "eps_growth_year": -20.93,
            "eps_4q": null,
            "eps_4q_growth_year": null,
            "roe": 5.17,
            "roe_4q": 12.129999999999999,
            "gross_profit": 56472,
            "gross_margin": 22.37,
            "gross_margin_4q_avg": 11.35,
            "net_income": 48921,
            "net_income_4q": null,
            "revenue": 252474,
            "revenue_4q": null,
            "common_shares": 360000,
            "book_valuer_per_share": 26.69,
            "book_valuer_per_share_4q_avg": 20.79,
            "equity": 961008,
            "current_ratio": 277.92,
            "debt_ratio": 26.09,
            "inventory_turnover_ratio": 2.73,
            "account_receivable_turnover_ratio": null,
            "reinvestment_rate": null,
            "research_to_sale_ratio": null,
            "price_fair": 15.96,
            "eps_avg_yearly": 5.32,
            "eps_latest_yearly": 5.32,
            "eps_growth_yearly": -90.7
        },
        "20062": {
            "year_quarter": 20062,
            "year": 2006,
            "quarter": 2,
            "eps": 1.78,
            "eps_growth_year": 33.83,
            "eps_4q": null,
            "eps_4q_growth_year": null,
            "roe": 7.93,
            "roe_4q": 13.1,
            "gross_profit": 89373,
            "gross_margin": 23.41,
            "gross_margin_4q_avg": 11.45,
            "net_income": 77749,
            "net_income_4q": null,
            "revenue": 381716,
            "revenue_4q": null,
            "common_shares": 360000,
            "book_valuer_per_share": 27.74,
            "book_valuer_per_share_4q_avg": 19.94,
            "equity": 998712,
            "current_ratio": 249.02,
            "debt_ratio": 28.69,
            "inventory_turnover_ratio": 7.37,
            "account_receivable_turnover_ratio": null,
            "reinvestment_rate": null,
            "research_to_sale_ratio": null,
            "price_fair": 164.31,
            "eps_avg_yearly": 6.22,
            "eps_latest_yearly": 7.12,
            "eps_growth_yearly": 16.42
        },
        "20063": {
            "year_quarter": 20063,
            "year": 2006,
            "quarter": 3,
            "eps": 1.83,
            "eps_growth_year": null,
            "eps_4q": null,
            "eps_4q_growth_year": null,
            "roe": 8.55,
            "roe_4q": 21.65,
            "gross_profit": 88256,
            "gross_margin": 20.77,
            "gross_margin_4q_avg": 16.64,
            "net_income": 89315,
            "net_income_4q": null,
            "revenue": 424923,
            "revenue_4q": null,
            "common_shares": 438000,
            "book_valuer_per_share": 24.88,
            "book_valuer_per_share_4q_avg": 26.16,
            "equity": 1089642,
            "current_ratio": 235.77,
            "debt_ratio": 26.77,
            "inventory_turnover_ratio": 13.56,
            "account_receivable_turnover_ratio": null,
            "reinvestment_rate": null,
            "research_to_sale_ratio": null,
            "price_fair": 162.62,
            "eps_avg_yearly": 6.59,
            "eps_latest_yearly": 7.32,
            "eps_growth_yearly": 14.69
        },
        "20064": {
            "year_quarter": 20064,
            "year": 2006,
            "quarter": 4,
            "eps": 1.13,
            "eps_growth_year": null,
            "eps_4q": 6.06,
            "eps_4q_growth_year": null,
            "roe": 4.4,
            "roe_4q": 26.050000000000004,
            "gross_profit": 77871,
            "gross_margin": 20.3,
            "gross_margin_4q_avg": 21.71,
            "net_income": 49467,
            "net_income_4q": null,
            "revenue": 383602,
            "revenue_4q": null,
            "common_shares": 438000,
            "book_valuer_per_share": 26.42,
            "book_valuer_per_share_4q_avg": 26.43,
            "equity": 1157034,
            "current_ratio": 220.76,
            "debt_ratio": 31.44,
            "inventory_turnover_ratio": 5.62,
            "account_receivable_turnover_ratio": null,
            "reinvestment_rate": null,
            "research_to_sale_ratio": null,
            "price_fair": 18.21,
            "eps_avg_yearly": 6.07,
            "eps_latest_yearly": 4.52,
            "eps_growth_yearly": -27.23
        },
        "20071": {
            "year_quarter": 20071,
            "year": 2007,
            "quarter": 1,
            "eps": 1.13,
            "eps_growth_year": -16.91,
            "eps_4q": 5.79,
            "eps_4q_growth_year": null,
            "roe": 3.94,
            "roe_4q": 24.82,
            "gross_profit": 53338,
            "gross_margin": 20.41,
            "gross_margin_4q_avg": 21.22,
            "net_income": 52483,
            "net_income_4q": null,
            "revenue": 261396,
            "revenue_4q": null,
            "common_shares": 487000,
            "book_valuer_per_share": 30.98,
            "book_valuer_per_share_4q_avg": 27.51,
            "equity": 1508755,
            "current_ratio": 359.91,
            "debt_ratio": 21.12,
            "inventory_turnover_ratio": 3.53,
            "account_receivable_turnover_ratio": null,
            "reinvestment_rate": null,
            "research_to_sale_ratio": null,
            "price_fair": 17.28,
            "eps_avg_yearly": 5.76,
            "eps_latest_yearly": 4.52,
            "eps_growth_yearly": -21.79
        },
        "20072": {
            "year_quarter": 20072,
            "year": 2007,
            "quarter": 2,
            "eps": 1.03,
            "eps_growth_year": -42.13,
            "eps_4q": 5.05,
            "eps_4q_growth_year": null,
            "roe": 3.32,
            "roe_4q": 20.21,
            "gross_profit": 70191,
            "gross_margin": 19.48,
            "gross_margin_4q_avg": 20.24,
            "net_income": 49016,
            "net_income_4q": null,
            "revenue": 360345,
            "revenue_4q": null,
            "common_shares": 487000,
            "book_valuer_per_share": 29.74,
            "book_valuer_per_share_4q_avg": 28.01,
            "equity": 1448195,
            "current_ratio": 224.16,
            "debt_ratio": 26.96,
            "inventory_turnover_ratio": 14.1,
            "account_receivable_turnover_ratio": null,
            "reinvestment_rate": null,
            "research_to_sale_ratio": null,
            "price_fair": 16.46,
            "eps_avg_yearly": 5.49,
            "eps_latest_yearly": 4.12,
            "eps_growth_yearly": -24.06
        },
        "20073": {
            "year_quarter": 20073,
            "year": 2007,
            "quarter": 3,
            "eps": 1.28,
            "eps_growth_year": -30.05,
            "eps_4q": 4.11,
            "eps_4q_growth_year": null,
            "roe": 4.6,
            "roe_4q": 16.259999999999998,
            "gross_profit": 73601,
            "gross_margin": 21.13,
            "gross_margin_4q_avg": 20.33,
            "net_income": 68368,
            "net_income_4q": null,
            "revenue": 348332,
            "revenue_4q": null,
            "common_shares": 541700,
            "book_valuer_per_share": 28.19,
            "book_valuer_per_share_4q_avg": 28.83,
            "equity": 1527186,
            "current_ratio": 253.78,
            "debt_ratio": 23.1,
            "inventory_turnover_ratio": 11.19,
            "account_receivable_turnover_ratio": null,
            "reinvestment_rate": null,
            "research_to_sale_ratio": null,
            "price_fair": 16.3,
            "eps_avg_yearly": 5.43,
            "eps_latest_yearly": 5.12,
            "eps_growth_yearly": -6.75
        },
        "20074": {
            "year_quarter": 20074,
            "year": 2007,
            "quarter": 4,
            "eps": 0.96,
            "eps_growth_year": -15.04,
            "eps_4q": 4.13,
            "eps_4q_growth_year": -31.85,
            "roe": 2.95,
            "roe_4q": 14.809999999999999,
            "gross_profit": 70447,
            "gross_margin": 21.13,
            "gross_margin_4q_avg": 20.54,
            "net_income": 51403,
            "net_income_4q": null,
            "revenue": 333378,
            "revenue_4q": null,
            "common_shares": 613930,
            "book_valuer_per_share": 31.95,
            "book_valuer_per_share_4q_avg": 30.22,
            "equity": 1961329,
            "current_ratio": 161.9,
            "debt_ratio": 36.59,
            "inventory_turnover_ratio": 2.65,
            "account_receivable_turnover_ratio": null,
            "reinvestment_rate": null,
            "research_to_sale_ratio": null,
            "price_fair": 15.71,
            "eps_avg_yearly": 5.24,
            "eps_latest_yearly": 3.84,
            "eps_growth_yearly": -18.41
        },
        "20081": {
            "year_quarter": 20081,
            "year": 2008,
            "quarter": 1,
            "eps": -0.41,
            "eps_growth_year": -136.28,
            "eps_4q": 2.38,
            "eps_4q_growth_year": -58.87,
            "roe": -1.29,
            "roe_4q": 9.58,
            "gross_profit": 70239,
            "gross_margin": 14.64,
            "gross_margin_4q_avg": 19.1,
            "net_income": -24781,
            "net_income_4q": null,
            "revenue": 479900,
            "revenue_4q": null,
            "common_shares": 613930,
            "book_valuer_per_share": 30.4,
            "book_valuer_per_share_4q_avg": 30.07,
            "equity": 1866594,
            "current_ratio": 149.47,
            "debt_ratio": 37.61,
            "inventory_turnover_ratio": 2.58,
            "account_receivable_turnover_ratio": null,
            "reinvestment_rate": null,
            "research_to_sale_ratio": null,
            "price_fair": 15.71,
            "eps_avg_yearly": 5.24,
            "eps_latest_yearly": 3.84,
            "eps_growth_yearly": -18.41
        },
        "20082": {
            "year_quarter": 20082,
            "year": 2008,
            "quarter": 2,
            "eps": 0.44,
            "eps_growth_year": -57.28,
            "eps_4q": 1.85,
            "eps_4q_growth_year": -63.44,
            "roe": 1.63,
            "roe_4q": 7.89,
            "gross_profit": 49548,
            "gross_margin": 9.68,
            "gross_margin_4q_avg": 16.65,
            "net_income": 29732,
            "net_income_4q": null,
            "revenue": 511861,
            "revenue_4q": null,
            "common_shares": 613930,
            "book_valuer_per_share": 29.19,
            "book_valuer_per_share_4q_avg": 29.93,
            "equity": 1792024,
            "current_ratio": 140.94,
            "debt_ratio": 39,
            "inventory_turnover_ratio": 2.97,
            "account_receivable_turnover_ratio": null,
            "reinvestment_rate": null,
            "research_to_sale_ratio": null,
            "price_fair": 15.71,
            "eps_avg_yearly": 5.24,
            "eps_latest_yearly": 3.84,
            "eps_growth_yearly": -18.41
        },
        "20083": {
            "year_quarter": 20083,
            "year": 2008,
            "quarter": 3,
            "eps": 0.55,
            "eps_growth_year": -57.03,
            "eps_4q": 1.39,
            "eps_4q_growth_year": -66.18,
            "roe": 2,
            "roe_4q": 5.29,
            "gross_profit": 95530,
            "gross_margin": 14.07,
            "gross_margin_4q_avg": 14.88,
            "net_income": 36951,
            "net_income_4q": null,
            "revenue": 678765,
            "revenue_4q": null,
            "common_shares": 674362,
            "book_valuer_per_share": 28.09,
            "book_valuer_per_share_4q_avg": 29.91,
            "equity": 1894305,
            "current_ratio": 171.8,
            "debt_ratio": 37.95,
            "inventory_turnover_ratio": 3.8,
            "account_receivable_turnover_ratio": null,
            "reinvestment_rate": null,
            "research_to_sale_ratio": null,
            "price_fair": 14.69,
            "eps_avg_yearly": 4.9,
            "eps_latest_yearly": 2.2,
            "eps_growth_yearly": -5.25
        },
        "20084": {
            "year_quarter": 20084,
            "year": 2008,
            "quarter": 4,
            "eps": 0.29,
            "eps_growth_year": -69.79,
            "eps_4q": 0.91,
            "eps_4q_growth_year": -77.92,
            "roe": 1.03,
            "roe_4q": 3.37,
            "gross_profit": 96397,
            "gross_margin": 17.21,
            "gross_margin_4q_avg": 13.9,
            "net_income": 19517,
            "net_income_4q": null,
            "revenue": 560071,
            "revenue_4q": null,
            "common_shares": 674362,
            "book_valuer_per_share": 28.23,
            "book_valuer_per_share_4q_avg": 28.98,
            "equity": 1903388,
            "current_ratio": 193.14,
            "debt_ratio": 31.35,
            "inventory_turnover_ratio": 3.1,
            "account_receivable_turnover_ratio": 2.88,
            "reinvestment_rate": null,
            "research_to_sale_ratio": null,
            "price_fair": 13.57,
            "eps_avg_yearly": 4.52,
            "eps_latest_yearly": 1.16,
            "eps_growth_yearly": -23.63
        },
        "20091": {
            "year_quarter": 20091,
            "year": 2009,
            "quarter": 1,
            "eps": 0.07,
            "eps_growth_year": null,
            "eps_4q": 1.47,
            "eps_4q_growth_year": -38.19,
            "roe": 0.23,
            "roe_4q": 4.89,
            "gross_profit": 18932,
            "gross_margin": 6.68,
            "gross_margin_4q_avg": 11.91,
            "net_income": 4302,
            "net_income_4q": null,
            "revenue": 283453,
            "revenue_4q": null,
            "common_shares": 662532,
            "book_valuer_per_share": 28.95,
            "book_valuer_per_share_4q_avg": 28.62,
            "equity": 1918043,
            "current_ratio": 223.02,
            "debt_ratio": 26.84,
            "inventory_turnover_ratio": 1.83,
            "account_receivable_turnover_ratio": 0.96,
            "reinvestment_rate": null,
            "research_to_sale_ratio": null,
            "price_fair": 12.41,
            "eps_avg_yearly": 4.14,
            "eps_latest_yearly": 0.28,
            "eps_growth_yearly": -49.07
        },
        "20092": {
            "year_quarter": 20092,
            "year": 2009,
            "quarter": 2,
            "eps": -0.74,
            "eps_growth_year": -268.18,
            "eps_4q": 0.19,
            "eps_4q_growth_year": -89.72,
            "roe": -2.61,
            "roe_4q": 0.6500000000000001,
            "gross_profit": 9250,
            "gross_margin": 3.01,
            "gross_margin_4q_avg": 10.24,
            "net_income": -48193,
            "net_income_4q": null,
            "revenue": 307587,
            "revenue_4q": null,
            "common_shares": 662532,
            "book_valuer_per_share": 26.71,
            "book_valuer_per_share_4q_avg": 28,
            "equity": 1769715,
            "current_ratio": 209.11,
            "debt_ratio": 27.39,
            "inventory_turnover_ratio": 2.27,
            "account_receivable_turnover_ratio": 1.49,
            "reinvestment_rate": null,
            "research_to_sale_ratio": null,
            "price_fair": 12.06,
            "eps_avg_yearly": 4.02,
            "eps_latest_yearly": 0.28,
            "eps_growth_yearly": -44.91
        },
        "20093": {
            "year_quarter": 20093,
            "year": 2009,
            "quarter": 3,
            "eps": -0.6,
            "eps_growth_year": -209.09,
            "eps_4q": -0.95,
            "eps_4q_growth_year": -168.48,
            "roe": -2.22,
            "roe_4q": -3.5699999999999994,
            "gross_profit": 14642,
            "gross_margin": 4.11,
            "gross_margin_4q_avg": 7.75,
            "net_income": -38637,
            "net_income_4q": null,
            "revenue": 356399,
            "revenue_4q": null,
            "common_shares": 662532,
            "book_valuer_per_share": 25.84,
            "book_valuer_per_share_4q_avg": 27.43,
            "equity": 1712105,
            "current_ratio": 199.1,
            "debt_ratio": 27.97,
            "inventory_turnover_ratio": 2.64,
            "account_receivable_turnover_ratio": 1.57,
            "reinvestment_rate": null,
            "research_to_sale_ratio": null,
            "price_fair": 12.06,
            "eps_avg_yearly": 4.02,
            "eps_latest_yearly": 0.28,
            "eps_growth_yearly": -44.91
        },
        "20094": {
            "year_quarter": 20094,
            "year": 2009,
            "quarter": 4,
            "eps": -0.08,
            "eps_growth_year": -127.59,
            "eps_4q": -1.36,
            "eps_4q_growth_year": -249.14,
            "roe": -0.29,
            "roe_4q": -4.89,
            "gross_profit": 42771,
            "gross_margin": 10.77,
            "gross_margin_4q_avg": 6.14,
            "net_income": -4927,
            "net_income_4q": null,
            "revenue": 397200,
            "revenue_4q": null,
            "common_shares": 662532,
            "book_valuer_per_share": 26.32,
            "book_valuer_per_share_4q_avg": 26.96,
            "equity": 1691116,
            "current_ratio": 196.87,
            "debt_ratio": 27.79,
            "inventory_turnover_ratio": 2.49,
            "account_receivable_turnover_ratio": 2.64,
            "reinvestment_rate": 375.25,
            "research_to_sale_ratio": null,
            "price_fair": 12.06,
            "eps_avg_yearly": 4.02,
            "eps_latest_yearly": 0.28,
            "eps_growth_yearly": -44.91
        },
        "20101": {
            "year_quarter": 20101,
            "year": 2010,
            "quarter": 1,
            "eps": -0.1,
            "eps_growth_year": -242.86,
            "eps_4q": -1.5,
            "eps_4q_growth_year": -201.63,
            "roe": -0.44,
            "roe_4q": -5.5600000000000005,
            "gross_profit": 41998,
            "gross_margin": 11.48,
            "gross_margin_4q_avg": 7.34,
            "net_income": -7398,
            "net_income_4q": null,
            "revenue": 365852,
            "revenue_4q": null,
            "common_shares": 662532,
            "book_valuer_per_share": 26.06,
            "book_valuer_per_share_4q_avg": 26.23,
            "equity": 1666882,
            "current_ratio": 213.91,
            "debt_ratio": 25.51,
            "inventory_turnover_ratio": 2.03,
            "account_receivable_turnover_ratio": 1.31,
            "reinvestment_rate": 530.79,
            "research_to_sale_ratio": 1.73,
            "price_fair": 12.06,
            "eps_avg_yearly": 4.02,
            "eps_latest_yearly": 0.28,
            "eps_growth_yearly": -44.91
        },
        "20102": {
            "year_quarter": 20102,
            "year": 2010,
            "quarter": 2,
            "eps": 0.23,
            "eps_growth_year": null,
            "eps_4q": -0.59,
            "eps_4q_growth_year": -408.41,
            "roe": 0.85,
            "roe_4q": -2.1,
            "gross_profit": 74705,
            "gross_margin": 16.26,
            "gross_margin_4q_avg": 10.66,
            "net_income": 14223,
            "net_income_4q": null,
            "revenue": 459531,
            "revenue_4q": null,
            "common_shares": 662532,
            "book_valuer_per_share": 26.72,
            "book_valuer_per_share_4q_avg": 26.24,
            "equity": 1676883,
            "current_ratio": 198.72,
            "debt_ratio": 27.88,
            "inventory_turnover_ratio": 2.11,
            "account_receivable_turnover_ratio": 1.59,
            "reinvestment_rate": 642.04,
            "research_to_sale_ratio": 2.22,
            "price_fair": 11.03,
            "eps_avg_yearly": 3.68,
            "eps_latest_yearly": 0.28,
            "eps_growth_yearly": -63.62
        },
        "20103": {
            "year_quarter": 20103,
            "year": 2010,
            "quarter": 3,
            "eps": -0.03,
            "eps_growth_year": null,
            "eps_4q": 0,
            "eps_4q_growth_year": null,
            "roe": -0.1,
            "roe_4q": 0.020000000000000018,
            "gross_profit": 63640,
            "gross_margin": 12.2,
            "gross_margin_4q_avg": 12.68,
            "net_income": -1721,
            "net_income_4q": null,
            "revenue": 521495,
            "revenue_4q": null,
            "common_shares": 662532,
            "book_valuer_per_share": 26.34,
            "book_valuer_per_share_4q_avg": 26.36,
            "equity": 1652817,
            "current_ratio": 187.3,
            "debt_ratio": 28.79,
            "inventory_turnover_ratio": 2.35,
            "account_receivable_turnover_ratio": 1.49,
            "reinvestment_rate": 860.57,
            "research_to_sale_ratio": 2.04,
            "price_fair": 9.66,
            "eps_avg_yearly": 3.22,
            "eps_latest_yearly": 0.28,
            "eps_growth_yearly": -72.98
        },
        "20104": {
            "year_quarter": 20104,
            "year": 2010,
            "quarter": 4,
            "eps": 0.08,
            "eps_growth_year": null,
            "eps_4q": 0.16,
            "eps_4q_growth_year": null,
            "roe": 0.31,
            "roe_4q": 0.6200000000000001,
            "gross_profit": 94025,
            "gross_margin": 16.71,
            "gross_margin_4q_avg": 14.16,
            "net_income": 4973,
            "net_income_4q": null,
            "revenue": 562553,
            "revenue_4q": null,
            "common_shares": 662532,
            "book_valuer_per_share": 25.34,
            "book_valuer_per_share_4q_avg": 26.12,
            "equity": 1589971,
            "current_ratio": 180.94,
            "debt_ratio": 29.96,
            "inventory_turnover_ratio": 2.32,
            "account_receivable_turnover_ratio": 1.48,
            "reinvestment_rate": 725.63,
            "research_to_sale_ratio": 2.23,
            "price_fair": 9.1,
            "eps_avg_yearly": 3.03,
            "eps_latest_yearly": 0.28,
            "eps_growth_yearly": -61.55
        },
        "20111": {
            "year_quarter": 20111,
            "year": 2011,
            "quarter": 1,
            "eps": 0.23,
            "eps_growth_year": null,
            "eps_4q": 0.51,
            "eps_4q_growth_year": null,
            "roe": 0.92,
            "roe_4q": 1.98,
            "gross_profit": 62818,
            "gross_margin": 13.21,
            "gross_margin_4q_avg": 14.6,
            "net_income": 14679,
            "net_income_4q": null,
            "revenue": 475558,
            "revenue_4q": null,
            "common_shares": 662532,
            "book_valuer_per_share": 25.56,
            "book_valuer_per_share_4q_avg": 25.99,
            "equity": 1604136,
            "current_ratio": 184.97,
            "debt_ratio": 28.4,
            "inventory_turnover_ratio": 2.03,
            "account_receivable_turnover_ratio": 1.21,
            "reinvestment_rate": 1245.43,
            "research_to_sale_ratio": 2.23,
            "price_fair": 88.2,
            "eps_avg_yearly": 2.52,
            "eps_latest_yearly": 0.92,
            "eps_growth_yearly": 45.59
        },
        "20112": {
            "year_quarter": 20112,
            "year": 2011,
            "quarter": 2,
            "eps": -0.2,
            "eps_growth_year": -186.58,
            "eps_4q": 0.09,
            "eps_4q_growth_year": null,
            "roe": -0.78,
            "roe_4q": 0.35,
            "gross_profit": 42955,
            "gross_margin": 10.25,
            "gross_margin_4q_avg": 13.09,
            "net_income": -12315,
            "net_income_4q": null,
            "revenue": 419053,
            "revenue_4q": null,
            "common_shares": 662532,
            "book_valuer_per_share": 24.52,
            "book_valuer_per_share_4q_avg": 25.44,
            "equity": 1538482,
            "current_ratio": 154.73,
            "debt_ratio": 32.03,
            "inventory_turnover_ratio": 1.89,
            "account_receivable_turnover_ratio": 1.06,
            "reinvestment_rate": 2005.55,
            "research_to_sale_ratio": 1.46,
            "price_fair": 78.87,
            "eps_avg_yearly": 2.25,
            "eps_latest_yearly": 0.92,
            "eps_growth_yearly": 59.09
        },
        "20113": {
            "year_quarter": 20113,
            "year": 2011,
            "quarter": 3,
            "eps": 0.23,
            "eps_growth_year": null,
            "eps_4q": 0.35,
            "eps_4q_growth_year": 12182.31,
            "roe": 0.91,
            "roe_4q": 1.36,
            "gross_profit": 63345,
            "gross_margin": 9.77,
            "gross_margin_4q_avg": 12.49,
            "net_income": 14406,
            "net_income_4q": null,
            "revenue": 648458,
            "revenue_4q": null,
            "common_shares": 662532,
            "book_valuer_per_share": 25.86,
            "book_valuer_per_share_4q_avg": 25.32,
            "equity": 1622564,
            "current_ratio": 145.48,
            "debt_ratio": 34.01,
            "inventory_turnover_ratio": 2.82,
            "account_receivable_turnover_ratio": 1.41,
            "reinvestment_rate": 4548.67,
            "research_to_sale_ratio": 0.78,
            "price_fair": 58.8,
            "eps_avg_yearly": 1.68,
            "eps_latest_yearly": 0.92,
            "eps_growth_yearly": 51.49
        },
        "20114": {
            "year_quarter": 20114,
            "year": 2011,
            "quarter": 4,
            "eps": -0.31,
            "eps_growth_year": -489.54,
            "eps_4q": -0.04,
            "eps_4q_growth_year": -125.82,
            "roe": -1.2,
            "roe_4q": -0.1499999999999998,
            "gross_profit": 48928,
            "gross_margin": 8.72,
            "gross_margin_4q_avg": 10.49,
            "net_income": -19372,
            "net_income_4q": null,
            "revenue": 561261,
            "revenue_4q": null,
            "common_shares": 662532,
            "book_valuer_per_share": 25.53,
            "book_valuer_per_share_4q_avg": 25.37,
            "equity": 1602206,
            "current_ratio": 146.28,
            "debt_ratio": 32.39,
            "inventory_turnover_ratio": 2.4,
            "account_receivable_turnover_ratio": 1.07,
            "reinvestment_rate": null,
            "research_to_sale_ratio": 0.66,
            "price_fair": 39.9,
            "eps_avg_yearly": 1.14,
            "eps_latest_yearly": 0.92,
            "eps_growth_yearly": 89.37
        },
        "20121": {
            "year_quarter": 20121,
            "year": 2012,
            "quarter": 1,
            "eps": -0.07,
            "eps_growth_year": -130.43,
            "eps_4q": -0.35,
            "eps_4q_growth_year": -168.79,
            "roe": -0.29,
            "roe_4q": -1.3599999999999999,
            "gross_profit": 40600,
            "gross_margin": 8.12,
            "gross_margin_4q_avg": 9.22,
            "net_income": -4522,
            "net_income_4q": null,
            "revenue": 499992,
            "revenue_4q": null,
            "common_shares": 662532,
            "book_valuer_per_share": 25.22,
            "book_valuer_per_share_4q_avg": 25.28,
            "equity": 1560054,
            "current_ratio": 152.44,
            "debt_ratio": 30.1,
            "inventory_turnover_ratio": 2.45,
            "account_receivable_turnover_ratio": 1.01,
            "reinvestment_rate": 64293.23,
            "research_to_sale_ratio": 1.02,
            "price_fair": 39.9,
            "eps_avg_yearly": 1.14,
            "eps_latest_yearly": 0.92,
            "eps_growth_yearly": 89.37
        },
        "20122": {
            "year_quarter": 20122,
            "year": 2012,
            "quarter": 2,
            "eps": -0.6,
            "eps_growth_year": null,
            "eps_4q": -0.76,
            "eps_4q_growth_year": -945.57,
            "roe": -2.43,
            "roe_4q": -3.01,
            "gross_profit": 28873,
            "gross_margin": 5.58,
            "gross_margin_4q_avg": 8.05,
            "net_income": -37323,
            "net_income_4q": null,
            "revenue": 517700,
            "revenue_4q": null,
            "common_shares": 642532,
            "book_valuer_per_share": 24.48,
            "book_valuer_per_share_4q_avg": 25.27,
            "equity": 1514056,
            "current_ratio": 143.63,
            "debt_ratio": 32.81,
            "inventory_turnover_ratio": 3.34,
            "account_receivable_turnover_ratio": 1.05,
            "reinvestment_rate": null,
            "research_to_sale_ratio": 0.72,
            "price_fair": 39.9,
            "eps_avg_yearly": 1.14,
            "eps_latest_yearly": 0.92,
            "eps_growth_yearly": 89.37
        },
        "20123": {
            "year_quarter": 20123,
            "year": 2012,
            "quarter": 3,
            "eps": -0.17,
            "eps_growth_year": -173.86,
            "eps_4q": -1.16,
            "eps_4q_growth_year": -434.55,
            "roe": -0.7,
            "roe_4q": -4.62,
            "gross_profit": 40702,
            "gross_margin": 7.59,
            "gross_margin_4q_avg": 7.5,
            "net_income": -10489,
            "net_income_4q": null,
            "revenue": 536285,
            "revenue_4q": null,
            "common_shares": 642532,
            "book_valuer_per_share": 23.97,
            "book_valuer_per_share_4q_avg": 24.8,
            "equity": 1482492,
            "current_ratio": 160.22,
            "debt_ratio": 34.72,
            "inventory_turnover_ratio": 3.24,
            "account_receivable_turnover_ratio": 0.99,
            "reinvestment_rate": null,
            "research_to_sale_ratio": 0.04,
            "price_fair": 27.53,
            "eps_avg_yearly": 0.79,
            "eps_latest_yearly": 0.92,
            "eps_growth_yearly": 85.82
        },
        "20124": {
            "year_quarter": 20124,
            "year": 2012,
            "quarter": 4,
            "eps": 0.02,
            "eps_growth_year": null,
            "eps_4q": -0.8,
            "eps_4q_growth_year": null,
            "roe": 0.07,
            "roe_4q": -3.35,
            "gross_profit": 52540,
            "gross_margin": 9.86,
            "gross_margin_4q_avg": 7.79,
            "net_income": 1090,
            "net_income_4q": null,
            "revenue": 532917,
            "revenue_4q": null,
            "common_shares": 642532,
            "book_valuer_per_share": 23.05,
            "book_valuer_per_share_4q_avg": 24.18,
            "equity": 1481150,
            "current_ratio": 151.04,
            "debt_ratio": 37.57,
            "inventory_turnover_ratio": 2.73,
            "account_receivable_turnover_ratio": 0.93,
            "reinvestment_rate": null,
            "research_to_sale_ratio": 0.21,
            "price_fair": 21,
            "eps_avg_yearly": 0.6,
            "eps_latest_yearly": 0.92,
            "eps_growth_yearly": 223.28
        },
        "20131": {
            "year_quarter": 20131,
            "year": 2013,
            "quarter": 1,
            "eps": 0.09,
            "eps_growth_year": null,
            "eps_4q": -0.66,
            "eps_4q_growth_year": null,
            "roe": 0.39,
            "roe_4q": -2.67,
            "gross_profit": 45354,
            "gross_margin": 9.24,
            "gross_margin_4q_avg": 8.07,
            "net_income": 5834,
            "net_income_4q": null,
            "revenue": 491020,
            "revenue_4q": null,
            "common_shares": 642532,
            "book_valuer_per_share": 24.72,
            "book_valuer_per_share_4q_avg": 24.06,
            "equity": 1529366,
            "current_ratio": 146.79,
            "debt_ratio": 36.95,
            "inventory_turnover_ratio": 2.53,
            "account_receivable_turnover_ratio": 0.94,
            "reinvestment_rate": null,
            "research_to_sale_ratio": 0,
            "price_fair": 22.4,
            "eps_avg_yearly": 0.64,
            "eps_latest_yearly": 0.36,
            "eps_growth_yearly": 1075
        },
        "20132": {
            "year_quarter": 20132,
            "year": 2013,
            "quarter": 2,
            "eps": -0.2,
            "eps_growth_year": null,
            "eps_4q": -0.26,
            "eps_4q_growth_year": null,
            "roe": -0.81,
            "roe_4q": -1.05,
            "gross_profit": 26976,
            "gross_margin": 5.75,
            "gross_margin_4q_avg": 8.11,
            "net_income": -12328,
            "net_income_4q": null,
            "revenue": 469130,
            "revenue_4q": null,
            "common_shares": 627532,
            "book_valuer_per_share": 24.59,
            "book_valuer_per_share_4q_avg": 24.08,
            "equity": 1520921,
            "current_ratio": 147.13,
            "debt_ratio": 35.99,
            "inventory_turnover_ratio": 2.42,
            "account_receivable_turnover_ratio": 0.97,
            "reinvestment_rate": null,
            "research_to_sale_ratio": 0,
            "price_fair": 22.4,
            "eps_avg_yearly": 0.64,
            "eps_latest_yearly": 0.36,
            "eps_growth_yearly": 1075
        },
        "20133": {
            "year_quarter": 20133,
            "year": 2013,
            "quarter": 3,
            "eps": -0.21,
            "eps_growth_year": null,
            "eps_4q": -0.29,
            "eps_4q_growth_year": null,
            "roe": -0.83,
            "roe_4q": -1.18,
            "gross_profit": 48952,
            "gross_margin": 9.29,
            "gross_margin_4q_avg": 8.54,
            "net_income": -12572,
            "net_income_4q": null,
            "revenue": 526853,
            "revenue_4q": null,
            "common_shares": 627532,
            "book_valuer_per_share": 24.16,
            "book_valuer_per_share_4q_avg": 24.13,
            "equity": 1494383,
            "current_ratio": 132.13,
            "debt_ratio": 38.36,
            "inventory_turnover_ratio": 2.32,
            "account_receivable_turnover_ratio": 1.03,
            "reinvestment_rate": null,
            "research_to_sale_ratio": 0,
            "price_fair": 22.4,
            "eps_avg_yearly": 0.64,
            "eps_latest_yearly": 0.36,
            "eps_growth_yearly": 1075
        },
        "20134": {
            "year_quarter": 20134,
            "year": 2013,
            "quarter": 4,
            "eps": 0.41,
            "eps_growth_year": 2309.9,
            "eps_4q": 0.1,
            "eps_4q_growth_year": null,
            "roe": 1.67,
            "roe_4q": 0.41999999999999993,
            "gross_profit": 78568,
            "gross_margin": 12.5,
            "gross_margin_4q_avg": 9.2,
            "net_income": 25313,
            "net_income_4q": null,
            "revenue": 628462,
            "revenue_4q": null,
            "common_shares": 627532,
            "book_valuer_per_share": 24.78,
            "book_valuer_per_share_4q_avg": 24.56,
            "equity": 1534525,
            "current_ratio": 119.06,
            "debt_ratio": 41.73,
            "inventory_turnover_ratio": 2.49,
            "account_receivable_turnover_ratio": 1.08,
            "reinvestment_rate": null,
            "research_to_sale_ratio": -0,
            "price_fair": 22.4,
            "eps_avg_yearly": 0.64,
            "eps_latest_yearly": 0.36,
            "eps_growth_yearly": 1075
        },
        "20141": {
            "year_quarter": 20141,
            "year": 2014,
            "quarter": 1,
            "eps": 0.35,
            "eps_growth_year": 288.89,
            "eps_4q": 0.35,
            "eps_4q_growth_year": null,
            "roe": 1.39,
            "roe_4q": 1.4199999999999995,
            "gross_profit": 75983,
            "gross_margin": 13.53,
            "gross_margin_4q_avg": 10.27,
            "net_income": 21487,
            "net_income_4q": null,
            "revenue": 561681,
            "revenue_4q": null,
            "common_shares": 627532,
            "book_valuer_per_share": 25.25,
            "book_valuer_per_share_4q_avg": 24.7,
            "equity": 1563268,
            "current_ratio": 118.56,
            "debt_ratio": 40.77,
            "inventory_turnover_ratio": 2.29,
            "account_receivable_turnover_ratio": 0.91,
            "reinvestment_rate": null,
            "research_to_sale_ratio": 0,
            "price_fair": 31.27,
            "eps_avg_yearly": 0.89,
            "eps_latest_yearly": 1.4,
            "eps_growth_yearly": 697.15
        },
        "20142": {
            "year_quarter": 20142,
            "year": 2014,
            "quarter": 2,
            "eps": 0.12,
            "eps_growth_year": null,
            "eps_4q": 0.67,
            "eps_4q_growth_year": null,
            "roe": 0.51,
            "roe_4q": 2.7399999999999998,
            "gross_profit": 65214,
            "gross_margin": 11.87,
            "gross_margin_4q_avg": 11.8,
            "net_income": 7964,
            "net_income_4q": null,
            "revenue": 549322,
            "revenue_4q": null,
            "common_shares": 627532,
            "book_valuer_per_share": 24.87,
            "book_valuer_per_share_4q_avg": 24.77,
            "equity": 1560599,
            "current_ratio": 114.86,
            "debt_ratio": 40.34,
            "inventory_turnover_ratio": 2.52,
            "account_receivable_turnover_ratio": 0.96,
            "reinvestment_rate": null,
            "research_to_sale_ratio": 0,
            "price_fair": 27.65,
            "eps_avg_yearly": 0.79,
            "eps_latest_yearly": 0.48,
            "eps_growth_yearly": 457.15
        },
        "20143": {
            "year_quarter": 20143,
            "year": 2014,
            "quarter": 3,
            "eps": 0.03,
            "eps_growth_year": null,
            "eps_4q": 0.91,
            "eps_4q_growth_year": null,
            "roe": 0.14,
            "roe_4q": 3.71,
            "gross_profit": 46259,
            "gross_margin": 9.52,
            "gross_margin_4q_avg": 11.86,
            "net_income": 2201,
            "net_income_4q": null,
            "revenue": 485657,
            "revenue_4q": null,
            "common_shares": 627532,
            "book_valuer_per_share": 25.27,
            "book_valuer_per_share_4q_avg": 25.04,
            "equity": 1585984,
            "current_ratio": 141.26,
            "debt_ratio": 42.62,
            "inventory_turnover_ratio": 2.53,
            "account_receivable_turnover_ratio": 0.97,
            "reinvestment_rate": null,
            "research_to_sale_ratio": 0,
            "price_fair": 22.96,
            "eps_avg_yearly": 0.66,
            "eps_latest_yearly": 0.12,
            "eps_growth_yearly": 305.72
        },
        "20144": {
            "year_quarter": 20144,
            "year": 2014,
            "quarter": 4,
            "eps": -1.14,
            "eps_growth_year": -378.31,
            "eps_4q": -0.63,
            "eps_4q_growth_year": -727.83,
            "roe": -4.54,
            "roe_4q": -2.500000000000001,
            "gross_profit": -23791,
            "gross_margin": -4.77,
            "gross_margin_4q_avg": 7.54,
            "net_income": -71404,
            "net_income_4q": null,
            "revenue": 498597,
            "revenue_4q": null,
            "common_shares": 627532,
            "book_valuer_per_share": 24.84,
            "book_valuer_per_share_4q_avg": 25.06,
            "equity": 1558754,
            "current_ratio": 131.72,
            "debt_ratio": 43.08,
            "inventory_turnover_ratio": 3.07,
            "account_receivable_turnover_ratio": 1.09,
            "reinvestment_rate": null,
            "research_to_sale_ratio": 0,
            "price_fair": 22.96,
            "eps_avg_yearly": 0.66,
            "eps_latest_yearly": 0.12,
            "eps_growth_yearly": 305.72
        },
        "20151": {
            "year_quarter": 20151,
            "year": 2015,
            "quarter": 1,
            "eps": -0.55,
            "eps_growth_year": -257.14,
            "eps_4q": -1.52,
            "eps_4q_growth_year": -530.04,
            "roe": -2.23,
            "roe_4q": -6.12,
            "gross_profit": 11023,
            "gross_margin": 2.63,
            "gross_margin_4q_avg": 4.81,
            "net_income": -34215,
            "net_income_4q": null,
            "revenue": 418875,
            "revenue_4q": null,
            "common_shares": 627532,
            "book_valuer_per_share": 24.09,
            "book_valuer_per_share_4q_avg": 24.77,
            "equity": 1511838,
            "current_ratio": 144.21,
            "debt_ratio": 43.42,
            "inventory_turnover_ratio": 2.38,
            "account_receivable_turnover_ratio": 1.01,
            "reinvestment_rate": null,
            "research_to_sale_ratio": null,
            "price_fair": 20.65,
            "eps_avg_yearly": 0.59,
            "eps_latest_yearly": 0.12,
            "eps_growth_yearly": 194.65
        },
        "20152": {
            "year_quarter": 20152,
            "year": 2015,
            "quarter": 2,
            "eps": -0.96,
            "eps_growth_year": -900,
            "eps_4q": -2.61,
            "eps_4q_growth_year": -488.17,
            "roe": -4.11,
            "roe_4q": -10.739999999999998,
            "gross_profit": -14767,
            "gross_margin": -4,
            "gross_margin_4q_avg": 0.85,
            "net_income": -60358,
            "net_income_4q": null,
            "revenue": 369046,
            "revenue_4q": null,
            "common_shares": 627532,
            "book_valuer_per_share": 22.76,
            "book_valuer_per_share_4q_avg": 24.24,
            "equity": 1428053,
            "current_ratio": 145.29,
            "debt_ratio": 46.22,
            "inventory_turnover_ratio": 2.05,
            "account_receivable_turnover_ratio": 0.95,
            "reinvestment_rate": null,
            "research_to_sale_ratio": null,
            "price_fair": 20.65,
            "eps_avg_yearly": 0.59,
            "eps_latest_yearly": 0.12,
            "eps_growth_yearly": 194.65
        },
        "20153": {
            "year_quarter": 20153,
            "year": 2015,
            "quarter": 3,
            "eps": -0.54,
            "eps_growth_year": -1900,
            "eps_4q": -3.19,
            "eps_4q_growth_year": -451.01,
            "roe": -2.37,
            "roe_4q": -13.25,
            "gross_profit": 4387,
            "gross_margin": 1,
            "gross_margin_4q_avg": -1.29,
            "net_income": -33974,
            "net_income_4q": null,
            "revenue": 438406,
            "revenue_4q": null,
            "common_shares": 627532,
            "book_valuer_per_share": 22.84,
            "book_valuer_per_share_4q_avg": 23.63,
            "equity": 1433401,
            "current_ratio": 94.57,
            "debt_ratio": 47.62,
            "inventory_turnover_ratio": 1.96,
            "account_receivable_turnover_ratio": 1.09,
            "reinvestment_rate": null,
            "research_to_sale_ratio": null,
            "price_fair": 20.65,
            "eps_avg_yearly": 0.59,
            "eps_latest_yearly": 0.12,
            "eps_growth_yearly": 194.65
        },
        "20154": {
            "year_quarter": 20154,
            "year": 2015,
            "quarter": 4,
            "eps": -0.33,
            "eps_growth_year": null,
            "eps_4q": -2.38,
            "eps_4q_growth_year": null,
            "roe": -1.45,
            "roe_4q": -10.16,
            "gross_profit": 38602,
            "gross_margin": 6.43,
            "gross_margin_4q_avg": 1.52,
            "net_income": -20533,
            "net_income_4q": null,
            "revenue": 600318,
            "revenue_4q": null,
            "common_shares": 627532,
            "book_valuer_per_share": 22.16,
            "book_valuer_per_share_4q_avg": 22.96,
            "equity": 1390430,
            "current_ratio": 95.93,
            "debt_ratio": 48.84,
            "inventory_turnover_ratio": 2.56,
            "account_receivable_turnover_ratio": 1.45,
            "reinvestment_rate": null,
            "research_to_sale_ratio": null,
            "price_fair": 20.65,
            "eps_avg_yearly": 0.59,
            "eps_latest_yearly": 0.12,
            "eps_growth_yearly": 194.65
        },
        "20161": {
            "year_quarter": 20161,
            "year": 2016,
            "quarter": 1,
            "eps": -0.44,
            "eps_growth_year": null,
            "eps_4q": -2.27,
            "eps_4q_growth_year": null,
            "roe": -2.01,
            "roe_4q": -9.940000000000001,
            "gross_profit": 30084,
            "gross_margin": 6.74,
            "gross_margin_4q_avg": 2.54,
            "net_income": -27456,
            "net_income_4q": null,
            "revenue": 446486,
            "revenue_4q": null,
            "common_shares": 627532,
            "book_valuer_per_share": 21.36,
            "book_valuer_per_share_4q_avg": 22.28,
            "equity": 1340130,
            "current_ratio": 93.09,
            "debt_ratio": 47.51,
            "inventory_turnover_ratio": 2.15,
            "account_receivable_turnover_ratio": 1.22,
            "reinvestment_rate": null,
            "research_to_sale_ratio": null,
            "price_fair": 20.65,
            "eps_avg_yearly": 0.59,
            "eps_latest_yearly": 0.12,
            "eps_growth_yearly": 194.65
        },
        "20162": {
            "year_quarter": 20162,
            "year": 2016,
            "quarter": 2,
            "eps": -0.93,
            "eps_growth_year": null,
            "eps_4q": -2.24,
            "eps_4q_growth_year": null,
            "roe": -4.49,
            "roe_4q": -10.32,
            "gross_profit": -8170,
            "gross_margin": -2.3,
            "gross_margin_4q_avg": 2.97,
            "net_income": -58627,
            "net_income_4q": null,
            "revenue": 354449,
            "revenue_4q": null,
            "common_shares": 627532,
            "book_valuer_per_share": 20.22,
            "book_valuer_per_share_4q_avg": 21.65,
            "equity": 1268961,
            "current_ratio": 86.82,
            "debt_ratio": 48.64,
            "inventory_turnover_ratio": 1.85,
            "account_receivable_turnover_ratio": 1.1,
            "reinvestment_rate": null,
            "research_to_sale_ratio": null,
            "price_fair": 20.65,
            "eps_avg_yearly": 0.59,
            "eps_latest_yearly": 0.12,
            "eps_growth_yearly": 194.65
        },
        "20163": {
            "year_quarter": 20163,
            "year": 2016,
            "quarter": 3,
            "eps": -0.66,
            "eps_growth_year": null,
            "eps_4q": -2.36,
            "eps_4q_growth_year": null,
            "roe": -3.36,
            "roe_4q": -11.309999999999999,
            "gross_profit": 37742,
            "gross_margin": 8.03,
            "gross_margin_4q_avg": 4.73,
            "net_income": -41255,
            "net_income_4q": null,
            "revenue": 469905,
            "revenue_4q": null,
            "common_shares": 627532,
            "book_valuer_per_share": 18.96,
            "book_valuer_per_share_4q_avg": 20.68,
            "equity": 1189713,
            "current_ratio": 102.63,
            "debt_ratio": 51.89,
            "inventory_turnover_ratio": 2.15,
            "account_receivable_turnover_ratio": 1.42,
            "reinvestment_rate": null,
            "research_to_sale_ratio": null,
            "price_fair": 20.65,
            "eps_avg_yearly": 0.59,
            "eps_latest_yearly": 0.12,
            "eps_growth_yearly": 194.65
        },
        "20164": {
            "year_quarter": 20164,
            "year": 2016,
            "quarter": 4,
            "eps": -0.13,
            "eps_growth_year": null,
            "eps_4q": -2.16,
            "eps_4q_growth_year": null,
            "roe": -0.69,
            "roe_4q": -10.549999999999999,
            "gross_profit": 81333,
            "gross_margin": 15.62,
            "gross_margin_4q_avg": 7.02,
            "net_income": -8224,
            "net_income_4q": null,
            "revenue": 520592,
            "revenue_4q": null,
            "common_shares": 627532,
            "book_valuer_per_share": 18.81,
            "book_valuer_per_share_4q_avg": 19.84,
            "equity": 1180181,
            "current_ratio": 102.9,
            "debt_ratio": 51.58,
            "inventory_turnover_ratio": 2.19,
            "account_receivable_turnover_ratio": 1.4,
            "reinvestment_rate": null,
            "research_to_sale_ratio": null,
            "price_fair": 20.65,
            "eps_avg_yearly": 0.59,
            "eps_latest_yearly": 0.12,
            "eps_growth_yearly": 194.65
        },
        "20171": {
            "year_quarter": 20171,
            "year": 2017,
            "quarter": 1,
            "eps": 0.14,
            "eps_growth_year": null,
            "eps_4q": -1.59,
            "eps_4q_growth_year": null,
            "roe": 0.73,
            "roe_4q": -7.8100000000000005,
            "gross_profit": 85157,
            "gross_margin": 17.64,
            "gross_margin_4q_avg": 9.75,
            "net_income": 8491,
            "net_income_4q": null,
            "revenue": 482873,
            "revenue_4q": null,
            "common_shares": 627532,
            "book_valuer_per_share": 18.21,
            "book_valuer_per_share_4q_avg": 19.05,
            "equity": 1142670,
            "current_ratio": 103.8,
            "debt_ratio": 48.11,
            "inventory_turnover_ratio": 2.02,
            "account_receivable_turnover_ratio": 1.25,
            "reinvestment_rate": null,
            "research_to_sale_ratio": null,
            "price_fair": 2,
            "eps_avg_yearly": 0.67,
            "eps_latest_yearly": 0.12,
            "eps_growth_yearly": -207.13
        },
        "20172": {
            "year_quarter": 20172,
            "year": 2017,
            "quarter": 2,
            "eps": 0.53,
            "eps_growth_year": null,
            "eps_4q": -0.12,
            "eps_4q_growth_year": null,
            "roe": 2.89,
            "roe_4q": -0.4299999999999997,
            "gross_profit": 80261,
            "gross_margin": 15.78,
            "gross_margin_4q_avg": 14.27,
            "net_income": 33547,
            "net_income_4q": null,
            "revenue": 508648,
            "revenue_4q": null,
            "common_shares": 627532,
            "book_valuer_per_share": 18.81,
            "book_valuer_per_share_4q_avg": 18.7,
            "equity": 1180667,
            "current_ratio": 107.9,
            "debt_ratio": 46.19,
            "inventory_turnover_ratio": 2.13,
            "account_receivable_turnover_ratio": 1.31,
            "reinvestment_rate": null,
            "research_to_sale_ratio": null,
            "price_fair": 36.05,
            "eps_avg_yearly": 1.03,
            "eps_latest_yearly": 2.12,
            "eps_growth_yearly": 123.22
        },
        "20173": {
            "year_quarter": 20173,
            "year": 2017,
            "quarter": 3,
            "eps": 0.49,
            "eps_growth_year": null,
            "eps_4q": 0.79,
            "eps_4q_growth_year": null,
            "roe": 2.3,
            "roe_4q": 5.23,
            "gross_profit": 116207,
            "gross_margin": 17.91,
            "gross_margin_4q_avg": 16.74,
            "net_income": 31633,
            "net_income_4q": null,
            "revenue": 648745,
            "revenue_4q": null,
            "common_shares": 831934,
            "book_valuer_per_share": 18.85,
            "book_valuer_per_share_4q_avg": 18.67,
            "equity": 1567833,
            "current_ratio": 158.88,
            "debt_ratio": 32.55,
            "inventory_turnover_ratio": 2.49,
            "account_receivable_turnover_ratio": 1.53,
            "reinvestment_rate": null,
            "research_to_sale_ratio": null,
            "price_fair": 42.56,
            "eps_avg_yearly": 1.22,
            "eps_latest_yearly": 1.96,
            "eps_growth_yearly": 92.54
        },
        "20174": {
            "year_quarter": 20174,
            "year": 2017,
            "quarter": 4,
            "eps": 0.33,
            "eps_growth_year": null,
            "eps_4q": 1.22,
            "eps_4q_growth_year": null,
            "roe": 1.73,
            "roe_4q": 7.65,
            "gross_profit": 105224,
            "gross_margin": 16.33,
            "gross_margin_4q_avg": 16.92,
            "net_income": 27410,
            "net_income_4q": null,
            "revenue": 644228,
            "revenue_4q": null,
            "common_shares": 831934,
            "book_valuer_per_share": 19.23,
            "book_valuer_per_share_4q_avg": 18.78,
            "equity": 1599691,
            "current_ratio": 156.68,
            "debt_ratio": 33.94,
            "inventory_turnover_ratio": 2.34,
            "account_receivable_turnover_ratio": 1.37,
            "reinvestment_rate": null,
            "research_to_sale_ratio": null,
            "price_fair": 43.17,
            "eps_avg_yearly": 1.23,
            "eps_latest_yearly": 1.32,
            "eps_growth_yearly": 55.35
        },
        "20181": {
            "year_quarter": 20181,
            "year": 2018,
            "quarter": 1,
            "eps": 0.14,
            "eps_growth_year": 0,
            "eps_4q": 1.25,
            "eps_4q_growth_year": null,
            "roe": 0.71,
            "roe_4q": 7.630000000000001,
            "gross_profit": 90384,
            "gross_margin": 14.99,
            "gross_margin_4q_avg": 16.25,
            "net_income": 11368,
            "net_income_4q": null,
            "revenue": 602809,
            "revenue_4q": null,
            "common_shares": 831934,
            "book_valuer_per_share": 19.07,
            "book_valuer_per_share_4q_avg": 18.99,
            "equity": 1586812,
            "current_ratio": 152.02,
            "debt_ratio": 31.68,
            "inventory_turnover_ratio": 2.3,
            "account_receivable_turnover_ratio": 1.32,
            "reinvestment_rate": null,
            "research_to_sale_ratio": null,
            "price_fair": 38.27,
            "eps_avg_yearly": 1.09,
            "eps_latest_yearly": 0.56,
            "eps_growth_yearly": 26.72
        },
        "20182": {
            "year_quarter": 20182,
            "year": 2018,
            "quarter": 2,
            "eps": 0.43,
            "eps_growth_year": -18.87,
            "eps_4q": 1.28,
            "eps_4q_growth_year": null,
            "roe": 2.26,
            "roe_4q": 6.999999999999999,
            "gross_profit": 93936,
            "gross_margin": 14.09,
            "gross_margin_4q_avg": 15.83,
            "net_income": 35930,
            "net_income_4q": null,
            "revenue": 666505,
            "revenue_4q": null,
            "common_shares": 831934,
            "book_valuer_per_share": 19.16,
            "book_valuer_per_share_4q_avg": 19.08,
            "equity": 1594341,
            "current_ratio": 141.01,
            "debt_ratio": 34.2,
            "inventory_turnover_ratio": 2.78,
            "account_receivable_turnover_ratio": 1.37,
            "reinvestment_rate": null,
            "research_to_sale_ratio": null,
            "price_fair": 45.5,
            "eps_avg_yearly": 1.3,
            "eps_latest_yearly": 1.72,
            "eps_growth_yearly": 208.63
        },
        "20183": {
            "year_quarter": 20183,
            "year": 2018,
            "quarter": 3,
            "eps": 0.49,
            "eps_growth_year": 0,
            "eps_4q": 1.37,
            "eps_4q_growth_year": 74.11,
            "roe": 2.52,
            "roe_4q": 7.219999999999999,
            "gross_profit": 133089,
            "gross_margin": 16.52,
            "gross_margin_4q_avg": 15.48,
            "net_income": 40553,
            "net_income_4q": null,
            "revenue": 805726,
            "revenue_4q": null,
            "common_shares": 841524,
            "book_valuer_per_share": 19.36,
            "book_valuer_per_share_4q_avg": 19.21,
            "equity": 1628822,
            "current_ratio": 142.65,
            "debt_ratio": 35.69,
            "inventory_turnover_ratio": 3.19,
            "account_receivable_turnover_ratio": 1.3,
            "reinvestment_rate": null,
            "research_to_sale_ratio": null,
            "price_fair": 56.23,
            "eps_avg_yearly": 1.61,
            "eps_latest_yearly": 1.96,
            "eps_growth_yearly": 267.93
        },
        "20184": {
            "year_quarter": 20184,
            "year": 2018,
            "quarter": 4,
            "eps": 0.22,
            "eps_growth_year": -31.94,
            "eps_4q": 1.27,
            "eps_4q_growth_year": 4.38,
            "roe": 1.15,
            "roe_4q": 6.64,
            "gross_profit": 112731,
            "gross_margin": 15.81,
            "gross_margin_4q_avg": 15.35,
            "net_income": 18870,
            "net_income_4q": null,
            "revenue": 713201,
            "revenue_4q": null,
            "common_shares": 841524,
            "book_valuer_per_share": 19.76,
            "book_valuer_per_share_4q_avg": 19.34,
            "equity": 1662726,
            "current_ratio": 135.44,
            "debt_ratio": 33.7,
            "inventory_turnover_ratio": 3.02,
            "account_receivable_turnover_ratio": 1.15,
            "reinvestment_rate": null,
            "research_to_sale_ratio": null,
            "price_fair": 52.6,
            "eps_avg_yearly": 1.5,
            "eps_latest_yearly": 0.88,
            "eps_growth_yearly": 198.17
        },
        "20191": {
            "year_quarter": 20191,
            "year": 2019,
            "quarter": 1,
            "eps": 0.03,
            "eps_growth_year": -78.57,
            "eps_4q": 1.16,
            "eps_4q_growth_year": -7.03,
            "roe": 0.14,
            "roe_4q": 6.07,
            "gross_profit": 69217,
            "gross_margin": 12.48,
            "gross_margin_4q_avg": 14.73,
            "net_income": 2364,
            "net_income_4q": null,
            "revenue": 554401,
            "revenue_4q": null,
            "common_shares": 841154,
            "book_valuer_per_share": 19.88,
            "book_valuer_per_share_4q_avg": 19.54,
            "equity": 1672496,
            "current_ratio": 133.64,
            "debt_ratio": 31.56,
            "inventory_turnover_ratio": 2.83,
            "account_receivable_turnover_ratio": 1.15,
            "reinvestment_rate": null,
            "research_to_sale_ratio": null,
            "price_fair": 46.55,
            "eps_avg_yearly": 1.33,
            "eps_latest_yearly": 0.12,
            "eps_growth_yearly": 130.21
        },
        "20192": {
            "year_quarter": 20192,
            "year": 2019,
            "quarter": 2,
            "eps": 0.31,
            "eps_growth_year": -27.91,
            "eps_4q": 1.03,
            "eps_4q_growth_year": -19.32,
            "roe": 1.57,
            "roe_4q": 5.38,
            "gross_profit": 81329,
            "gross_margin": 13.92,
            "gross_margin_4q_avg": 14.68,
            "net_income": 26027,
            "net_income_4q": null,
            "revenue": 584066,
            "revenue_4q": null,
            "common_shares": 851484,
            "book_valuer_per_share": 19.39,
            "book_valuer_per_share_4q_avg": 19.6,
            "equity": 1650659,
            "current_ratio": 130.79,
            "debt_ratio": 32.85,
            "inventory_turnover_ratio": 3.35,
            "account_receivable_turnover_ratio": 1.41,
            "reinvestment_rate": -594.37,
            "research_to_sale_ratio": null,
            "price_fair": 46.2,
            "eps_avg_yearly": 1.32,
            "eps_latest_yearly": 1.24,
            "eps_growth_yearly": 530.56
        },
        "20193": {
            "year_quarter": 20193,
            "year": 2019,
            "quarter": 3,
            "eps": 0.27,
            "eps_growth_year": -44.9,
            "eps_4q": 0.83,
            "eps_4q_growth_year": -39.51,
            "roe": 1.4,
            "roe_4q": 4.26,
            "gross_profit": 99578,
            "gross_margin": 16.26,
            "gross_margin_4q_avg": 14.62,
            "net_income": 23285,
            "net_income_4q": null,
            "revenue": 612288,
            "revenue_4q": null,
            "common_shares": 851484,
            "book_valuer_per_share": 19.59,
            "book_valuer_per_share_4q_avg": 19.66,
            "equity": 1667861,
            "current_ratio": 142.71,
            "debt_ratio": 30.41,
            "inventory_turnover_ratio": 3.58,
            "account_receivable_turnover_ratio": 1.44,
            "reinvestment_rate": -315.19,
            "research_to_sale_ratio": null,
            "price_fair": 45.36,
            "eps_avg_yearly": 1.3,
            "eps_latest_yearly": 1.08,
            "eps_growth_yearly": 472.34
        },
        "20194": {
            "year_quarter": 20194,
            "year": 2019,
            "quarter": 4,
            "eps": 0.26,
            "eps_growth_year": 13.98,
            "eps_4q": 0.86,
            "eps_4q_growth_year": -31.96,
            "roe": 1.3,
            "roe_4q": 4.41,
            "gross_profit": 108334,
            "gross_margin": 18,
            "gross_margin_4q_avg": 15.17,
            "net_income": 21750,
            "net_income_4q": null,
            "revenue": 601966,
            "revenue_4q": null,
            "common_shares": 851484,
            "book_valuer_per_share": 19.67,
            "book_valuer_per_share_4q_avg": 19.63,
            "equity": 1673480,
            "current_ratio": 147.62,
            "debt_ratio": 28.87,
            "inventory_turnover_ratio": 3.08,
            "account_receivable_turnover_ratio": 1.42,
            "reinvestment_rate": -209.46,
            "research_to_sale_ratio": null,
            "price_fair": 44.55,
            "eps_avg_yearly": 1.27,
            "eps_latest_yearly": 1.04,
            "eps_growth_yearly": 428.06
        },
        "20201": {
            "year_quarter": 20201,
            "year": 2020,
            "quarter": 1,
            "eps": 0.04,
            "eps_growth_year": 33.33,
            "eps_4q": 0.97,
            "eps_4q_growth_year": -16.88,
            "roe": 0.21,
            "roe_4q": 4.48,
            "gross_profit": 60728,
            "gross_margin": 13.03,
            "gross_margin_4q_avg": 15.3,
            "net_income": 3388,
            "net_income_4q": null,
            "revenue": 466080,
            "revenue_4q": null,
            "common_shares": 770984,
            "book_valuer_per_share": 20.11,
            "book_valuer_per_share_4q_avg": 19.69,
            "equity": 1550247,
            "current_ratio": 149.18,
            "debt_ratio": 31.39,
            "inventory_turnover_ratio": 2.46,
            "account_receivable_turnover_ratio": 1.29,
            "reinvestment_rate": -109.72,
            "research_to_sale_ratio": null,
            "price_fair": 41.3,
            "eps_avg_yearly": 1.18,
            "eps_latest_yearly": 0.16,
            "eps_growth_yearly": 364.18
        },
        "20202": {
            "year_quarter": 20202,
            "year": 2020,
            "quarter": 2,
            "eps": 2.43,
            "eps_growth_year": 683.87,
            "eps_4q": 3.06,
            "eps_4q_growth_year": 196.76,
            "roe": 11.74,
            "roe_4q": 14.650000000000002,
            "gross_profit": 35340,
            "gross_margin": 10.08,
            "gross_margin_4q_avg": 14.34,
            "net_income": 187534,
            "net_income_4q": null,
            "revenue": 350680,
            "revenue_4q": null,
            "common_shares": 770984,
            "book_valuer_per_share": 21.33,
            "book_valuer_per_share_4q_avg": 20.18,
            "equity": 1644485,
            "current_ratio": 166.41,
            "debt_ratio": 29.49,
            "inventory_turnover_ratio": 2.11,
            "account_receivable_turnover_ratio": 1.21,
            "reinvestment_rate": -41.05,
            "research_to_sale_ratio": null,
            "price_fair": 64.29,
            "eps_avg_yearly": 1.84,
            "eps_latest_yearly": 9.72,
            "eps_growth_yearly": 2174.63
        },
        "20203": {
            "year_quarter": 20203,
            "year": 2020,
            "quarter": 3,
            "eps": 0.36,
            "eps_growth_year": 33.33,
            "eps_4q": 3.12,
            "eps_4q_growth_year": 276.53,
            "roe": 1.68,
            "roe_4q": 14.930000000000001,
            "gross_profit": 89788,
            "gross_margin": 16.69,
            "gross_margin_4q_avg": 14.45,
            "net_income": 27842,
            "net_income_4q": null,
            "revenue": 537928,
            "revenue_4q": null,
            "common_shares": 770984,
            "book_valuer_per_share": 21.67,
            "book_valuer_per_share_4q_avg": 20.7,
            "equity": 1670505,
            "current_ratio": 210.2,
            "debt_ratio": 31.69,
            "inventory_turnover_ratio": 3.31,
            "account_receivable_turnover_ratio": 1.64,
            "reinvestment_rate": 14.6,
            "research_to_sale_ratio": null,
            "price_fair": 63.3,
            "eps_avg_yearly": 1.81,
            "eps_latest_yearly": 1.44,
            "eps_growth_yearly": 1994.96
        },
        "20204": {
            "year_quarter": 20204,
            "year": 2020,
            "quarter": 4,
            "eps": -0.34,
            "eps_growth_year": -232.13,
            "eps_4q": 2.5,
            "eps_4q_growth_year": 189.71,
            "roe": -1.58,
            "roe_4q": 12.05,
            "gross_profit": 106904,
            "gross_margin": 19.37,
            "gross_margin_4q_avg": 14.79,
            "net_income": -26037,
            "net_income_4q": null,
            "revenue": 551893,
            "revenue_4q": null,
            "common_shares": 770984,
            "book_valuer_per_share": 21.15,
            "book_valuer_per_share_4q_avg": 21.07,
            "equity": 1630910,
            "current_ratio": 211.44,
            "debt_ratio": 33.52,
            "inventory_turnover_ratio": 3.17,
            "account_receivable_turnover_ratio": 1.5,
            "reinvestment_rate": 8.16,
            "research_to_sale_ratio": null,
            "price_fair": 63.3,
            "eps_avg_yearly": 1.81,
            "eps_latest_yearly": 1.44,
            "eps_growth_yearly": 1994.96
        },
        "20211": {
            "year_quarter": 20211,
            "year": 2021,
            "quarter": 1,
            "eps": 0.06,
            "eps_growth_year": 50,
            "eps_4q": 2.52,
            "eps_4q_growth_year": 161,
            "roe": 0.31,
            "roe_4q": 12.15,
            "gross_profit": 59689,
            "gross_margin": 15.72,
            "gross_margin_4q_avg": 15.47,
            "net_income": 4975,
            "net_income_4q": null,
            "revenue": 379772,
            "revenue_4q": null,
            "common_shares": 770984,
            "book_valuer_per_share": 21.14,
            "book_valuer_per_share_4q_avg": 21.32,
            "equity": 1629863,
            "current_ratio": 247.97,
            "debt_ratio": 29.24,
            "inventory_turnover_ratio": 1.76,
            "account_receivable_turnover_ratio": 1.33,
            "reinvestment_rate": 15.44,
            "research_to_sale_ratio": null,
            "price_fair": 63.3,
            "eps_avg_yearly": 1.81,
            "eps_latest_yearly": 1.44,
            "eps_growth_yearly": 1994.96
        },
        "20212": {
            "year_quarter": 20212,
            "year": 2021,
            "quarter": 2,
            "eps": 0.14,
            "eps_growth_year": -94.24,
            "eps_4q": 0.23,
            "eps_4q_growth_year": -92.4,
            "roe": 0.69,
            "roe_4q": 1.0999999999999999,
            "gross_profit": 87335,
            "gross_margin": 15.58,
            "gross_margin_4q_avg": 16.84,
            "net_income": 11154,
            "net_income_4q": null,
            "revenue": 560498,
            "revenue_4q": null,
            "common_shares": 770984,
            "book_valuer_per_share": 21.03,
            "book_valuer_per_share_4q_avg": 21.25,
            "equity": 1621454,
            "current_ratio": 211.56,
            "debt_ratio": 33.61,
            "inventory_turnover_ratio": 2.29,
            "account_receivable_turnover_ratio": 1.83,
            "reinvestment_rate": 6.79,
            "research_to_sale_ratio": null,
            "price_fair": 59.4,
            "eps_avg_yearly": 1.7,
            "eps_latest_yearly": 0.56,
            "eps_growth_yearly": 1953.46
        },
        "20213": {
            "year_quarter": 20213,
            "year": 2021,
            "quarter": 3,
            "eps": 0.29,
            "eps_growth_year": -19.44,
            "eps_4q": 0.16,
            "eps_4q_growth_year": -94.88,
            "roe": 1.42,
            "roe_4q": 0.8399999999999999,
            "gross_profit": 99763,
            "gross_margin": 17.91,
            "gross_margin_4q_avg": 17.15,
            "net_income": 22223,
            "net_income_4q": null,
            "revenue": 557095,
            "revenue_4q": null,
            "common_shares": 770984,
            "book_valuer_per_share": 19.64,
            "book_valuer_per_share_4q_avg": 20.74,
            "equity": 1513949,
            "current_ratio": 205.74,
            "debt_ratio": 34.16,
            "inventory_turnover_ratio": 2.22,
            "account_receivable_turnover_ratio": 1.37,
            "reinvestment_rate": -16.07,
            "research_to_sale_ratio": null,
            "price_fair": 57.4,
            "eps_avg_yearly": 1.64,
            "eps_latest_yearly": 1.16,
            "eps_growth_yearly": 1986.23
        },
        "20214": {
            "year_quarter": 20214,
            "year": 2021,
            "quarter": 4,
            "eps": 0.5,
            "eps_growth_year": null,
            "eps_4q": 1,
            "eps_4q_growth_year": -60.02,
            "roe": 2.53,
            "roe_4q": 4.949999999999999,
            "gross_profit": 98265,
            "gross_margin": 16.71,
            "gross_margin_4q_avg": 16.48,
            "net_income": 38706,
            "net_income_4q": null,
            "revenue": 588065,
            "revenue_4q": null,
            "common_shares": 770984,
            "book_valuer_per_share": 20.09,
            "book_valuer_per_share_4q_avg": 20.48,
            "equity": 1549064,
            "current_ratio": 227.4,
            "debt_ratio": 31.66,
            "inventory_turnover_ratio": 2.49,
            "account_receivable_turnover_ratio": 1.44,
            "reinvestment_rate": -23.2,
            "research_to_sale_ratio": null,
            "price_fair": 59.1,
            "eps_avg_yearly": 1.69,
            "eps_latest_yearly": 2,
            "eps_growth_yearly": 2016.25
        },
        "20221": {
            "year_quarter": 20221,
            "year": 2022,
            "quarter": 1,
            "eps": 0.34,
            "eps_growth_year": 466.67,
            "eps_4q": 1.28,
            "eps_4q_growth_year": -49.28,
            "roe": 1.68,
            "roe_4q": 6.32,
            "gross_profit": 82809,
            "gross_margin": 15.76,
            "gross_margin_4q_avg": 16.49,
            "net_income": 26474,
            "net_income_4q": null,
            "revenue": 525337,
            "revenue_4q": null,
            "common_shares": 770984,
            "book_valuer_per_share": 20.71,
            "book_valuer_per_share_4q_avg": 20.37,
            "equity": 1596876,
            "current_ratio": 252.99,
            "debt_ratio": 29.51,
            "inventory_turnover_ratio": 2.58,
            "account_receivable_turnover_ratio": 1.26,
            "reinvestment_rate": -21.84,
            "research_to_sale_ratio": null,
            "price_fair": 61.1,
            "eps_avg_yearly": 1.75,
            "eps_latest_yearly": 1.36,
            "eps_growth_yearly": 2023.56
        },
        "20222": {
            "year_quarter": 20222,
            "year": 2022,
            "quarter": 2,
            "eps": 0.58,
            "eps_growth_year": 314.29,
            "eps_4q": 1.71,
            "eps_4q_growth_year": 634.65,
            "roe": 2.76,
            "roe_4q": 8.389999999999999,
            "gross_profit": 109103,
            "gross_margin": 17.45,
            "gross_margin_4q_avg": 16.96,
            "net_income": 44349,
            "net_income_4q": null,
            "revenue": 625163,
            "revenue_4q": null,
            "common_shares": 770984,
            "book_valuer_per_share": 20.9,
            "book_valuer_per_share_4q_avg": 20.34,
            "equity": 1611545,
            "current_ratio": 232.13,
            "debt_ratio": 32.84,
            "inventory_turnover_ratio": 3.19,
            "account_receivable_turnover_ratio": 1.35,
            "reinvestment_rate": -32.91,
            "research_to_sale_ratio": null,
            "price_fair": 62.6,
            "eps_avg_yearly": 1.79,
            "eps_latest_yearly": 2.32,
            "eps_growth_yearly": 1984.54
        },
        "20223": {
            "year_quarter": 20223,
            "year": 2022,
            "quarter": 3,
            "eps": 0.93,
            "eps_growth_year": 220.69,
            "eps_4q": 2.35,
            "eps_4q_growth_year": 1371.54,
            "roe": 4.31,
            "roe_4q": 11.28,
            "gross_profit": 156451,
            "gross_margin": 20.55,
            "gross_margin_4q_avg": 17.62,
            "net_income": 71691,
            "net_income_4q": null,
            "revenue": 761373,
            "revenue_4q": null,
            "common_shares": 770984,
            "book_valuer_per_share": 22.24,
            "book_valuer_per_share_4q_avg": 20.99,
            "equity": 1715020,
            "current_ratio": 221.8,
            "debt_ratio": 39.06,
            "inventory_turnover_ratio": 3.25,
            "account_receivable_turnover_ratio": 1.35,
            "reinvestment_rate": -23.36,
            "research_to_sale_ratio": null,
            "price_fair": 67,
            "eps_avg_yearly": 1.91,
            "eps_latest_yearly": 3.72,
            "eps_growth_yearly": 1997.8
        },
        "20224": {
            "year_quarter": 20224,
            "year": 2022,
            "quarter": 4,
            "eps": 0.19,
            "eps_growth_year": -61.35,
            "eps_4q": 2,
            "eps_4q_growth_year": 100.32,
            "roe": 0.89,
            "roe_4q": 9.639999999999999,
            "gross_profit": 121348,
            "gross_margin": 16.02,
            "gross_margin_4q_avg": 17.45,
            "net_income": 15293,
            "net_income_4q": null,
            "revenue": 757279,
            "revenue_4q": null,
            "common_shares": 788184,
            "book_valuer_per_share": 21.87,
            "book_valuer_per_share_4q_avg": 21.43,
            "equity": 1723535,
            "current_ratio": 226.47,
            "debt_ratio": 37.86,
            "inventory_turnover_ratio": 3.18,
            "account_receivable_turnover_ratio": 1.28,
            "reinvestment_rate": -41.71,
            "research_to_sale_ratio": null,
            "price_fair": 66.7,
            "eps_avg_yearly": 1.91,
            "eps_latest_yearly": 0.76,
            "eps_growth_yearly": 1990.8
        },
        "20231": {
            "year_quarter": 20231,
            "year": 2023,
            "quarter": 1,
            "eps": 0.2,
            "eps_growth_year": -41.18,
            "eps_4q": 1.86,
            "eps_4q_growth_year": 45.85,
            "roe": 0.91,
            "roe_4q": 8.87,
            "gross_profit": 85644,
            "gross_margin": 14.96,
            "gross_margin_4q_avg": 17.25,
            "net_income": 15621,
            "net_income_4q": null,
            "revenue": 572459,
            "revenue_4q": null,
            "common_shares": 788184,
            "book_valuer_per_share": 21.68,
            "book_valuer_per_share_4q_avg": 21.67,
            "equity": 1708459,
            "current_ratio": 238.16,
            "debt_ratio": 36.73,
            "inventory_turnover_ratio": 2.7,
            "account_receivable_turnover_ratio": 1.11,
            "reinvestment_rate": -49.2,
            "research_to_sale_ratio": null,
            "price_fair": 68.4,
            "eps_avg_yearly": 1.95,
            "eps_latest_yearly": 0.8,
            "eps_growth_yearly": 2016.98
        },
        "20232": {
            "year_quarter": 20232,
            "year": 2023,
            "quarter": 2,
            "eps": 0.34,
            "eps_growth_year": -41.38,
            "eps_4q": 1.63,
            "eps_4q_growth_year": -4.38,
            "roe": 1.51,
            "roe_4q": 7.619999999999999,
            "gross_profit": 103472,
            "gross_margin": 18.08,
            "gross_margin_4q_avg": 17.4,
            "net_income": 26182,
            "net_income_4q": null,
            "revenue": 572371,
            "revenue_4q": null,
            "common_shares": 788184,
            "book_valuer_per_share": 22.33,
            "book_valuer_per_share_4q_avg": 22.03,
            "equity": 1760276,
            "current_ratio": 222.95,
            "debt_ratio": 35.16,
            "inventory_turnover_ratio": 2.91,
            "account_receivable_turnover_ratio": 1.22,
            "reinvestment_rate": -52.66,
            "research_to_sale_ratio": null,
            "price_fair": 68.7,
            "eps_avg_yearly": 1.96,
            "eps_latest_yearly": 1.36,
            "eps_growth_yearly": 1770.32
        },
        "20233": {
            "year_quarter": 20233,
            "year": 2023,
            "quarter": 3,
            "eps": 0.5,
            "eps_growth_year": -46.24,
            "eps_4q": 1.21,
            "eps_4q_growth_year": -48.41,
            "roe": 2.15,
            "roe_4q": 5.46,
            "gross_profit": 108769,
            "gross_margin": 17.6,
            "gross_margin_4q_avg": 16.67,
            "net_income": 38476,
            "net_income_4q": null,
            "revenue": 618160,
            "revenue_4q": null,
            "common_shares": 788184,
            "book_valuer_per_share": 23.16,
            "book_valuer_per_share_4q_avg": 22.26,
            "equity": 1825305,
            "current_ratio": 237.16,
            "debt_ratio": 32.43,
            "inventory_turnover_ratio": 3.43,
            "account_receivable_turnover_ratio": 1.29,
            "reinvestment_rate": -43.21,
            "research_to_sale_ratio": null,
            "price_fair": 71,
            "eps_avg_yearly": 2.03,
            "eps_latest_yearly": 2,
            "eps_growth_yearly": 1787.45
        }
    },
    "months": {
        "2005-12": {
            "month": "2005-12",
            "price": "59.24",
            "revenue": 104174
        },
        "2006-01": {
            "month": "2006-01",
            "price": "73.49",
            "revenue": 65258
        },
        "2006-02": {
            "month": "2006-02",
            "price": "70.91",
            "revenue": 87861
        },
        "2006-03": {
            "month": "2006-03",
            "price": "70.83",
            "revenue": 107153
        },
        "2006-04": {
            "month": "2006-04",
            "price": "72.25",
            "revenue": 93475
        },
        "2006-05": {
            "month": "2006-05",
            "price": "77.67",
            "revenue": 136814
        },
        "2006-06": {
            "month": "2006-06",
            "price": "78.77",
            "revenue": 145909
        },
        "2006-07": {
            "month": "2006-07",
            "price": "72.04",
            "revenue": 109150
        },
        "2006-08": {
            "month": "2006-08",
            "price": "62.60",
            "revenue": 139114
        },
        "2006-09": {
            "month": "2006-09",
            "price": "59.67",
            "revenue": 176660
        },
        "2006-10": {
            "month": "2006-10",
            "price": "63.16",
            "revenue": 133000
        },
        "2006-11": {
            "month": "2006-11",
            "price": "64.97",
            "revenue": 122145
        },
        "2006-12": {
            "month": "2006-12",
            "price": "69.76",
            "revenue": 128457
        },
        "2007-01": {
            "month": "2007-01",
            "price": "70.66",
            "revenue": 99916
        },
        "2007-02": {
            "month": "2007-02",
            "price": "71.95",
            "revenue": 66154
        },
        "2007-03": {
            "month": "2007-03",
            "price": "74.70",
            "revenue": 95928
        },
        "2007-04": {
            "month": "2007-04",
            "price": "84.06",
            "revenue": 111782
        },
        "2007-05": {
            "month": "2007-05",
            "price": "82.73",
            "revenue": 105172
        },
        "2007-06": {
            "month": "2007-06",
            "price": "89.46",
            "revenue": 143391
        },
        "2007-07": {
            "month": "2007-07",
            "price": "83.11",
            "revenue": 129526
        },
        "2007-08": {
            "month": "2007-08",
            "price": "80.23",
            "revenue": 102884
        },
        "2007-09": {
            "month": "2007-09",
            "price": "74.10",
            "revenue": 115922
        },
        "2007-10": {
            "month": "2007-10",
            "price": "69.07",
            "revenue": 155947
        },
        "2007-11": {
            "month": "2007-11",
            "price": "57.83",
            "revenue": 182739
        },
        "2007-12": {
            "month": "2007-12",
            "price": "48.30",
            "revenue": 170389
        },
        "2008-01": {
            "month": "2008-01",
            "price": "42.90",
            "revenue": 139786
        },
        "2008-02": {
            "month": "2008-02",
            "price": "46.38",
            "revenue": 163855
        },
        "2008-03": {
            "month": "2008-03",
            "price": "40.37",
            "revenue": 178950
        },
        "2008-04": {
            "month": "2008-04",
            "price": "40.85",
            "revenue": 184262
        },
        "2008-05": {
            "month": "2008-05",
            "price": "37.36",
            "revenue": 154783
        },
        "2008-06": {
            "month": "2008-06",
            "price": "28.38",
            "revenue": 171413
        },
        "2008-07": {
            "month": "2008-07",
            "price": "21.97",
            "revenue": 222326
        },
        "2008-08": {
            "month": "2008-08",
            "price": "24.99",
            "revenue": 230415
        },
        "2008-09": {
            "month": "2008-09",
            "price": "18.23",
            "revenue": 228626
        },
        "2008-10": {
            "month": "2008-10",
            "price": "16.79",
            "revenue": 254925
        },
        "2008-11": {
            "month": "2008-11",
            "price": "14.66",
            "revenue": 177423
        },
        "2008-12": {
            "month": "2008-12",
            "price": "12.95",
            "revenue": 118097
        },
        "2009-01": {
            "month": "2009-01",
            "price": "11.46",
            "revenue": 93532
        },
        "2009-02": {
            "month": "2009-02",
            "price": "11.92",
            "revenue": 99216
        },
        "2009-03": {
            "month": "2009-03",
            "price": "14.28",
            "revenue": 90543
        },
        "2009-04": {
            "month": "2009-04",
            "price": "15.03",
            "revenue": 110854
        },
        "2009-05": {
            "month": "2009-05",
            "price": "15.83",
            "revenue": 98780
        },
        "2009-06": {
            "month": "2009-06",
            "price": "16.97",
            "revenue": 102111
        },
        "2009-07": {
            "month": "2009-07",
            "price": "16.56",
            "revenue": 122339
        },
        "2009-08": {
            "month": "2009-08",
            "price": "16.49",
            "revenue": 121713
        },
        "2009-09": {
            "month": "2009-09",
            "price": "16.14",
            "revenue": 119801
        },
        "2009-10": {
            "month": "2009-10",
            "price": "17.99",
            "revenue": 139967
        },
        "2009-11": {
            "month": "2009-11",
            "price": "17.51",
            "revenue": 126371
        },
        "2009-12": {
            "month": "2009-12",
            "price": "18.69",
            "revenue": 140277
        },
        "2010-01": {
            "month": "2010-01",
            "price": "19.38",
            "revenue": 136376
        },
        "2010-02": {
            "month": "2010-02",
            "price": "17.80",
            "revenue": 76749
        },
        "2010-03": {
            "month": "2010-03",
            "price": "18.62",
            "revenue": 154167
        },
        "2010-04": {
            "month": "2010-04",
            "price": "23.35",
            "revenue": 162056
        },
        "2010-05": {
            "month": "2010-05",
            "price": "18.89",
            "revenue": 144361
        },
        "2010-06": {
            "month": "2010-06",
            "price": "16.62",
            "revenue": 157519
        },
        "2010-07": {
            "month": "2010-07",
            "price": "17.60",
            "revenue": 172920
        },
        "2010-08": {
            "month": "2010-08",
            "price": "18.11",
            "revenue": 167607
        },
        "2010-09": {
            "month": "2010-09",
            "price": "19.05",
            "revenue": 189300
        },
        "2010-10": {
            "month": "2010-10",
            "price": "19.38",
            "revenue": 197574
        },
        "2010-11": {
            "month": "2010-11",
            "price": "17.45",
            "revenue": 197345
        },
        "2010-12": {
            "month": "2010-12",
            "price": "17.82",
            "revenue": 181121
        },
        "2011-01": {
            "month": "2011-01",
            "price": "18.28",
            "revenue": 143749
        },
        "2011-02": {
            "month": "2011-02",
            "price": "19.81",
            "revenue": 155547
        },
        "2011-03": {
            "month": "2011-03",
            "price": "20.21",
            "revenue": 186981
        },
        "2011-04": {
            "month": "2011-04",
            "price": "19.71",
            "revenue": 144818
        },
        "2011-05": {
            "month": "2011-05",
            "price": "19.11",
            "revenue": 147446
        },
        "2011-06": {
            "month": "2011-06",
            "price": "18.55",
            "revenue": 179523
        },
        "2011-07": {
            "month": "2011-07",
            "price": "16.82",
            "revenue": 214264
        },
        "2011-08": {
            "month": "2011-08",
            "price": "14.70",
            "revenue": 204630
        },
        "2011-09": {
            "month": "2011-09",
            "price": "13.52",
            "revenue": 192865
        },
        "2011-10": {
            "month": "2011-10",
            "price": "13.84",
            "revenue": 189656
        },
        "2011-11": {
            "month": "2011-11",
            "price": "12.29",
            "revenue": 197051
        },
        "2011-12": {
            "month": "2011-12",
            "price": "10.49",
            "revenue": 172854
        },
        "2012-01": {
            "month": "2012-01",
            "price": "11.08",
            "revenue": 115425
        },
        "2012-02": {
            "month": "2012-02",
            "price": "13.67",
            "revenue": 178487
        },
        "2012-03": {
            "month": "2012-03",
            "price": "13.27",
            "revenue": 208260
        },
        "2012-04": {
            "month": "2012-04",
            "price": "12.23",
            "revenue": 169055
        },
        "2012-05": {
            "month": "2012-05",
            "price": "12.01",
            "revenue": 173852
        },
        "2012-06": {
            "month": "2012-06",
            "price": "11.86",
            "revenue": 173526
        },
        "2012-07": {
            "month": "2012-07",
            "price": "11.70",
            "revenue": 174383
        },
        "2012-08": {
            "month": "2012-08",
            "price": "11.14",
            "revenue": 184283
        },
        "2012-09": {
            "month": "2012-09",
            "price": "11.18",
            "revenue": 180045
        },
        "2012-10": {
            "month": "2012-10",
            "price": "10.40",
            "revenue": 186334
        },
        "2012-11": {
            "month": "2012-11",
            "price": "9.75",
            "revenue": 165901
        },
        "2012-12": {
            "month": "2012-12",
            "price": "9.62",
            "revenue": 177779
        },
        "2013-01": {
            "month": "2013-01",
            "price": "9.92",
            "revenue": 187147
        },
        "2013-02": {
            "month": "2013-02",
            "price": "10.06",
            "revenue": 108901
        },
        "2013-03": {
            "month": "2013-03",
            "price": "10.33",
            "revenue": 195912
        },
        "2013-04": {
            "month": "2013-04",
            "price": "10.19",
            "revenue": 145650
        },
        "2013-05": {
            "month": "2013-05",
            "price": "10.74",
            "revenue": 159762
        },
        "2013-06": {
            "month": "2013-06",
            "price": "10.84",
            "revenue": 158683
        },
        "2013-07": {
            "month": "2013-07",
            "price": "10.75",
            "revenue": 182261
        },
        "2013-08": {
            "month": "2013-08",
            "price": "10.34",
            "revenue": 175618
        },
        "2013-09": {
            "month": "2013-09",
            "price": "10.23",
            "revenue": 176993
        },
        "2013-10": {
            "month": "2013-10",
            "price": "10.20",
            "revenue": 212775
        },
        "2013-11": {
            "month": "2013-11",
            "price": "9.98",
            "revenue": 205841
        },
        "2013-12": {
            "month": "2013-12",
            "price": "10.27",
            "revenue": 232268
        },
        "2014-01": {
            "month": "2014-01",
            "price": "12.84",
            "revenue": 161738
        },
        "2014-02": {
            "month": "2014-02",
            "price": "14.48",
            "revenue": 180930
        },
        "2014-03": {
            "month": "2014-03",
            "price": "14.49",
            "revenue": 221138
        },
        "2014-04": {
            "month": "2014-04",
            "price": "15.82",
            "revenue": 180721
        },
        "2014-05": {
            "month": "2014-05",
            "price": "15.08",
            "revenue": 167739
        },
        "2014-06": {
            "month": "2014-06",
            "price": "15.50",
            "revenue": 192207
        },
        "2014-07": {
            "month": "2014-07",
            "price": "16.44",
            "revenue": 178816
        },
        "2014-08": {
            "month": "2014-08",
            "price": "17.35",
            "revenue": 171324
        },
        "2014-09": {
            "month": "2014-09",
            "price": "16.60",
            "revenue": 153403
        },
        "2014-10": {
            "month": "2014-10",
            "price": "13.89",
            "revenue": 146552
        },
        "2014-11": {
            "month": "2014-11",
            "price": "12.94",
            "revenue": 152673
        },
        "2014-12": {
            "month": "2014-12",
            "price": "13.46",
            "revenue": 184163
        },
        "2015-01": {
            "month": "2015-01",
            "price": "13.95",
            "revenue": 186961
        },
        "2015-02": {
            "month": "2015-02",
            "price": "13.90",
            "revenue": 95604
        },
        "2015-03": {
            "month": "2015-03",
            "price": "14.17",
            "revenue": 138782
        },
        "2015-04": {
            "month": "2015-04",
            "price": "12.88",
            "revenue": 113534
        },
        "2015-05": {
            "month": "2015-05",
            "price": "11.34",
            "revenue": 124422
        },
        "2015-06": {
            "month": "2015-06",
            "price": "9.68",
            "revenue": 129558
        },
        "2015-07": {
            "month": "2015-07",
            "price": "8.78",
            "revenue": 137718
        },
        "2015-08": {
            "month": "2015-08",
            "price": "7.46",
            "revenue": 146153
        },
        "2015-09": {
            "month": "2015-09",
            "price": "8.10",
            "revenue": 153681
        },
        "2015-10": {
            "month": "2015-10",
            "price": "8.52",
            "revenue": 211943
        },
        "2015-11": {
            "month": "2015-11",
            "price": "8.34",
            "revenue": 196164
        },
        "2015-12": {
            "month": "2015-12",
            "price": "8.06",
            "revenue": 192008
        },
        "2016-01": {
            "month": "2016-01",
            "price": "7.63",
            "revenue": 188008
        },
        "2016-02": {
            "month": "2016-02",
            "price": "7.88",
            "revenue": 123931
        },
        "2016-03": {
            "month": "2016-03",
            "price": "8.13",
            "revenue": 134432
        },
        "2016-04": {
            "month": "2016-04",
            "price": "7.87",
            "revenue": 119188
        },
        "2016-05": {
            "month": "2016-05",
            "price": "8.00",
            "revenue": 116116
        },
        "2016-06": {
            "month": "2016-06",
            "price": "9.58",
            "revenue": 117412
        },
        "2016-07": {
            "month": "2016-07",
            "price": "10.82",
            "revenue": 139263
        },
        "2016-08": {
            "month": "2016-08",
            "price": "10.07",
            "revenue": 172722
        },
        "2016-09": {
            "month": "2016-09",
            "price": "9.49",
            "revenue": 154826
        },
        "2016-10": {
            "month": "2016-10",
            "price": "8.40",
            "revenue": 169528
        },
        "2016-11": {
            "month": "2016-11",
            "price": "7.91",
            "revenue": 183515
        },
        "2016-12": {
            "month": "2016-12",
            "price": "8.37",
            "revenue": 172492
        },
        "2017-01": {
            "month": "2017-01",
            "price": "8.23",
            "revenue": 147738
        },
        "2017-02": {
            "month": "2017-02",
            "price": "9.24",
            "revenue": 142862
        },
        "2017-03": {
            "month": "2017-03",
            "price": "10.56",
            "revenue": 192272
        },
        "2017-04": {
            "month": "2017-04",
            "price": "12.52",
            "revenue": 160131
        },
        "2017-05": {
            "month": "2017-05",
            "price": "13.72",
            "revenue": 160322
        },
        "2017-06": {
            "month": "2017-06",
            "price": "17.41",
            "revenue": 188195
        },
        "2017-07": {
            "month": "2017-07",
            "price": "17.45",
            "revenue": 206159
        },
        "2017-08": {
            "month": "2017-08",
            "price": "17.23",
            "revenue": 228718
        },
        "2017-09": {
            "month": "2017-09",
            "price": "20.26",
            "revenue": 221323
        },
        "2017-10": {
            "month": "2017-10",
            "price": "20.72",
            "revenue": 216358
        },
        "2017-11": {
            "month": "2017-11",
            "price": "18.57",
            "revenue": 220129
        },
        "2017-12": {
            "month": "2017-12",
            "price": "17.89",
            "revenue": 205742
        },
        "2018-01": {
            "month": "2018-01",
            "price": "19.16",
            "revenue": 219786
        },
        "2018-02": {
            "month": "2018-02",
            "price": "17.73",
            "revenue": 174183
        },
        "2018-03": {
            "month": "2018-03",
            "price": "17.72",
            "revenue": 209056
        },
        "2018-04": {
            "month": "2018-04",
            "price": "16.88",
            "revenue": 189187
        },
        "2018-05": {
            "month": "2018-05",
            "price": "15.87",
            "revenue": 222740
        },
        "2018-06": {
            "month": "2018-06",
            "price": "17.08",
            "revenue": 257374
        },
        "2018-07": {
            "month": "2018-07",
            "price": "17.51",
            "revenue": 266129
        },
        "2018-08": {
            "month": "2018-08",
            "price": "17.91",
            "revenue": 262437
        },
        "2018-09": {
            "month": "2018-09",
            "price": "16.89",
            "revenue": 273897
        },
        "2018-10": {
            "month": "2018-10",
            "price": "15.25",
            "revenue": 262820
        },
        "2018-11": {
            "month": "2018-11",
            "price": "15.22",
            "revenue": 240745
        },
        "2018-12": {
            "month": "2018-12",
            "price": "15.26",
            "revenue": 207409
        },
        "2019-01": {
            "month": "2019-01",
            "price": "15.01",
            "revenue": 220428
        },
        "2019-02": {
            "month": "2019-02",
            "price": "15.00",
            "revenue": 136943
        },
        "2019-03": {
            "month": "2019-03",
            "price": "15.14",
            "revenue": 197116
        },
        "2019-04": {
            "month": "2019-04",
            "price": "16.02",
            "revenue": 187930
        },
        "2019-05": {
            "month": "2019-05",
            "price": "15.52",
            "revenue": 195718
        },
        "2019-06": {
            "month": "2019-06",
            "price": "14.45",
            "revenue": 198601
        },
        "2019-07": {
            "month": "2019-07",
            "price": "14.75",
            "revenue": 211265
        },
        "2019-08": {
            "month": "2019-08",
            "price": "14.77",
            "revenue": 201963
        },
        "2019-09": {
            "month": "2019-09",
            "price": "14.36",
            "revenue": 197107
        },
        "2019-10": {
            "month": "2019-10",
            "price": "14.38",
            "revenue": 209998
        },
        "2019-11": {
            "month": "2019-11",
            "price": "14.48",
            "revenue": 208551
        },
        "2019-12": {
            "month": "2019-12",
            "price": "14.79",
            "revenue": 186661
        },
        "2020-01": {
            "month": "2020-01",
            "price": "15.28",
            "revenue": 161999
        },
        "2020-02": {
            "month": "2020-02",
            "price": "15.19",
            "revenue": 152488
        },
        "2020-03": {
            "month": "2020-03",
            "price": "14.16",
            "revenue": 152811
        },
        "2020-04": {
            "month": "2020-04",
            "price": "14.40",
            "revenue": 94184
        },
        "2020-05": {
            "month": "2020-05",
            "price": "15.23",
            "revenue": 105967
        },
        "2020-06": {
            "month": "2020-06",
            "price": "15.86",
            "revenue": 149217
        },
        "2020-07": {
            "month": "2020-07",
            "price": "15.74",
            "revenue": 177822
        },
        "2020-08": {
            "month": "2020-08",
            "price": "15.95",
            "revenue": 164372
        },
        "2020-09": {
            "month": "2020-09",
            "price": "17.83",
            "revenue": 198980
        },
        "2020-10": {
            "month": "2020-10",
            "price": "17.96",
            "revenue": 193647
        },
        "2020-11": {
            "month": "2020-11",
            "price": "20.67",
            "revenue": 178490
        },
        "2020-12": {
            "month": "2020-12",
            "price": "22.24",
            "revenue": 175337
        },
        "2021-01": {
            "month": "2021-01",
            "price": "24.56",
            "revenue": 175544
        },
        "2021-02": {
            "month": "2021-02",
            "price": "23.47",
            "revenue": 78341
        },
        "2021-03": {
            "month": "2021-03",
            "price": "24.45",
            "revenue": 123105
        },
        "2021-04": {
            "month": "2021-04",
            "price": "25.64",
            "revenue": 187035
        },
        "2021-05": {
            "month": "2021-05",
            "price": "22.83",
            "revenue": 183841
        },
        "2021-06": {
            "month": "2021-06",
            "price": "23.17",
            "revenue": 189567
        },
        "2021-07": {
            "month": "2021-07",
            "price": "24.09",
            "revenue": 194341
        },
        "2021-08": {
            "month": "2021-08",
            "price": "22.49",
            "revenue": 193765
        },
        "2021-09": {
            "month": "2021-09",
            "price": "22.05",
            "revenue": 178411
        },
        "2021-10": {
            "month": "2021-10",
            "price": "20.96",
            "revenue": 207467
        },
        "2021-11": {
            "month": "2021-11",
            "price": "20.80",
            "revenue": 203362
        },
        "2021-12": {
            "month": "2021-12",
            "price": "20.80",
            "revenue": 180180
        },
        "2022-01": {
            "month": "2022-01",
            "price": "21.06",
            "revenue": 183588
        },
        "2022-02": {
            "month": "2022-02",
            "price": "20.48",
            "revenue": 146316
        },
        "2022-03": {
            "month": "2022-03",
            "price": "19.68",
            "revenue": 195442
        },
        "2022-04": {
            "month": "2022-04",
            "price": "19.56",
            "revenue": 200544
        },
        "2022-05": {
            "month": "2022-05",
            "price": "19.39",
            "revenue": 203868
        },
        "2022-06": {
            "month": "2022-06",
            "price": "19.68",
            "revenue": 220750
        },
        "2022-07": {
            "month": "2022-07",
            "price": "20.02",
            "revenue": 248172
        },
        "2022-08": {
            "month": "2022-08",
            "price": "25.13",
            "revenue": 255096
        },
        "2022-09": {
            "month": "2022-09",
            "price": "26.27",
            "revenue": 258105
        },
        "2022-10": {
            "month": "2022-10",
            "price": "23.26",
            "revenue": 299080
        },
        "2022-11": {
            "month": "2022-11",
            "price": "25.30",
            "revenue": 250749
        },
        "2022-12": {
            "month": "2022-12",
            "price": "26.24",
            "revenue": 207591
        },
        "2023-01": {
            "month": "2023-01",
            "price": "25.83",
            "revenue": 173776
        },
        "2023-02": {
            "month": "2023-02",
            "price": "29.54",
            "revenue": 197331
        },
        "2023-03": {
            "month": "2023-03",
            "price": "28.45",
            "revenue": 201352
        },
        "2023-04": {
            "month": "2023-04",
            "price": "26.67",
            "revenue": 176549
        },
        "2023-05": {
            "month": "2023-05",
            "price": "25.39",
            "revenue": 199440
        },
        "2023-06": {
            "month": "2023-06",
            "price": "24.35",
            "revenue": 196381
        },
        "2023-07": {
            "month": "2023-07",
            "price": "24.09",
            "revenue": 202210
        },
        "2023-08": {
            "month": "2023-08",
            "price": "22.30",
            "revenue": 197848
        },
        "2023-09": {
            "month": "2023-09",
            "price": "22.09",
            "revenue": 217748
        },
        "2023-10": {
            "month": "2023-10",
            "price": "21.08",
            "revenue": 190371
        },
        "2023-11": {
            "month": "2023-11",
            "price": "20.75",
            "revenue": 183026
        },
        "2023-12": {
            "month": "2023-12",
            "price": "21.48",
            "revenue": 179250
        }
    }
}
