{
    "summary": {
        "stock_name": "再生-KY",
        "stock_id": "1337",
        "category": "塑膠",
        "main_business": "以廢塑膠再生運用以產製EVA之共混發泡製品之製造及銷售",
        "website_url": "http://asia-recycle.com",
        "ceo": "丁金礦",
        "pe_ratio": -5,
        "report_year_from": 2010,
        "report_year_to": 2023,
        "age": 14,
        "eps_negative_percentage": 46,
        "eps_growth_avg": {
            "last_all": -36.04,
            "last_2y": null,
            "last_4y": null,
            "last_8y": -55.33,
            "last_12y": null,
            "last_16y": null,
            "last_20y": null,
            "at_2006_last_3y": null,
            "at_2007_last_3y": null,
            "at_2008_last_3y": null,
            "at_2009_last_3y": null,
            "at_2010_last_3y": null,
            "at_2011_last_3y": null,
            "at_2012_last_3y": null,
            "at_2013_last_3y": null,
            "at_2014_last_3y": null,
            "at_2015_last_3y": -24.96,
            "at_2016_last_3y": -30.72,
            "at_2017_last_3y": -36.96,
            "at_2018_last_3y": -55.33,
            "at_2019_last_3y": -50.82,
            "at_2020_last_3y": -77.88,
            "at_2021_last_3y": -100,
            "at_2022_last_3y": null,
            "at_2023_last_3y": null,
            "at_2024_last_3y": null,
            "at_2006_last_all": null,
            "at_2007_last_all": null,
            "at_2008_last_all": null,
            "at_2009_last_all": null,
            "at_2010_last_all": null,
            "at_2011_last_all": null,
            "at_2012_last_all": null,
            "at_2013_last_all": -2.23,
            "at_2014_last_all": -10.33,
            "at_2015_last_all": -24.96,
            "at_2016_last_all": -19.31,
            "at_2017_last_all": -25.38,
            "at_2018_last_all": -36.04,
            "at_2019_last_all": -36.04,
            "at_2020_last_all": -36.04,
            "at_2021_last_all": -36.04,
            "at_2022_last_all": -36.04,
            "at_2023_last_all": -36.04,
            "at_2024_last_all": -36.04
        },
        "latest_eps": -1.56,
        "latest_price": 7.55,
        "latest_roe": -8.68,
        "latest_gross_margin": -17.69,
        "latest_equity": 4597377,
        "latest_revenue": 204607,
        "latest_gross_profit": -36202,
        "latest_net_income": -120106,
        "latest_debt_ratio": 3.56,
        "latest_current_ratio": 2170.25,
        "latest_account_receivable_turnover_ratio": 1.64,
        "latest_inventory_turnover_ratio": 2.49,
        "latest_reinvestment_rate": null,
        "latest_research_to_sale_ratio": 2.4
    },
    "eps_dividends": {
        "2001": {
            "cash": 0,
            "stock": 0,
            "eps": 0
        },
        "2002": {
            "cash": 0,
            "stock": 0,
            "eps": 0
        },
        "2003": {
            "cash": 0,
            "stock": 0,
            "eps": 0
        },
        "2004": {
            "cash": 0,
            "stock": 0,
            "eps": 0
        },
        "2005": {
            "cash": 0,
            "stock": 0,
            "eps": 0
        },
        "2006": {
            "cash": 0,
            "stock": 0,
            "eps": 0
        },
        "2007": {
            "cash": 0,
            "stock": 0,
            "eps": 0
        },
        "2008": {
            "cash": 0,
            "stock": 0,
            "eps": 0
        },
        "2009": {
            "cash": 0,
            "stock": 0,
            "eps": 0
        },
        "2010": {
            "cash": 0,
            "stock": 0,
            "eps": 0
        },
        "2011": {
            "cash": 3.52,
            "stock": 1.5,
            "eps": 7.55
        },
        "2012": {
            "cash": 0,
            "stock": 0,
            "eps": 9.54
        },
        "2013": {
            "cash": 3.6,
            "stock": 1.4,
            "eps": 6.6
        },
        "2014": {
            "cash": 1,
            "stock": 2.5,
            "eps": 4.85
        },
        "2015": {
            "cash": 0.04,
            "stock": 0.39,
            "eps": 1.51
        },
        "2016": {
            "cash": 0.3,
            "stock": 0.2,
            "eps": 1.56
        },
        "2017": {
            "cash": 0.01,
            "stock": 0.06,
            "eps": 0.69
        },
        "2018": {
            "cash": 0,
            "stock": 0.03,
            "eps": -7.03
        },
        "2019": {
            "cash": 0,
            "stock": 0,
            "eps": -2.39
        },
        "2020": {
            "cash": 0,
            "stock": 0,
            "eps": -4.88
        },
        "2021": {
            "cash": 0,
            "stock": 0,
            "eps": -1.71
        },
        "2022": {
            "cash": 0,
            "stock": 0,
            "eps": -1.77
        },
        "2023": {
            "cash": 0,
            "stock": 0,
            "eps": -1.13
        }
    },
    "dividends": {
        "2011-01-01": {
            "cash": 3.52,
            "stock": 1.5
        },
        "2013-03-18": {
            "cash": 3.6,
            "stock": 1.4
        },
        "2014-11-28": {
            "cash": 1,
            "stock": 2.5
        },
        "2015-08-14": {
            "cash": 0.04,
            "stock": 0.39
        },
        "2016-11-30": {
            "cash": 0.3,
            "stock": 0.2
        },
        "2017-09-29": {
            "cash": 0.01,
            "stock": 0.06
        },
        "2018-09-28": {
            "cash": 0,
            "stock": 0.03
        }
    },
    "prices": {
        "200101": "無",
        "200102": "無",
        "200103": "無",
        "200104": "無",
        "200105": "無",
        "200106": "無",
        "200107": "無",
        "200108": "無",
        "200109": "無",
        "200110": "無",
        "200111": "無",
        "200112": "無",
        "200201": "無",
        "200202": "無",
        "200203": "無",
        "200204": "無",
        "200205": "無",
        "200206": "無",
        "200207": "無",
        "200208": "無",
        "200209": "無",
        "200210": "無",
        "200211": "無",
        "200212": "無",
        "200301": "無",
        "200302": "無",
        "200303": "無",
        "200304": "無",
        "200305": "無",
        "200306": "無",
        "200307": "無",
        "200308": "無",
        "200309": "無",
        "200310": "無",
        "200311": "無",
        "200312": "無",
        "200401": "無",
        "200402": "無",
        "200403": "無",
        "200404": "無",
        "200405": "無",
        "200406": "無",
        "200407": "無",
        "200408": "無",
        "200409": "無",
        "200410": "無",
        "200411": "無",
        "200412": "無",
        "200501": "無",
        "200502": "無",
        "200503": "無",
        "200504": "無",
        "200505": "無",
        "200506": "無",
        "200507": "無",
        "200508": "無",
        "200509": "無",
        "200510": "無",
        "200511": "無",
        "200512": "無",
        "200601": "無",
        "200602": "無",
        "200603": "無",
        "200604": "無",
        "200605": "無",
        "200606": "無",
        "200607": "無",
        "200608": "無",
        "200609": "無",
        "200610": "無",
        "200611": "無",
        "200612": "無",
        "200701": "無",
        "200702": "無",
        "200703": "無",
        "200704": "無",
        "200705": "無",
        "200706": "無",
        "200707": "無",
        "200708": "無",
        "200709": "無",
        "200710": "無",
        "200711": "無",
        "200712": "無",
        "200801": "無",
        "200802": "無",
        "200803": "無",
        "200804": "無",
        "200805": "無",
        "200806": "無",
        "200807": "無",
        "200808": "無",
        "200809": "無",
        "200810": "無",
        "200811": "無",
        "200812": "無",
        "200901": "無",
        "200902": "無",
        "200903": "無",
        "200904": "無",
        "200905": "無",
        "200906": "無",
        "200907": "無",
        "200908": "無",
        "200909": "無",
        "200910": "無",
        "200911": "無",
        "200912": "無",
        "201001": "無",
        "201002": "無",
        "201003": "無",
        "201004": "無",
        "201005": "無",
        "201006": "無",
        "201007": "無",
        "201008": "無",
        "201009": "無",
        "201010": "無",
        "201011": "無",
        "201012": "無",
        "201101": "無",
        "201102": "無",
        "201103": "無",
        "201104": "無",
        "201105": "無",
        "201106": "無",
        "201107": "125.97",
        "201108": "91.86",
        "201109": "78.85",
        "201110": "72.96",
        "201111": "78.49",
        "201112": "66.74",
        "201201": "65.51",
        "201202": "76.76",
        "201203": "87.00",
        "201204": "81.31",
        "201205": "88.95",
        "201206": "88.14",
        "201207": "82.54",
        "201208": "92.93",
        "201209": "94.58",
        "201210": "93.34",
        "201211": "84.90",
        "201212": "84.96",
        "201301": "84.55",
        "201302": "85.42",
        "201303": "80.54",
        "201304": "79.64",
        "201305": "80.28",
        "201306": "78.69",
        "201307": "77.87",
        "201308": "78.81",
        "201309": "80.64",
        "201310": "84.25",
        "201311": "85.74",
        "201312": "90.25",
        "201401": "93.76",
        "201402": "90.11",
        "201403": "89.18",
        "201404": "84.74",
        "201405": "68.03",
        "201406": "62.40",
        "201407": "46.88",
        "201408": "44.07",
        "201409": "45.49",
        "201410": "37.89",
        "201411": "35.47",
        "201412": "35.62",
        "201501": "36.85",
        "201502": "36.88",
        "201503": "35.26",
        "201504": "30.02",
        "201505": "22.25",
        "201506": "19.66",
        "201507": "17.35",
        "201508": "13.62",
        "201509": "14.54",
        "201510": "20.31",
        "201511": "21.48",
        "201512": "18.76",
        "201601": "16.37",
        "201602": "18.03",
        "201603": "19.38",
        "201604": "19.52",
        "201605": "18.25",
        "201606": "18.62",
        "201607": "18.70",
        "201608": "19.00",
        "201609": "18.62",
        "201610": "18.32",
        "201611": "17.19",
        "201612": "17.04",
        "201701": "17.71",
        "201702": "17.34",
        "201703": "16.56",
        "201704": "15.27",
        "201705": "13.57",
        "201706": "13.61",
        "201707": "13.70",
        "201708": "13.82",
        "201709": "13.23",
        "201710": "12.89",
        "201711": "12.79",
        "201712": "12.43",
        "201801": "13.24",
        "201802": "12.06",
        "201803": "11.36",
        "201804": "11.34",
        "201805": "10.60",
        "201806": "10.49",
        "201807": "9.08",
        "201808": "8.58",
        "201809": "8.06",
        "201810": "7.00",
        "201811": "6.67",
        "201812": "6.81",
        "201901": "6.58",
        "201902": "7.14",
        "201903": "7.15",
        "201904": "7.46",
        "201905": "7.12",
        "201906": "6.69",
        "201907": "6.10",
        "201908": "5.89",
        "201909": "5.99",
        "201910": "5.81",
        "201911": "5.89",
        "201912": "5.94",
        "202001": "5.94",
        "202002": "5.28",
        "202003": "4.08",
        "202004": "4.06",
        "202005": "4.96",
        "202006": "5.14",
        "202007": "5.27",
        "202008": "5.31",
        "202009": "7.06",
        "202010": "7.85",
        "202011": "7.63",
        "202012": "9.15",
        "202101": "8.52",
        "202102": "8.62",
        "202103": "8.64",
        "202104": "8.31",
        "202105": "7.84",
        "202106": "7.92",
        "202107": "8.19",
        "202108": "7.35",
        "202109": "7.11",
        "202110": "7.24",
        "202111": "7.27",
        "202112": "7.18",
        "202201": "7.14",
        "202202": "7.01",
        "202203": "6.79",
        "202204": "6.70",
        "202205": "6.44",
        "202206": "6.56",
        "202207": "6.07",
        "202208": "6.29",
        "202209": "7.17",
        "202210": "7.44",
        "202211": "7.08",
        "202212": "7.03",
        "202301": "7.05",
        "202302": "7.14",
        "202303": "7.06",
        "202304": "7.08",
        "202305": "7.97",
        "202306": "8.55",
        "202307": "8.51",
        "202308": "7.51",
        "202309": "7.39",
        "202310": "7.09",
        "202311": "7.10",
        "202312": "7.28"
    },
    "quarters": {
        "20011": {
            "year_quarter": 20011,
            "year": 2001,
            "quarter": 1,
            "eps": null,
            "eps_growth_year": null,
            "eps_4q": null,
            "eps_4q_growth_year": null,
            "roe": null,
            "roe_4q": 0,
            "gross_profit": null,
            "gross_margin": null,
            "gross_margin_4q_avg": 0,
            "net_income": null,
            "net_income_4q": null,
            "revenue": null,
            "revenue_4q": null,
            "common_shares": null,
            "book_valuer_per_share": null,
            "book_valuer_per_share_4q_avg": 0,
            "equity": null,
            "current_ratio": null,
            "debt_ratio": null,
            "inventory_turnover_ratio": null,
            "account_receivable_turnover_ratio": null,
            "reinvestment_rate": null,
            "research_to_sale_ratio": null,
            "price_fair": 0,
            "eps_avg_yearly": 0,
            "eps_latest_yearly": 0,
            "eps_growth_yearly": 0
        },
        "20012": {
            "year_quarter": 20012,
            "year": 2001,
            "quarter": 2,
            "eps": null,
            "eps_growth_year": null,
            "eps_4q": null,
            "eps_4q_growth_year": null,
            "roe": null,
            "roe_4q": 0,
            "gross_profit": null,
            "gross_margin": null,
            "gross_margin_4q_avg": 0,
            "net_income": null,
            "net_income_4q": null,
            "revenue": null,
            "revenue_4q": null,
            "common_shares": null,
            "book_valuer_per_share": null,
            "book_valuer_per_share_4q_avg": 0,
            "equity": null,
            "current_ratio": null,
            "debt_ratio": null,
            "inventory_turnover_ratio": null,
            "account_receivable_turnover_ratio": null,
            "reinvestment_rate": null,
            "research_to_sale_ratio": null,
            "price_fair": 0,
            "eps_avg_yearly": 0,
            "eps_latest_yearly": 0,
            "eps_growth_yearly": 0
        },
        "20013": {
            "year_quarter": 20013,
            "year": 2001,
            "quarter": 3,
            "eps": null,
            "eps_growth_year": null,
            "eps_4q": null,
            "eps_4q_growth_year": null,
            "roe": null,
            "roe_4q": 0,
            "gross_profit": null,
            "gross_margin": null,
            "gross_margin_4q_avg": 0,
            "net_income": null,
            "net_income_4q": null,
            "revenue": null,
            "revenue_4q": null,
            "common_shares": null,
            "book_valuer_per_share": null,
            "book_valuer_per_share_4q_avg": 0,
            "equity": null,
            "current_ratio": null,
            "debt_ratio": null,
            "inventory_turnover_ratio": null,
            "account_receivable_turnover_ratio": null,
            "reinvestment_rate": null,
            "research_to_sale_ratio": null,
            "price_fair": 0,
            "eps_avg_yearly": 0,
            "eps_latest_yearly": 0,
            "eps_growth_yearly": 0
        },
        "20014": {
            "year_quarter": 20014,
            "year": 2001,
            "quarter": 4,
            "eps": null,
            "eps_growth_year": null,
            "eps_4q": null,
            "eps_4q_growth_year": null,
            "roe": null,
            "roe_4q": 0,
            "gross_profit": null,
            "gross_margin": null,
            "gross_margin_4q_avg": 0,
            "net_income": null,
            "net_income_4q": null,
            "revenue": null,
            "revenue_4q": null,
            "common_shares": null,
            "book_valuer_per_share": null,
            "book_valuer_per_share_4q_avg": 0,
            "equity": null,
            "current_ratio": null,
            "debt_ratio": null,
            "inventory_turnover_ratio": null,
            "account_receivable_turnover_ratio": null,
            "reinvestment_rate": null,
            "research_to_sale_ratio": null,
            "price_fair": 0,
            "eps_avg_yearly": 0,
            "eps_latest_yearly": 0,
            "eps_growth_yearly": 0
        },
        "20021": {
            "year_quarter": 20021,
            "year": 2002,
            "quarter": 1,
            "eps": null,
            "eps_growth_year": null,
            "eps_4q": null,
            "eps_4q_growth_year": null,
            "roe": null,
            "roe_4q": 0,
            "gross_profit": null,
            "gross_margin": null,
            "gross_margin_4q_avg": 0,
            "net_income": null,
            "net_income_4q": null,
            "revenue": null,
            "revenue_4q": null,
            "common_shares": null,
            "book_valuer_per_share": null,
            "book_valuer_per_share_4q_avg": 0,
            "equity": null,
            "current_ratio": null,
            "debt_ratio": null,
            "inventory_turnover_ratio": null,
            "account_receivable_turnover_ratio": null,
            "reinvestment_rate": null,
            "research_to_sale_ratio": null,
            "price_fair": 0,
            "eps_avg_yearly": 0,
            "eps_latest_yearly": 0,
            "eps_growth_yearly": 0
        },
        "20022": {
            "year_quarter": 20022,
            "year": 2002,
            "quarter": 2,
            "eps": null,
            "eps_growth_year": null,
            "eps_4q": null,
            "eps_4q_growth_year": null,
            "roe": null,
            "roe_4q": 0,
            "gross_profit": null,
            "gross_margin": null,
            "gross_margin_4q_avg": 0,
            "net_income": null,
            "net_income_4q": null,
            "revenue": null,
            "revenue_4q": null,
            "common_shares": null,
            "book_valuer_per_share": null,
            "book_valuer_per_share_4q_avg": 0,
            "equity": null,
            "current_ratio": null,
            "debt_ratio": null,
            "inventory_turnover_ratio": null,
            "account_receivable_turnover_ratio": null,
            "reinvestment_rate": null,
            "research_to_sale_ratio": null,
            "price_fair": 0,
            "eps_avg_yearly": 0,
            "eps_latest_yearly": 0,
            "eps_growth_yearly": 0
        },
        "20023": {
            "year_quarter": 20023,
            "year": 2002,
            "quarter": 3,
            "eps": null,
            "eps_growth_year": null,
            "eps_4q": null,
            "eps_4q_growth_year": null,
            "roe": null,
            "roe_4q": 0,
            "gross_profit": null,
            "gross_margin": null,
            "gross_margin_4q_avg": 0,
            "net_income": null,
            "net_income_4q": null,
            "revenue": null,
            "revenue_4q": null,
            "common_shares": null,
            "book_valuer_per_share": null,
            "book_valuer_per_share_4q_avg": 0,
            "equity": null,
            "current_ratio": null,
            "debt_ratio": null,
            "inventory_turnover_ratio": null,
            "account_receivable_turnover_ratio": null,
            "reinvestment_rate": null,
            "research_to_sale_ratio": null,
            "price_fair": 0,
            "eps_avg_yearly": 0,
            "eps_latest_yearly": 0,
            "eps_growth_yearly": 0
        },
        "20024": {
            "year_quarter": 20024,
            "year": 2002,
            "quarter": 4,
            "eps": null,
            "eps_growth_year": null,
            "eps_4q": null,
            "eps_4q_growth_year": null,
            "roe": null,
            "roe_4q": 0,
            "gross_profit": null,
            "gross_margin": null,
            "gross_margin_4q_avg": 0,
            "net_income": null,
            "net_income_4q": null,
            "revenue": null,
            "revenue_4q": null,
            "common_shares": null,
            "book_valuer_per_share": null,
            "book_valuer_per_share_4q_avg": 0,
            "equity": null,
            "current_ratio": null,
            "debt_ratio": null,
            "inventory_turnover_ratio": null,
            "account_receivable_turnover_ratio": null,
            "reinvestment_rate": null,
            "research_to_sale_ratio": null,
            "price_fair": 0,
            "eps_avg_yearly": 0,
            "eps_latest_yearly": 0,
            "eps_growth_yearly": 0
        },
        "20031": {
            "year_quarter": 20031,
            "year": 2003,
            "quarter": 1,
            "eps": null,
            "eps_growth_year": null,
            "eps_4q": null,
            "eps_4q_growth_year": null,
            "roe": null,
            "roe_4q": 0,
            "gross_profit": null,
            "gross_margin": null,
            "gross_margin_4q_avg": 0,
            "net_income": null,
            "net_income_4q": null,
            "revenue": null,
            "revenue_4q": null,
            "common_shares": null,
            "book_valuer_per_share": null,
            "book_valuer_per_share_4q_avg": 0,
            "equity": null,
            "current_ratio": null,
            "debt_ratio": null,
            "inventory_turnover_ratio": null,
            "account_receivable_turnover_ratio": null,
            "reinvestment_rate": null,
            "research_to_sale_ratio": null,
            "price_fair": 0,
            "eps_avg_yearly": 0,
            "eps_latest_yearly": 0,
            "eps_growth_yearly": 0
        },
        "20032": {
            "year_quarter": 20032,
            "year": 2003,
            "quarter": 2,
            "eps": null,
            "eps_growth_year": null,
            "eps_4q": null,
            "eps_4q_growth_year": null,
            "roe": null,
            "roe_4q": 0,
            "gross_profit": null,
            "gross_margin": null,
            "gross_margin_4q_avg": 0,
            "net_income": null,
            "net_income_4q": null,
            "revenue": null,
            "revenue_4q": null,
            "common_shares": null,
            "book_valuer_per_share": null,
            "book_valuer_per_share_4q_avg": 0,
            "equity": null,
            "current_ratio": null,
            "debt_ratio": null,
            "inventory_turnover_ratio": null,
            "account_receivable_turnover_ratio": null,
            "reinvestment_rate": null,
            "research_to_sale_ratio": null,
            "price_fair": 0,
            "eps_avg_yearly": 0,
            "eps_latest_yearly": 0,
            "eps_growth_yearly": 0
        },
        "20033": {
            "year_quarter": 20033,
            "year": 2003,
            "quarter": 3,
            "eps": null,
            "eps_growth_year": null,
            "eps_4q": null,
            "eps_4q_growth_year": null,
            "roe": null,
            "roe_4q": 0,
            "gross_profit": null,
            "gross_margin": null,
            "gross_margin_4q_avg": 0,
            "net_income": null,
            "net_income_4q": null,
            "revenue": null,
            "revenue_4q": null,
            "common_shares": null,
            "book_valuer_per_share": null,
            "book_valuer_per_share_4q_avg": 0,
            "equity": null,
            "current_ratio": null,
            "debt_ratio": null,
            "inventory_turnover_ratio": null,
            "account_receivable_turnover_ratio": null,
            "reinvestment_rate": null,
            "research_to_sale_ratio": null,
            "price_fair": 0,
            "eps_avg_yearly": 0,
            "eps_latest_yearly": 0,
            "eps_growth_yearly": 0
        },
        "20034": {
            "year_quarter": 20034,
            "year": 2003,
            "quarter": 4,
            "eps": null,
            "eps_growth_year": null,
            "eps_4q": null,
            "eps_4q_growth_year": null,
            "roe": null,
            "roe_4q": 0,
            "gross_profit": null,
            "gross_margin": null,
            "gross_margin_4q_avg": 0,
            "net_income": null,
            "net_income_4q": null,
            "revenue": null,
            "revenue_4q": null,
            "common_shares": null,
            "book_valuer_per_share": null,
            "book_valuer_per_share_4q_avg": 0,
            "equity": null,
            "current_ratio": null,
            "debt_ratio": null,
            "inventory_turnover_ratio": null,
            "account_receivable_turnover_ratio": null,
            "reinvestment_rate": null,
            "research_to_sale_ratio": null,
            "price_fair": 0,
            "eps_avg_yearly": 0,
            "eps_latest_yearly": 0,
            "eps_growth_yearly": 0
        },
        "20041": {
            "year_quarter": 20041,
            "year": 2004,
            "quarter": 1,
            "eps": null,
            "eps_growth_year": null,
            "eps_4q": null,
            "eps_4q_growth_year": null,
            "roe": null,
            "roe_4q": 0,
            "gross_profit": null,
            "gross_margin": null,
            "gross_margin_4q_avg": 0,
            "net_income": null,
            "net_income_4q": null,
            "revenue": null,
            "revenue_4q": null,
            "common_shares": null,
            "book_valuer_per_share": null,
            "book_valuer_per_share_4q_avg": 0,
            "equity": null,
            "current_ratio": null,
            "debt_ratio": null,
            "inventory_turnover_ratio": null,
            "account_receivable_turnover_ratio": null,
            "reinvestment_rate": null,
            "research_to_sale_ratio": null,
            "price_fair": 0,
            "eps_avg_yearly": 0,
            "eps_latest_yearly": 0,
            "eps_growth_yearly": 0
        },
        "20042": {
            "year_quarter": 20042,
            "year": 2004,
            "quarter": 2,
            "eps": null,
            "eps_growth_year": null,
            "eps_4q": null,
            "eps_4q_growth_year": null,
            "roe": null,
            "roe_4q": 0,
            "gross_profit": null,
            "gross_margin": null,
            "gross_margin_4q_avg": 0,
            "net_income": null,
            "net_income_4q": null,
            "revenue": null,
            "revenue_4q": null,
            "common_shares": null,
            "book_valuer_per_share": null,
            "book_valuer_per_share_4q_avg": 0,
            "equity": null,
            "current_ratio": null,
            "debt_ratio": null,
            "inventory_turnover_ratio": null,
            "account_receivable_turnover_ratio": null,
            "reinvestment_rate": null,
            "research_to_sale_ratio": null,
            "price_fair": 0,
            "eps_avg_yearly": 0,
            "eps_latest_yearly": 0,
            "eps_growth_yearly": 0
        },
        "20043": {
            "year_quarter": 20043,
            "year": 2004,
            "quarter": 3,
            "eps": null,
            "eps_growth_year": null,
            "eps_4q": null,
            "eps_4q_growth_year": null,
            "roe": null,
            "roe_4q": 0,
            "gross_profit": null,
            "gross_margin": null,
            "gross_margin_4q_avg": 0,
            "net_income": null,
            "net_income_4q": null,
            "revenue": null,
            "revenue_4q": null,
            "common_shares": null,
            "book_valuer_per_share": null,
            "book_valuer_per_share_4q_avg": 0,
            "equity": null,
            "current_ratio": null,
            "debt_ratio": null,
            "inventory_turnover_ratio": null,
            "account_receivable_turnover_ratio": null,
            "reinvestment_rate": null,
            "research_to_sale_ratio": null,
            "price_fair": 0,
            "eps_avg_yearly": 0,
            "eps_latest_yearly": 0,
            "eps_growth_yearly": 0
        },
        "20044": {
            "year_quarter": 20044,
            "year": 2004,
            "quarter": 4,
            "eps": null,
            "eps_growth_year": null,
            "eps_4q": null,
            "eps_4q_growth_year": null,
            "roe": null,
            "roe_4q": 0,
            "gross_profit": null,
            "gross_margin": null,
            "gross_margin_4q_avg": 0,
            "net_income": null,
            "net_income_4q": null,
            "revenue": null,
            "revenue_4q": null,
            "common_shares": null,
            "book_valuer_per_share": null,
            "book_valuer_per_share_4q_avg": 0,
            "equity": null,
            "current_ratio": null,
            "debt_ratio": null,
            "inventory_turnover_ratio": null,
            "account_receivable_turnover_ratio": null,
            "reinvestment_rate": null,
            "research_to_sale_ratio": null,
            "price_fair": 0,
            "eps_avg_yearly": 0,
            "eps_latest_yearly": 0,
            "eps_growth_yearly": 0
        },
        "20051": {
            "year_quarter": 20051,
            "year": 2005,
            "quarter": 1,
            "eps": null,
            "eps_growth_year": null,
            "eps_4q": null,
            "eps_4q_growth_year": null,
            "roe": null,
            "roe_4q": 0,
            "gross_profit": null,
            "gross_margin": null,
            "gross_margin_4q_avg": 0,
            "net_income": null,
            "net_income_4q": null,
            "revenue": null,
            "revenue_4q": null,
            "common_shares": null,
            "book_valuer_per_share": null,
            "book_valuer_per_share_4q_avg": 0,
            "equity": null,
            "current_ratio": null,
            "debt_ratio": null,
            "inventory_turnover_ratio": null,
            "account_receivable_turnover_ratio": null,
            "reinvestment_rate": null,
            "research_to_sale_ratio": null,
            "price_fair": 0,
            "eps_avg_yearly": 0,
            "eps_latest_yearly": 0,
            "eps_growth_yearly": 0
        },
        "20052": {
            "year_quarter": 20052,
            "year": 2005,
            "quarter": 2,
            "eps": null,
            "eps_growth_year": null,
            "eps_4q": null,
            "eps_4q_growth_year": null,
            "roe": null,
            "roe_4q": 0,
            "gross_profit": null,
            "gross_margin": null,
            "gross_margin_4q_avg": 0,
            "net_income": null,
            "net_income_4q": null,
            "revenue": null,
            "revenue_4q": null,
            "common_shares": null,
            "book_valuer_per_share": null,
            "book_valuer_per_share_4q_avg": 0,
            "equity": null,
            "current_ratio": null,
            "debt_ratio": null,
            "inventory_turnover_ratio": null,
            "account_receivable_turnover_ratio": null,
            "reinvestment_rate": null,
            "research_to_sale_ratio": null,
            "price_fair": 0,
            "eps_avg_yearly": 0,
            "eps_latest_yearly": 0,
            "eps_growth_yearly": 0
        },
        "20053": {
            "year_quarter": 20053,
            "year": 2005,
            "quarter": 3,
            "eps": null,
            "eps_growth_year": null,
            "eps_4q": null,
            "eps_4q_growth_year": null,
            "roe": null,
            "roe_4q": 0,
            "gross_profit": null,
            "gross_margin": null,
            "gross_margin_4q_avg": 0,
            "net_income": null,
            "net_income_4q": null,
            "revenue": null,
            "revenue_4q": null,
            "common_shares": null,
            "book_valuer_per_share": null,
            "book_valuer_per_share_4q_avg": 0,
            "equity": null,
            "current_ratio": null,
            "debt_ratio": null,
            "inventory_turnover_ratio": null,
            "account_receivable_turnover_ratio": null,
            "reinvestment_rate": null,
            "research_to_sale_ratio": null,
            "price_fair": 0,
            "eps_avg_yearly": 0,
            "eps_latest_yearly": 0,
            "eps_growth_yearly": 0
        },
        "20054": {
            "year_quarter": 20054,
            "year": 2005,
            "quarter": 4,
            "eps": null,
            "eps_growth_year": null,
            "eps_4q": null,
            "eps_4q_growth_year": null,
            "roe": null,
            "roe_4q": 0,
            "gross_profit": null,
            "gross_margin": null,
            "gross_margin_4q_avg": 0,
            "net_income": null,
            "net_income_4q": null,
            "revenue": null,
            "revenue_4q": null,
            "common_shares": null,
            "book_valuer_per_share": null,
            "book_valuer_per_share_4q_avg": 0,
            "equity": null,
            "current_ratio": null,
            "debt_ratio": null,
            "inventory_turnover_ratio": null,
            "account_receivable_turnover_ratio": null,
            "reinvestment_rate": null,
            "research_to_sale_ratio": null,
            "price_fair": 0,
            "eps_avg_yearly": 0,
            "eps_latest_yearly": 0,
            "eps_growth_yearly": 0
        },
        "20061": {
            "year_quarter": 20061,
            "year": 2006,
            "quarter": 1,
            "eps": null,
            "eps_growth_year": null,
            "eps_4q": null,
            "eps_4q_growth_year": null,
            "roe": null,
            "roe_4q": 0,
            "gross_profit": null,
            "gross_margin": null,
            "gross_margin_4q_avg": 0,
            "net_income": null,
            "net_income_4q": null,
            "revenue": null,
            "revenue_4q": null,
            "common_shares": null,
            "book_valuer_per_share": null,
            "book_valuer_per_share_4q_avg": 0,
            "equity": null,
            "current_ratio": null,
            "debt_ratio": null,
            "inventory_turnover_ratio": null,
            "account_receivable_turnover_ratio": null,
            "reinvestment_rate": null,
            "research_to_sale_ratio": null,
            "price_fair": 0,
            "eps_avg_yearly": 0,
            "eps_latest_yearly": 0,
            "eps_growth_yearly": 0
        },
        "20062": {
            "year_quarter": 20062,
            "year": 2006,
            "quarter": 2,
            "eps": null,
            "eps_growth_year": null,
            "eps_4q": null,
            "eps_4q_growth_year": null,
            "roe": null,
            "roe_4q": 0,
            "gross_profit": null,
            "gross_margin": null,
            "gross_margin_4q_avg": 0,
            "net_income": null,
            "net_income_4q": null,
            "revenue": null,
            "revenue_4q": null,
            "common_shares": null,
            "book_valuer_per_share": null,
            "book_valuer_per_share_4q_avg": 0,
            "equity": null,
            "current_ratio": null,
            "debt_ratio": null,
            "inventory_turnover_ratio": null,
            "account_receivable_turnover_ratio": null,
            "reinvestment_rate": null,
            "research_to_sale_ratio": null,
            "price_fair": 0,
            "eps_avg_yearly": 0,
            "eps_latest_yearly": 0,
            "eps_growth_yearly": 0
        },
        "20063": {
            "year_quarter": 20063,
            "year": 2006,
            "quarter": 3,
            "eps": null,
            "eps_growth_year": null,
            "eps_4q": null,
            "eps_4q_growth_year": null,
            "roe": null,
            "roe_4q": 0,
            "gross_profit": null,
            "gross_margin": null,
            "gross_margin_4q_avg": 0,
            "net_income": null,
            "net_income_4q": null,
            "revenue": null,
            "revenue_4q": null,
            "common_shares": null,
            "book_valuer_per_share": null,
            "book_valuer_per_share_4q_avg": 0,
            "equity": null,
            "current_ratio": null,
            "debt_ratio": null,
            "inventory_turnover_ratio": null,
            "account_receivable_turnover_ratio": null,
            "reinvestment_rate": null,
            "research_to_sale_ratio": null,
            "price_fair": 0,
            "eps_avg_yearly": 0,
            "eps_latest_yearly": 0,
            "eps_growth_yearly": 0
        },
        "20064": {
            "year_quarter": 20064,
            "year": 2006,
            "quarter": 4,
            "eps": null,
            "eps_growth_year": null,
            "eps_4q": null,
            "eps_4q_growth_year": null,
            "roe": null,
            "roe_4q": 0,
            "gross_profit": null,
            "gross_margin": null,
            "gross_margin_4q_avg": 0,
            "net_income": null,
            "net_income_4q": null,
            "revenue": null,
            "revenue_4q": null,
            "common_shares": null,
            "book_valuer_per_share": null,
            "book_valuer_per_share_4q_avg": 0,
            "equity": null,
            "current_ratio": null,
            "debt_ratio": null,
            "inventory_turnover_ratio": null,
            "account_receivable_turnover_ratio": null,
            "reinvestment_rate": null,
            "research_to_sale_ratio": null,
            "price_fair": 0,
            "eps_avg_yearly": 0,
            "eps_latest_yearly": 0,
            "eps_growth_yearly": 0
        },
        "20071": {
            "year_quarter": 20071,
            "year": 2007,
            "quarter": 1,
            "eps": null,
            "eps_growth_year": null,
            "eps_4q": null,
            "eps_4q_growth_year": null,
            "roe": null,
            "roe_4q": 0,
            "gross_profit": null,
            "gross_margin": null,
            "gross_margin_4q_avg": 0,
            "net_income": null,
            "net_income_4q": null,
            "revenue": null,
            "revenue_4q": null,
            "common_shares": null,
            "book_valuer_per_share": null,
            "book_valuer_per_share_4q_avg": 0,
            "equity": null,
            "current_ratio": null,
            "debt_ratio": null,
            "inventory_turnover_ratio": null,
            "account_receivable_turnover_ratio": null,
            "reinvestment_rate": null,
            "research_to_sale_ratio": null,
            "price_fair": 0,
            "eps_avg_yearly": 0,
            "eps_latest_yearly": 0,
            "eps_growth_yearly": 0
        },
        "20072": {
            "year_quarter": 20072,
            "year": 2007,
            "quarter": 2,
            "eps": null,
            "eps_growth_year": null,
            "eps_4q": null,
            "eps_4q_growth_year": null,
            "roe": null,
            "roe_4q": 0,
            "gross_profit": null,
            "gross_margin": null,
            "gross_margin_4q_avg": 0,
            "net_income": null,
            "net_income_4q": null,
            "revenue": null,
            "revenue_4q": null,
            "common_shares": null,
            "book_valuer_per_share": null,
            "book_valuer_per_share_4q_avg": 0,
            "equity": null,
            "current_ratio": null,
            "debt_ratio": null,
            "inventory_turnover_ratio": null,
            "account_receivable_turnover_ratio": null,
            "reinvestment_rate": null,
            "research_to_sale_ratio": null,
            "price_fair": 0,
            "eps_avg_yearly": 0,
            "eps_latest_yearly": 0,
            "eps_growth_yearly": 0
        },
        "20073": {
            "year_quarter": 20073,
            "year": 2007,
            "quarter": 3,
            "eps": null,
            "eps_growth_year": null,
            "eps_4q": null,
            "eps_4q_growth_year": null,
            "roe": null,
            "roe_4q": 0,
            "gross_profit": null,
            "gross_margin": null,
            "gross_margin_4q_avg": 0,
            "net_income": null,
            "net_income_4q": null,
            "revenue": null,
            "revenue_4q": null,
            "common_shares": null,
            "book_valuer_per_share": null,
            "book_valuer_per_share_4q_avg": 0,
            "equity": null,
            "current_ratio": null,
            "debt_ratio": null,
            "inventory_turnover_ratio": null,
            "account_receivable_turnover_ratio": null,
            "reinvestment_rate": null,
            "research_to_sale_ratio": null,
            "price_fair": 0,
            "eps_avg_yearly": 0,
            "eps_latest_yearly": 0,
            "eps_growth_yearly": 0
        },
        "20074": {
            "year_quarter": 20074,
            "year": 2007,
            "quarter": 4,
            "eps": null,
            "eps_growth_year": null,
            "eps_4q": null,
            "eps_4q_growth_year": null,
            "roe": null,
            "roe_4q": 0,
            "gross_profit": null,
            "gross_margin": null,
            "gross_margin_4q_avg": 0,
            "net_income": null,
            "net_income_4q": null,
            "revenue": null,
            "revenue_4q": null,
            "common_shares": null,
            "book_valuer_per_share": null,
            "book_valuer_per_share_4q_avg": 0,
            "equity": null,
            "current_ratio": null,
            "debt_ratio": null,
            "inventory_turnover_ratio": null,
            "account_receivable_turnover_ratio": null,
            "reinvestment_rate": null,
            "research_to_sale_ratio": null,
            "price_fair": 0,
            "eps_avg_yearly": 0,
            "eps_latest_yearly": 0,
            "eps_growth_yearly": 0
        },
        "20081": {
            "year_quarter": 20081,
            "year": 2008,
            "quarter": 1,
            "eps": null,
            "eps_growth_year": null,
            "eps_4q": null,
            "eps_4q_growth_year": null,
            "roe": null,
            "roe_4q": 0,
            "gross_profit": null,
            "gross_margin": null,
            "gross_margin_4q_avg": 0,
            "net_income": null,
            "net_income_4q": null,
            "revenue": null,
            "revenue_4q": null,
            "common_shares": null,
            "book_valuer_per_share": null,
            "book_valuer_per_share_4q_avg": 0,
            "equity": null,
            "current_ratio": null,
            "debt_ratio": null,
            "inventory_turnover_ratio": null,
            "account_receivable_turnover_ratio": null,
            "reinvestment_rate": null,
            "research_to_sale_ratio": null,
            "price_fair": 0,
            "eps_avg_yearly": 0,
            "eps_latest_yearly": 0,
            "eps_growth_yearly": 0
        },
        "20082": {
            "year_quarter": 20082,
            "year": 2008,
            "quarter": 2,
            "eps": null,
            "eps_growth_year": null,
            "eps_4q": null,
            "eps_4q_growth_year": null,
            "roe": null,
            "roe_4q": 0,
            "gross_profit": null,
            "gross_margin": null,
            "gross_margin_4q_avg": 0,
            "net_income": null,
            "net_income_4q": null,
            "revenue": null,
            "revenue_4q": null,
            "common_shares": null,
            "book_valuer_per_share": null,
            "book_valuer_per_share_4q_avg": 0,
            "equity": null,
            "current_ratio": null,
            "debt_ratio": null,
            "inventory_turnover_ratio": null,
            "account_receivable_turnover_ratio": null,
            "reinvestment_rate": null,
            "research_to_sale_ratio": null,
            "price_fair": 0,
            "eps_avg_yearly": 0,
            "eps_latest_yearly": 0,
            "eps_growth_yearly": 0
        },
        "20083": {
            "year_quarter": 20083,
            "year": 2008,
            "quarter": 3,
            "eps": null,
            "eps_growth_year": null,
            "eps_4q": null,
            "eps_4q_growth_year": null,
            "roe": null,
            "roe_4q": 0,
            "gross_profit": null,
            "gross_margin": null,
            "gross_margin_4q_avg": 0,
            "net_income": null,
            "net_income_4q": null,
            "revenue": null,
            "revenue_4q": null,
            "common_shares": null,
            "book_valuer_per_share": null,
            "book_valuer_per_share_4q_avg": 0,
            "equity": null,
            "current_ratio": null,
            "debt_ratio": null,
            "inventory_turnover_ratio": null,
            "account_receivable_turnover_ratio": null,
            "reinvestment_rate": null,
            "research_to_sale_ratio": null,
            "price_fair": 0,
            "eps_avg_yearly": 0,
            "eps_latest_yearly": 0,
            "eps_growth_yearly": 0
        },
        "20084": {
            "year_quarter": 20084,
            "year": 2008,
            "quarter": 4,
            "eps": null,
            "eps_growth_year": null,
            "eps_4q": null,
            "eps_4q_growth_year": null,
            "roe": null,
            "roe_4q": 0,
            "gross_profit": null,
            "gross_margin": null,
            "gross_margin_4q_avg": 0,
            "net_income": null,
            "net_income_4q": null,
            "revenue": null,
            "revenue_4q": null,
            "common_shares": 808720,
            "book_valuer_per_share": 13.28,
            "book_valuer_per_share_4q_avg": 3.32,
            "equity": 1074256,
            "current_ratio": 82.72,
            "debt_ratio": 48.53,
            "inventory_turnover_ratio": null,
            "account_receivable_turnover_ratio": null,
            "reinvestment_rate": null,
            "research_to_sale_ratio": null,
            "price_fair": 0,
            "eps_avg_yearly": 0,
            "eps_latest_yearly": 0,
            "eps_growth_yearly": 0
        },
        "20091": {
            "year_quarter": 20091,
            "year": 2009,
            "quarter": 1,
            "eps": null,
            "eps_growth_year": null,
            "eps_4q": null,
            "eps_4q_growth_year": null,
            "roe": null,
            "roe_4q": 0,
            "gross_profit": null,
            "gross_margin": null,
            "gross_margin_4q_avg": 0,
            "net_income": null,
            "net_income_4q": null,
            "revenue": null,
            "revenue_4q": null,
            "common_shares": null,
            "book_valuer_per_share": null,
            "book_valuer_per_share_4q_avg": 3.32,
            "equity": null,
            "current_ratio": null,
            "debt_ratio": null,
            "inventory_turnover_ratio": null,
            "account_receivable_turnover_ratio": null,
            "reinvestment_rate": null,
            "research_to_sale_ratio": null,
            "price_fair": 0,
            "eps_avg_yearly": 0,
            "eps_latest_yearly": 0,
            "eps_growth_yearly": 0
        },
        "20092": {
            "year_quarter": 20092,
            "year": 2009,
            "quarter": 2,
            "eps": null,
            "eps_growth_year": null,
            "eps_4q": null,
            "eps_4q_growth_year": null,
            "roe": null,
            "roe_4q": 0,
            "gross_profit": null,
            "gross_margin": null,
            "gross_margin_4q_avg": 0,
            "net_income": null,
            "net_income_4q": null,
            "revenue": null,
            "revenue_4q": null,
            "common_shares": null,
            "book_valuer_per_share": null,
            "book_valuer_per_share_4q_avg": 3.32,
            "equity": null,
            "current_ratio": null,
            "debt_ratio": null,
            "inventory_turnover_ratio": null,
            "account_receivable_turnover_ratio": null,
            "reinvestment_rate": null,
            "research_to_sale_ratio": null,
            "price_fair": 0,
            "eps_avg_yearly": 0,
            "eps_latest_yearly": 0,
            "eps_growth_yearly": 0
        },
        "20093": {
            "year_quarter": 20093,
            "year": 2009,
            "quarter": 3,
            "eps": null,
            "eps_growth_year": null,
            "eps_4q": null,
            "eps_4q_growth_year": null,
            "roe": null,
            "roe_4q": 0,
            "gross_profit": null,
            "gross_margin": null,
            "gross_margin_4q_avg": 0,
            "net_income": null,
            "net_income_4q": null,
            "revenue": null,
            "revenue_4q": null,
            "common_shares": null,
            "book_valuer_per_share": null,
            "book_valuer_per_share_4q_avg": 3.32,
            "equity": null,
            "current_ratio": null,
            "debt_ratio": null,
            "inventory_turnover_ratio": null,
            "account_receivable_turnover_ratio": null,
            "reinvestment_rate": null,
            "research_to_sale_ratio": null,
            "price_fair": 0,
            "eps_avg_yearly": 0,
            "eps_latest_yearly": 0,
            "eps_growth_yearly": 0
        },
        "20094": {
            "year_quarter": 20094,
            "year": 2009,
            "quarter": 4,
            "eps": null,
            "eps_growth_year": null,
            "eps_4q": null,
            "eps_4q_growth_year": null,
            "roe": null,
            "roe_4q": 0,
            "gross_profit": null,
            "gross_margin": null,
            "gross_margin_4q_avg": 0,
            "net_income": null,
            "net_income_4q": null,
            "revenue": null,
            "revenue_4q": null,
            "common_shares": 1200000,
            "book_valuer_per_share": 14.45,
            "book_valuer_per_share_4q_avg": 3.61,
            "equity": 1733485,
            "current_ratio": 164.55,
            "debt_ratio": 27.82,
            "inventory_turnover_ratio": null,
            "account_receivable_turnover_ratio": null,
            "reinvestment_rate": null,
            "research_to_sale_ratio": null,
            "price_fair": 0,
            "eps_avg_yearly": 0,
            "eps_latest_yearly": 0,
            "eps_growth_yearly": 0
        },
        "20101": {
            "year_quarter": 20101,
            "year": 2010,
            "quarter": 1,
            "eps": null,
            "eps_growth_year": null,
            "eps_4q": null,
            "eps_4q_growth_year": null,
            "roe": null,
            "roe_4q": 0,
            "gross_profit": 303685,
            "gross_margin": null,
            "gross_margin_4q_avg": 0,
            "net_income": 181238,
            "net_income_4q": null,
            "revenue": 868555,
            "revenue_4q": null,
            "common_shares": 1200000,
            "book_valuer_per_share": 13.74,
            "book_valuer_per_share_4q_avg": 7.05,
            "equity": 1648417,
            "current_ratio": 164.67,
            "debt_ratio": 25.41,
            "inventory_turnover_ratio": null,
            "account_receivable_turnover_ratio": null,
            "reinvestment_rate": null,
            "research_to_sale_ratio": null,
            "price_fair": 0,
            "eps_avg_yearly": 0,
            "eps_latest_yearly": 0,
            "eps_growth_yearly": 0
        },
        "20102": {
            "year_quarter": 20102,
            "year": 2010,
            "quarter": 2,
            "eps": null,
            "eps_growth_year": null,
            "eps_4q": null,
            "eps_4q_growth_year": null,
            "roe": null,
            "roe_4q": 0,
            "gross_profit": 385955,
            "gross_margin": null,
            "gross_margin_4q_avg": 0,
            "net_income": 229670,
            "net_income_4q": null,
            "revenue": 1038568,
            "revenue_4q": null,
            "common_shares": 1200000,
            "book_valuer_per_share": 16.68,
            "book_valuer_per_share_4q_avg": 11.22,
            "equity": 2001452,
            "current_ratio": 192.25,
            "debt_ratio": 25.01,
            "inventory_turnover_ratio": null,
            "account_receivable_turnover_ratio": null,
            "reinvestment_rate": null,
            "research_to_sale_ratio": null,
            "price_fair": 0,
            "eps_avg_yearly": 0,
            "eps_latest_yearly": 0,
            "eps_growth_yearly": 0
        },
        "20103": {
            "year_quarter": 20103,
            "year": 2010,
            "quarter": 3,
            "eps": null,
            "eps_growth_year": null,
            "eps_4q": null,
            "eps_4q_growth_year": null,
            "roe": null,
            "roe_4q": 0,
            "gross_profit": 463066,
            "gross_margin": null,
            "gross_margin_4q_avg": 0,
            "net_income": 291998,
            "net_income_4q": null,
            "revenue": 1150987,
            "revenue_4q": null,
            "common_shares": 1200000,
            "book_valuer_per_share": 18.89,
            "book_valuer_per_share_4q_avg": 15.94,
            "equity": 2266919,
            "current_ratio": 215.5,
            "debt_ratio": 23.7,
            "inventory_turnover_ratio": null,
            "account_receivable_turnover_ratio": null,
            "reinvestment_rate": null,
            "research_to_sale_ratio": null,
            "price_fair": 0,
            "eps_avg_yearly": 0,
            "eps_latest_yearly": 0,
            "eps_growth_yearly": 0
        },
        "20104": {
            "year_quarter": 20104,
            "year": 2010,
            "quarter": 4,
            "eps": null,
            "eps_growth_year": null,
            "eps_4q": null,
            "eps_4q_growth_year": null,
            "roe": null,
            "roe_4q": 0,
            "gross_profit": 467959,
            "gross_margin": null,
            "gross_margin_4q_avg": 0,
            "net_income": 299034,
            "net_income_4q": null,
            "revenue": 1166601,
            "revenue_4q": null,
            "common_shares": 1208400,
            "book_valuer_per_share": 21.25,
            "book_valuer_per_share_4q_avg": 17.64,
            "equity": 2626419,
            "current_ratio": 277.44,
            "debt_ratio": 19.58,
            "inventory_turnover_ratio": null,
            "account_receivable_turnover_ratio": null,
            "reinvestment_rate": null,
            "research_to_sale_ratio": null,
            "price_fair": 0,
            "eps_avg_yearly": 0,
            "eps_latest_yearly": 0,
            "eps_growth_yearly": 0
        },
        "20111": {
            "year_quarter": 20111,
            "year": 2011,
            "quarter": 1,
            "eps": null,
            "eps_growth_year": null,
            "eps_4q": null,
            "eps_4q_growth_year": null,
            "roe": null,
            "roe_4q": 0,
            "gross_profit": 331146,
            "gross_margin": null,
            "gross_margin_4q_avg": 0,
            "net_income": 194061,
            "net_income_4q": null,
            "revenue": 911105,
            "revenue_4q": null,
            "common_shares": 1236000,
            "book_valuer_per_share": 23.17,
            "book_valuer_per_share_4q_avg": 20,
            "equity": 2863623,
            "current_ratio": 309.86,
            "debt_ratio": 18.39,
            "inventory_turnover_ratio": null,
            "account_receivable_turnover_ratio": null,
            "reinvestment_rate": null,
            "research_to_sale_ratio": null,
            "price_fair": 0,
            "eps_avg_yearly": 0,
            "eps_latest_yearly": 0,
            "eps_growth_yearly": 0
        },
        "20112": {
            "year_quarter": 20112,
            "year": 2011,
            "quarter": 2,
            "eps": 2.4,
            "eps_growth_year": null,
            "eps_4q": 2.4,
            "eps_4q_growth_year": null,
            "roe": 9.89,
            "roe_4q": 9.89,
            "gross_profit": 487163,
            "gross_margin": 38.12,
            "gross_margin_4q_avg": 9.53,
            "net_income": 296591,
            "net_income_4q": null,
            "revenue": 1277840,
            "revenue_4q": null,
            "common_shares": 1236000,
            "book_valuer_per_share": 25.36,
            "book_valuer_per_share_4q_avg": 22.17,
            "equity": 3134817,
            "current_ratio": 285.51,
            "debt_ratio": 19.22,
            "inventory_turnover_ratio": 4.92,
            "account_receivable_turnover_ratio": 3.12,
            "reinvestment_rate": null,
            "research_to_sale_ratio": null,
            "price_fair": 0,
            "eps_avg_yearly": 0,
            "eps_latest_yearly": 0,
            "eps_growth_yearly": 0
        },
        "20113": {
            "year_quarter": 20113,
            "year": 2011,
            "quarter": 3,
            "eps": 2.47,
            "eps_growth_year": null,
            "eps_4q": 4.62,
            "eps_4q_growth_year": null,
            "roe": 8.22,
            "roe_4q": 18.11,
            "gross_profit": 549514,
            "gross_margin": 38.81,
            "gross_margin_4q_avg": 19.23,
            "net_income": 340661,
            "net_income_4q": null,
            "revenue": 1415748,
            "revenue_4q": null,
            "common_shares": 1380800,
            "book_valuer_per_share": 37.34,
            "book_valuer_per_share_4q_avg": 26.78,
            "equity": 5156502,
            "current_ratio": 382.79,
            "debt_ratio": 15.47,
            "inventory_turnover_ratio": 4.86,
            "account_receivable_turnover_ratio": 1.58,
            "reinvestment_rate": null,
            "research_to_sale_ratio": 0.67,
            "price_fair": 214.07,
            "eps_avg_yearly": 9.88,
            "eps_latest_yearly": 9.88,
            "eps_growth_yearly": 11.67
        },
        "20114": {
            "year_quarter": 20114,
            "year": 2011,
            "quarter": 4,
            "eps": 2.68,
            "eps_growth_year": null,
            "eps_4q": 7.3,
            "eps_4q_growth_year": null,
            "roe": 6.92,
            "roe_4q": 25.03,
            "gross_profit": 607350,
            "gross_margin": 39.27,
            "gross_margin_4q_avg": 29.05,
            "net_income": 370349,
            "net_income_4q": null,
            "revenue": 1546564,
            "revenue_4q": null,
            "common_shares": 1380800,
            "book_valuer_per_share": 40.13,
            "book_valuer_per_share_4q_avg": 31.5,
            "equity": 5540700,
            "current_ratio": 275.17,
            "debt_ratio": 16.03,
            "inventory_turnover_ratio": 4.9,
            "account_receivable_turnover_ratio": 1.6,
            "reinvestment_rate": null,
            "research_to_sale_ratio": 0.62,
            "price_fair": 338.23,
            "eps_avg_yearly": 10.3,
            "eps_latest_yearly": 10.72,
            "eps_growth_yearly": 22.84
        },
        "20121": {
            "year_quarter": 20121,
            "year": 2012,
            "quarter": 1,
            "eps": 2.29,
            "eps_growth_year": null,
            "eps_4q": 9.59,
            "eps_4q_growth_year": null,
            "roe": 5.63,
            "roe_4q": 30.660000000000004,
            "gross_profit": 483429,
            "gross_margin": 40.6,
            "gross_margin_4q_avg": 39.2,
            "net_income": 316376,
            "net_income_4q": null,
            "revenue": 1190723,
            "revenue_4q": null,
            "common_shares": 1380800,
            "book_valuer_per_share": 41.32,
            "book_valuer_per_share_4q_avg": 36.04,
            "equity": 5705981,
            "current_ratio": 274.09,
            "debt_ratio": 15.93,
            "inventory_turnover_ratio": 3.8,
            "account_receivable_turnover_ratio": 1.27,
            "reinvestment_rate": null,
            "research_to_sale_ratio": 0.76,
            "price_fair": 29.76,
            "eps_avg_yearly": 9.92,
            "eps_latest_yearly": 9.16,
            "eps_growth_yearly": -4.18
        },
        "20122": {
            "year_quarter": 20122,
            "year": 2012,
            "quarter": 2,
            "eps": 2.7,
            "eps_growth_year": 12.65,
            "eps_4q": 9.17,
            "eps_4q_growth_year": 282.28,
            "roe": 7.54,
            "roe_4q": 28.310000000000002,
            "gross_profit": 665912,
            "gross_margin": 41.75,
            "gross_margin_4q_avg": 40.11,
            "net_income": 429242,
            "net_income_4q": null,
            "revenue": 1595014,
            "revenue_4q": null,
            "common_shares": 1380800,
            "book_valuer_per_share": 41.11,
            "book_valuer_per_share_4q_avg": 39.98,
            "equity": 5675786,
            "current_ratio": 174.08,
            "debt_ratio": 24.04,
            "inventory_turnover_ratio": 4.43,
            "account_receivable_turnover_ratio": 1.51,
            "reinvestment_rate": null,
            "research_to_sale_ratio": 0.71,
            "price_fair": 251.17,
            "eps_avg_yearly": 10.14,
            "eps_latest_yearly": 10.8,
            "eps_growth_yearly": 14.77
        },
        "20123": {
            "year_quarter": 20123,
            "year": 2012,
            "quarter": 3,
            "eps": 2.61,
            "eps_growth_year": 5.95,
            "eps_4q": 9.64,
            "eps_4q_growth_year": 108.92,
            "roe": 7.09,
            "roe_4q": 27.18,
            "gross_profit": 671240,
            "gross_margin": 41.83,
            "gross_margin_4q_avg": 40.86,
            "net_income": 415056,
            "net_income_4q": null,
            "revenue": 1604764,
            "revenue_4q": null,
            "common_shares": 1587920,
            "book_valuer_per_share": 38.01,
            "book_valuer_per_share_4q_avg": 40.14,
            "equity": 6035501,
            "current_ratio": 227.53,
            "debt_ratio": 23.25,
            "inventory_turnover_ratio": 3.65,
            "account_receivable_turnover_ratio": 1.32,
            "reinvestment_rate": null,
            "research_to_sale_ratio": 0.71,
            "price_fair": 195.33,
            "eps_avg_yearly": 10.2,
            "eps_latest_yearly": 10.44,
            "eps_growth_yearly": 9.15
        },
        "20124": {
            "year_quarter": 20124,
            "year": 2012,
            "quarter": 4,
            "eps": 1.94,
            "eps_growth_year": -27.62,
            "eps_4q": 8.56,
            "eps_4q_growth_year": 17.34,
            "roe": 4.94,
            "roe_4q": 25.2,
            "gross_profit": 597732,
            "gross_margin": 36.74,
            "gross_margin_4q_avg": 40.23,
            "net_income": 340278,
            "net_income_4q": null,
            "revenue": 1626810,
            "revenue_4q": null,
            "common_shares": 1752920,
            "book_valuer_per_share": 44.18,
            "book_valuer_per_share_4q_avg": 41.16,
            "equity": 7744324,
            "current_ratio": 300.74,
            "debt_ratio": 26.47,
            "inventory_turnover_ratio": 3.91,
            "account_receivable_turnover_ratio": 1.34,
            "reinvestment_rate": null,
            "research_to_sale_ratio": 0.68,
            "price_fair": 29.38,
            "eps_avg_yearly": 9.79,
            "eps_latest_yearly": 7.76,
            "eps_growth_yearly": -9.49
        },
        "20131": {
            "year_quarter": 20131,
            "year": 2013,
            "quarter": 1,
            "eps": 1.31,
            "eps_growth_year": -42.79,
            "eps_4q": 8.07,
            "eps_4q_growth_year": -15.83,
            "roe": 2.88,
            "roe_4q": 22.45,
            "gross_profit": 371734,
            "gross_margin": 38.77,
            "gross_margin_4q_avg": 39.77,
            "net_income": 230132,
            "net_income_4q": null,
            "revenue": 958883,
            "revenue_4q": null,
            "common_shares": 1752920,
            "book_valuer_per_share": 46.93,
            "book_valuer_per_share_4q_avg": 42.56,
            "equity": 8227135,
            "current_ratio": 325.6,
            "debt_ratio": 24.23,
            "inventory_turnover_ratio": 1.26,
            "account_receivable_turnover_ratio": 0.94,
            "reinvestment_rate": null,
            "research_to_sale_ratio": 0.86,
            "price_fair": 27.43,
            "eps_avg_yearly": 9.14,
            "eps_latest_yearly": 5.24,
            "eps_growth_yearly": -26.69
        },
        "20132": {
            "year_quarter": 20132,
            "year": 2013,
            "quarter": 2,
            "eps": 1.89,
            "eps_growth_year": -30.08,
            "eps_4q": 6.82,
            "eps_4q_growth_year": -25.64,
            "roe": 4.63,
            "roe_4q": 19.54,
            "gross_profit": 598172,
            "gross_margin": 35.21,
            "gross_margin_4q_avg": 38.14,
            "net_income": 377588,
            "net_income_4q": null,
            "revenue": 1698782,
            "revenue_4q": null,
            "common_shares": 1752920,
            "book_valuer_per_share": 46.21,
            "book_valuer_per_share_4q_avg": 43.83,
            "equity": 8099638,
            "current_ratio": 206.71,
            "debt_ratio": 30.74,
            "inventory_turnover_ratio": 1.35,
            "account_receivable_turnover_ratio": 1.52,
            "reinvestment_rate": null,
            "research_to_sale_ratio": 0.73,
            "price_fair": 26.84,
            "eps_avg_yearly": 8.95,
            "eps_latest_yearly": 7.56,
            "eps_growth_yearly": -1.22
        },
        "20133": {
            "year_quarter": 20133,
            "year": 2013,
            "quarter": 3,
            "eps": 2.25,
            "eps_growth_year": -13.92,
            "eps_4q": 7,
            "eps_4q_growth_year": -27.44,
            "roe": 5.45,
            "roe_4q": 17.900000000000002,
            "gross_profit": 774895,
            "gross_margin": 41.7,
            "gross_margin_4q_avg": 38.11,
            "net_income": 450081,
            "net_income_4q": null,
            "revenue": 1858231,
            "revenue_4q": null,
            "common_shares": 1998329,
            "book_valuer_per_share": 42.09,
            "book_valuer_per_share_4q_avg": 44.85,
            "equity": 8410049,
            "current_ratio": 240,
            "debt_ratio": 26.68,
            "inventory_turnover_ratio": 1.15,
            "account_receivable_turnover_ratio": 1.28,
            "reinvestment_rate": null,
            "research_to_sale_ratio": 0.72,
            "price_fair": 155.61,
            "eps_avg_yearly": 8.95,
            "eps_latest_yearly": 9,
            "eps_growth_yearly": 7.38
        },
        "20134": {
            "year_quarter": 20134,
            "year": 2013,
            "quarter": 4,
            "eps": 1.15,
            "eps_growth_year": -40.86,
            "eps_4q": 6.44,
            "eps_4q_growth_year": -24.77,
            "roe": 2.66,
            "roe_4q": 15.619999999999997,
            "gross_profit": 660487,
            "gross_margin": 24.78,
            "gross_margin_4q_avg": 35.12,
            "net_income": 229421,
            "net_income_4q": null,
            "revenue": 2665041,
            "revenue_4q": null,
            "common_shares": 1998329,
            "book_valuer_per_share": 44.23,
            "book_valuer_per_share_4q_avg": 44.87,
            "equity": 8838180,
            "current_ratio": 213.34,
            "debt_ratio": 29.07,
            "inventory_turnover_ratio": 3.17,
            "account_receivable_turnover_ratio": 1.44,
            "reinvestment_rate": 78.07,
            "research_to_sale_ratio": 0.67,
            "price_fair": 25.55,
            "eps_avg_yearly": 8.52,
            "eps_latest_yearly": 4.6,
            "eps_growth_yearly": -12.91
        },
        "20141": {
            "year_quarter": 20141,
            "year": 2014,
            "quarter": 1,
            "eps": 1.53,
            "eps_growth_year": 16.79,
            "eps_4q": 6.82,
            "eps_4q_growth_year": -15.48,
            "roe": 3.41,
            "roe_4q": 16.15,
            "gross_profit": 461623,
            "gross_margin": 37.83,
            "gross_margin_4q_avg": 34.88,
            "net_income": 305947,
            "net_income_4q": null,
            "revenue": 1220099,
            "revenue_4q": null,
            "common_shares": 1998329,
            "book_valuer_per_share": 45.56,
            "book_valuer_per_share_4q_avg": 44.52,
            "equity": 9103891,
            "current_ratio": 230.61,
            "debt_ratio": 27.18,
            "inventory_turnover_ratio": 2.25,
            "account_receivable_turnover_ratio": 0.67,
            "reinvestment_rate": 79.14,
            "research_to_sale_ratio": 0.87,
            "price_fair": 82.98,
            "eps_avg_yearly": 8.3,
            "eps_latest_yearly": 6.12,
            "eps_growth_yearly": 0.28
        },
        "20142": {
            "year_quarter": 20142,
            "year": 2014,
            "quarter": 2,
            "eps": 1.32,
            "eps_growth_year": -30.16,
            "eps_4q": 5.26,
            "eps_4q_growth_year": -22.86,
            "roe": 3.62,
            "roe_4q": 15.14,
            "gross_profit": 557116,
            "gross_margin": 35.56,
            "gross_margin_4q_avg": 34.97,
            "net_income": 329008,
            "net_income_4q": null,
            "revenue": 1566499,
            "revenue_4q": null,
            "common_shares": 1998329,
            "book_valuer_per_share": 45.44,
            "book_valuer_per_share_4q_avg": 44.33,
            "equity": 9065092,
            "current_ratio": 329.85,
            "debt_ratio": 19.16,
            "inventory_turnover_ratio": 3.04,
            "account_receivable_turnover_ratio": 1.1,
            "reinvestment_rate": 77.45,
            "research_to_sale_ratio": 0.88,
            "price_fair": 24.14,
            "eps_avg_yearly": 8.05,
            "eps_latest_yearly": 5.28,
            "eps_growth_yearly": -4.32
        },
        "20143": {
            "year_quarter": 20143,
            "year": 2014,
            "quarter": 3,
            "eps": 1.13,
            "eps_growth_year": -49.78,
            "eps_4q": 4.59,
            "eps_4q_growth_year": -34.43,
            "roe": 3.02,
            "roe_4q": 12.71,
            "gross_profit": 492578,
            "gross_margin": 34.67,
            "gross_margin_4q_avg": 33.21,
            "net_income": 281747,
            "net_income_4q": null,
            "revenue": 1420781,
            "revenue_4q": null,
            "common_shares": 2498291,
            "book_valuer_per_share": 38.33,
            "book_valuer_per_share_4q_avg": 43.39,
            "equity": 9576466,
            "current_ratio": 396.5,
            "debt_ratio": 16.69,
            "inventory_turnover_ratio": 3.14,
            "account_receivable_turnover_ratio": 1.13,
            "reinvestment_rate": 80.76,
            "research_to_sale_ratio": 1.07,
            "price_fair": 23.33,
            "eps_avg_yearly": 7.78,
            "eps_latest_yearly": 4.52,
            "eps_growth_yearly": -8.42
        },
        "20144": {
            "year_quarter": 20144,
            "year": 2014,
            "quarter": 4,
            "eps": 0.87,
            "eps_growth_year": -24.54,
            "eps_4q": 4.54,
            "eps_4q_growth_year": -29.59,
            "roe": 2.2,
            "roe_4q": 12.25,
            "gross_profit": 350533,
            "gross_margin": 29.85,
            "gross_margin_4q_avg": 34.48,
            "net_income": 216433,
            "net_income_4q": null,
            "revenue": 1174388,
            "revenue_4q": null,
            "common_shares": 2498291,
            "book_valuer_per_share": 40.46,
            "book_valuer_per_share_4q_avg": 42.45,
            "equity": 10107154,
            "current_ratio": 294.18,
            "debt_ratio": 13.25,
            "inventory_turnover_ratio": 2.52,
            "account_receivable_turnover_ratio": 1.08,
            "reinvestment_rate": 88.83,
            "research_to_sale_ratio": 1.14,
            "price_fair": 22.41,
            "eps_avg_yearly": 7.47,
            "eps_latest_yearly": 3.48,
            "eps_growth_yearly": -14.39
        },
        "20151": {
            "year_quarter": 20151,
            "year": 2015,
            "quarter": 1,
            "eps": 0.27,
            "eps_growth_year": -82.35,
            "eps_4q": 3.58,
            "eps_4q_growth_year": -47.46,
            "roe": 0.67,
            "roe_4q": 9.510000000000002,
            "gross_profit": 179873,
            "gross_margin": 21.4,
            "gross_margin_4q_avg": 30.37,
            "net_income": 68099,
            "net_income_4q": null,
            "revenue": 840612,
            "revenue_4q": null,
            "common_shares": 2498291,
            "book_valuer_per_share": 40.33,
            "book_valuer_per_share_4q_avg": 41.14,
            "equity": 10075835,
            "current_ratio": 320.28,
            "debt_ratio": 10.72,
            "inventory_turnover_ratio": 1.98,
            "account_receivable_turnover_ratio": 0.86,
            "reinvestment_rate": 98.55,
            "research_to_sale_ratio": 1.75,
            "price_fair": 21.13,
            "eps_avg_yearly": 7.04,
            "eps_latest_yearly": 1.08,
            "eps_growth_yearly": -31.82
        },
        "20152": {
            "year_quarter": 20152,
            "year": 2015,
            "quarter": 2,
            "eps": 0.13,
            "eps_growth_year": -90.15,
            "eps_4q": 2.31,
            "eps_4q_growth_year": -56.08,
            "roe": 0.33,
            "roe_4q": 6.220000000000001,
            "gross_profit": 180553,
            "gross_margin": 16.12,
            "gross_margin_4q_avg": 25.51,
            "net_income": 33531,
            "net_income_4q": null,
            "revenue": 1120266,
            "revenue_4q": null,
            "common_shares": 2498291,
            "book_valuer_per_share": 39.87,
            "book_valuer_per_share_4q_avg": 39.75,
            "equity": 9960605,
            "current_ratio": 291.79,
            "debt_ratio": 11.69,
            "inventory_turnover_ratio": 2.91,
            "account_receivable_turnover_ratio": 1.01,
            "reinvestment_rate": 102.41,
            "research_to_sale_ratio": 1.97,
            "price_fair": 19.91,
            "eps_avg_yearly": 6.64,
            "eps_latest_yearly": 0.52,
            "eps_growth_yearly": -42.79
        },
        "20153": {
            "year_quarter": 20153,
            "year": 2015,
            "quarter": 3,
            "eps": 0.43,
            "eps_growth_year": -61.95,
            "eps_4q": 1.66,
            "eps_4q_growth_year": -63.9,
            "roe": 1.09,
            "roe_4q": 4.290000000000001,
            "gross_profit": 278085,
            "gross_margin": 19.96,
            "gross_margin_4q_avg": 21.83,
            "net_income": 111809,
            "net_income_4q": null,
            "revenue": 1393315,
            "revenue_4q": null,
            "common_shares": 2595884,
            "book_valuer_per_share": 40.44,
            "book_valuer_per_share_4q_avg": 40.28,
            "equity": 10496605,
            "current_ratio": 295.44,
            "debt_ratio": 12.01,
            "inventory_turnover_ratio": 3.31,
            "account_receivable_turnover_ratio": 0.96,
            "reinvestment_rate": 109.95,
            "research_to_sale_ratio": 1.59,
            "price_fair": 148.04,
            "eps_avg_yearly": 6.13,
            "eps_latest_yearly": 1.72,
            "eps_growth_yearly": 14.17
        },
        "20154": {
            "year_quarter": 20154,
            "year": 2015,
            "quarter": 4,
            "eps": 0.68,
            "eps_growth_year": -21.28,
            "eps_4q": 1.5,
            "eps_4q_growth_year": -66.84,
            "roe": 1.7,
            "roe_4q": 3.79,
            "gross_profit": 404172,
            "gross_margin": 24.8,
            "gross_margin_4q_avg": 20.57,
            "net_income": 177024,
            "net_income_4q": null,
            "revenue": 1630035,
            "revenue_4q": null,
            "common_shares": 2595884,
            "book_valuer_per_share": 39.7,
            "book_valuer_per_share_4q_avg": 40.09,
            "equity": 10306094,
            "current_ratio": 394.25,
            "debt_ratio": 9.05,
            "inventory_turnover_ratio": 3.71,
            "account_receivable_turnover_ratio": 0.95,
            "reinvestment_rate": 84.05,
            "research_to_sale_ratio": 0.66,
            "price_fair": 196.88,
            "eps_avg_yearly": 5.63,
            "eps_latest_yearly": 2.72,
            "eps_growth_yearly": 26.58
        },
        "20161": {
            "year_quarter": 20161,
            "year": 2016,
            "quarter": 1,
            "eps": 0.44,
            "eps_growth_year": 62.96,
            "eps_4q": 1.68,
            "eps_4q_growth_year": -53.12,
            "roe": 1.1,
            "roe_4q": 4.22,
            "gross_profit": 292439,
            "gross_margin": 23.69,
            "gross_margin_4q_avg": 21.14,
            "net_income": 113708,
            "net_income_4q": null,
            "revenue": 1234329,
            "revenue_4q": null,
            "common_shares": 2595884,
            "book_valuer_per_share": 39.89,
            "book_valuer_per_share_4q_avg": 39.98,
            "equity": 10356164,
            "current_ratio": 527.45,
            "debt_ratio": 6.91,
            "inventory_turnover_ratio": 2.95,
            "account_receivable_turnover_ratio": 0.79,
            "reinvestment_rate": 81.79,
            "research_to_sale_ratio": 1.31,
            "price_fair": 162.07,
            "eps_avg_yearly": 5.16,
            "eps_latest_yearly": 1.76,
            "eps_growth_yearly": 21.39
        },
        "20162": {
            "year_quarter": 20162,
            "year": 2016,
            "quarter": 2,
            "eps": 0.55,
            "eps_growth_year": 323.08,
            "eps_4q": 2.05,
            "eps_4q_growth_year": -11.14,
            "roe": 1.39,
            "roe_4q": 5.28,
            "gross_profit": 346252,
            "gross_margin": 22.83,
            "gross_margin_4q_avg": 22.82,
            "net_income": 142342,
            "net_income_4q": null,
            "revenue": 1516407,
            "revenue_4q": null,
            "common_shares": 2595884,
            "book_valuer_per_share": 39.22,
            "book_valuer_per_share_4q_avg": 39.81,
            "equity": 10181779,
            "current_ratio": 431.44,
            "debt_ratio": 8.92,
            "inventory_turnover_ratio": 3.51,
            "account_receivable_turnover_ratio": 1.05,
            "reinvestment_rate": 68.6,
            "research_to_sale_ratio": 1.3,
            "price_fair": 153.4,
            "eps_avg_yearly": 4.63,
            "eps_latest_yearly": 2.2,
            "eps_growth_yearly": 23.17
        },
        "20163": {
            "year_quarter": 20163,
            "year": 2016,
            "quarter": 3,
            "eps": 0.51,
            "eps_growth_year": 18.6,
            "eps_4q": 2.13,
            "eps_4q_growth_year": 28.86,
            "roe": 1.32,
            "roe_4q": 5.51,
            "gross_profit": 320527,
            "gross_margin": 20.91,
            "gross_margin_4q_avg": 23.06,
            "net_income": 133208,
            "net_income_4q": null,
            "revenue": 1532870,
            "revenue_4q": null,
            "common_shares": 2595884,
            "book_valuer_per_share": 38.44,
            "book_valuer_per_share_4q_avg": 39.31,
            "equity": 9977421,
            "current_ratio": 408.2,
            "debt_ratio": 9.74,
            "inventory_turnover_ratio": 3.45,
            "account_receivable_turnover_ratio": 1.01,
            "reinvestment_rate": 68.16,
            "research_to_sale_ratio": 1.19,
            "price_fair": 131.95,
            "eps_avg_yearly": 4.1,
            "eps_latest_yearly": 2.04,
            "eps_growth_yearly": 22.18
        },
        "20164": {
            "year_quarter": 20164,
            "year": 2016,
            "quarter": 4,
            "eps": 0.06,
            "eps_growth_year": -90.52,
            "eps_4q": 1.53,
            "eps_4q_growth_year": 1.82,
            "roe": 0.17,
            "roe_4q": 3.98,
            "gross_profit": 269153,
            "gross_margin": 18,
            "gross_margin_4q_avg": 21.36,
            "net_income": 17149,
            "net_income_4q": null,
            "revenue": 1495592,
            "revenue_4q": null,
            "common_shares": 2653681,
            "book_valuer_per_share": 37.1,
            "book_valuer_per_share_4q_avg": 38.66,
            "equity": 9845583,
            "current_ratio": 364.55,
            "debt_ratio": 11.22,
            "inventory_turnover_ratio": 3.87,
            "account_receivable_turnover_ratio": 0.99,
            "reinvestment_rate": 50.1,
            "research_to_sale_ratio": 1.44,
            "price_fair": 60.04,
            "eps_avg_yearly": 3.63,
            "eps_latest_yearly": 0.24,
            "eps_growth_yearly": 6.54
        },
        "20171": {
            "year_quarter": 20171,
            "year": 2017,
            "quarter": 1,
            "eps": 0.25,
            "eps_growth_year": -43.18,
            "eps_4q": 1.35,
            "eps_4q_growth_year": -19.84,
            "roe": 0.68,
            "roe_4q": 3.5599999999999996,
            "gross_profit": 162337,
            "gross_margin": 16.75,
            "gross_margin_4q_avg": 19.62,
            "net_income": 65613,
            "net_income_4q": null,
            "revenue": 969132,
            "revenue_4q": null,
            "common_shares": 2653681,
            "book_valuer_per_share": 35.7,
            "book_valuer_per_share_4q_avg": 37.62,
            "equity": 9473410,
            "current_ratio": 478.76,
            "debt_ratio": 8.44,
            "inventory_turnover_ratio": 2.7,
            "account_receivable_turnover_ratio": 0.75,
            "reinvestment_rate": 45.68,
            "research_to_sale_ratio": 1.35,
            "price_fair": 117.78,
            "eps_avg_yearly": 3.37,
            "eps_latest_yearly": 1,
            "eps_growth_yearly": 93.83
        },
        "20172": {
            "year_quarter": 20172,
            "year": 2017,
            "quarter": 2,
            "eps": 0.24,
            "eps_growth_year": -56.36,
            "eps_4q": 1.04,
            "eps_4q_growth_year": -49.26,
            "roe": 0.66,
            "roe_4q": 2.83,
            "gross_profit": 214501,
            "gross_margin": 16.56,
            "gross_margin_4q_avg": 18.06,
            "net_income": 63040,
            "net_income_4q": null,
            "revenue": 1295627,
            "revenue_4q": null,
            "common_shares": 2653681,
            "book_valuer_per_share": 36.58,
            "book_valuer_per_share_4q_avg": 36.96,
            "equity": 9707574,
            "current_ratio": 396.42,
            "debt_ratio": 10.7,
            "inventory_turnover_ratio": 3.36,
            "account_receivable_turnover_ratio": 1.09,
            "reinvestment_rate": 47.23,
            "research_to_sale_ratio": 1.22,
            "price_fair": 103.34,
            "eps_avg_yearly": 2.95,
            "eps_latest_yearly": 0.96,
            "eps_growth_yearly": 81.76
        },
        "20173": {
            "year_quarter": 20173,
            "year": 2017,
            "quarter": 3,
            "eps": 0.22,
            "eps_growth_year": -56.86,
            "eps_4q": 0.76,
            "eps_4q_growth_year": -64.27,
            "roe": 0.6,
            "roe_4q": 2.11,
            "gross_profit": 199281,
            "gross_margin": 16.52,
            "gross_margin_4q_avg": 16.96,
            "net_income": 58339,
            "net_income_4q": null,
            "revenue": 1206596,
            "revenue_4q": null,
            "common_shares": 2677761,
            "book_valuer_per_share": 36.96,
            "book_valuer_per_share_4q_avg": 36.59,
            "equity": 9895715,
            "current_ratio": 464.9,
            "debt_ratio": 9.26,
            "inventory_turnover_ratio": 3.09,
            "account_receivable_turnover_ratio": 0.95,
            "reinvestment_rate": 51.36,
            "research_to_sale_ratio": 1.23,
            "price_fair": 85.58,
            "eps_avg_yearly": 2.45,
            "eps_latest_yearly": 0.88,
            "eps_growth_yearly": 74.91
        },
        "20174": {
            "year_quarter": 20174,
            "year": 2017,
            "quarter": 4,
            "eps": -0.02,
            "eps_growth_year": -126.81,
            "eps_4q": 0.68,
            "eps_4q_growth_year": -55.53,
            "roe": -0.05,
            "roe_4q": 1.8900000000000001,
            "gross_profit": 115246,
            "gross_margin": 10.32,
            "gross_margin_4q_avg": 15.04,
            "net_income": -4639,
            "net_income_4q": null,
            "revenue": 1116916,
            "revenue_4q": null,
            "common_shares": 2677761,
            "book_valuer_per_share": 37.1,
            "book_valuer_per_share_4q_avg": 36.59,
            "equity": 9934553,
            "current_ratio": 528.92,
            "debt_ratio": 8.21,
            "inventory_turnover_ratio": 3.12,
            "account_receivable_turnover_ratio": 1,
            "reinvestment_rate": 18.26,
            "research_to_sale_ratio": 1.25,
            "price_fair": 80.55,
            "eps_avg_yearly": 2.3,
            "eps_latest_yearly": 0.88,
            "eps_growth_yearly": 92.94
        },
        "20181": {
            "year_quarter": 20181,
            "year": 2018,
            "quarter": 1,
            "eps": -0.51,
            "eps_growth_year": -304,
            "eps_4q": -0.08,
            "eps_4q_growth_year": -105.68,
            "roe": -1.38,
            "roe_4q": -0.16999999999999993,
            "gross_profit": -42543,
            "gross_margin": -12.37,
            "gross_margin_4q_avg": 7.76,
            "net_income": -137264,
            "net_income_4q": null,
            "revenue": 343807,
            "revenue_4q": null,
            "common_shares": 2677761,
            "book_valuer_per_share": 37.25,
            "book_valuer_per_share_4q_avg": 36.97,
            "equity": 9975598,
            "current_ratio": 977.03,
            "debt_ratio": 4.47,
            "inventory_turnover_ratio": 1.34,
            "account_receivable_turnover_ratio": 0.49,
            "reinvestment_rate": 17.42,
            "research_to_sale_ratio": 2.46,
            "price_fair": 71,
            "eps_avg_yearly": 2.03,
            "eps_latest_yearly": 0.88,
            "eps_growth_yearly": 90.14
        },
        "20182": {
            "year_quarter": 20182,
            "year": 2018,
            "quarter": 2,
            "eps": -0.56,
            "eps_growth_year": -333.33,
            "eps_4q": -0.87,
            "eps_4q_growth_year": -183.05,
            "roe": -1.52,
            "roe_4q": -2.3499999999999996,
            "gross_profit": -42217,
            "gross_margin": -11.32,
            "gross_margin_4q_avg": 0.79,
            "net_income": -149183,
            "net_income_4q": null,
            "revenue": 372964,
            "revenue_4q": null,
            "common_shares": 2677761,
            "book_valuer_per_share": 36.24,
            "book_valuer_per_share_4q_avg": 36.89,
            "equity": 9704735,
            "current_ratio": 898.38,
            "debt_ratio": 4.8,
            "inventory_turnover_ratio": 1.82,
            "account_receivable_turnover_ratio": 1.19,
            "reinvestment_rate": 8.36,
            "research_to_sale_ratio": 2.07,
            "price_fair": 62.25,
            "eps_avg_yearly": 1.78,
            "eps_latest_yearly": 0.88,
            "eps_growth_yearly": 101.3
        },
        "20183": {
            "year_quarter": 20183,
            "year": 2018,
            "quarter": 3,
            "eps": -0.68,
            "eps_growth_year": -409.09,
            "eps_4q": -1.76,
            "eps_4q_growth_year": -330.51,
            "roe": -1.92,
            "roe_4q": -4.87,
            "gross_profit": -46761,
            "gross_margin": -13.94,
            "gross_margin_4q_avg": -6.83,
            "net_income": -181557,
            "net_income_4q": null,
            "revenue": 335481,
            "revenue_4q": null,
            "common_shares": 2689547,
            "book_valuer_per_share": 34.27,
            "book_valuer_per_share_4q_avg": 36.22,
            "equity": 9216378,
            "current_ratio": 889,
            "debt_ratio": 4.83,
            "inventory_turnover_ratio": 1.79,
            "account_receivable_turnover_ratio": 1.41,
            "reinvestment_rate": -53.46,
            "research_to_sale_ratio": 2.58,
            "price_fair": 54.25,
            "eps_avg_yearly": 1.55,
            "eps_latest_yearly": 0.88,
            "eps_growth_yearly": 114.54
        },
        "20184": {
            "year_quarter": 20184,
            "year": 2018,
            "quarter": 4,
            "eps": -5.28,
            "eps_growth_year": null,
            "eps_4q": -7.02,
            "eps_4q_growth_year": -1131.05,
            "roe": -16.63,
            "roe_4q": -21.449999999999996,
            "gross_profit": -644767,
            "gross_margin": -156.29,
            "gross_margin_4q_avg": -48.48,
            "net_income": -1420422,
            "net_income_4q": null,
            "revenue": 412545,
            "revenue_4q": null,
            "common_shares": 2689547,
            "book_valuer_per_share": 29.24,
            "book_valuer_per_share_4q_avg": 34.25,
            "equity": 7863082,
            "current_ratio": 713.27,
            "debt_ratio": 6.79,
            "inventory_turnover_ratio": 4.72,
            "account_receivable_turnover_ratio": 1.73,
            "reinvestment_rate": null,
            "research_to_sale_ratio": 3.54,
            "price_fair": 48.11,
            "eps_avg_yearly": 1.37,
            "eps_latest_yearly": 0.88,
            "eps_growth_yearly": 133.32
        },
        "20191": {
            "year_quarter": 20191,
            "year": 2019,
            "quarter": 1,
            "eps": -0.73,
            "eps_growth_year": null,
            "eps_4q": -7.24,
            "eps_4q_growth_year": null,
            "roe": -2.5,
            "roe_4q": -22.569999999999997,
            "gross_profit": -95438,
            "gross_margin": -25.46,
            "gross_margin_4q_avg": -51.75,
            "net_income": -196515,
            "net_income_4q": null,
            "revenue": 374806,
            "revenue_4q": null,
            "common_shares": 2689547,
            "book_valuer_per_share": 29.25,
            "book_valuer_per_share_4q_avg": 32.25,
            "equity": 7867674,
            "current_ratio": 794.7,
            "debt_ratio": 6.03,
            "inventory_turnover_ratio": 2.19,
            "account_receivable_turnover_ratio": 1.47,
            "reinvestment_rate": null,
            "research_to_sale_ratio": 4.65,
            "price_fair": 49.14,
            "eps_avg_yearly": 1.4,
            "eps_latest_yearly": 0.88,
            "eps_growth_yearly": 174.24
        },
        "20192": {
            "year_quarter": 20192,
            "year": 2019,
            "quarter": 2,
            "eps": -0.69,
            "eps_growth_year": null,
            "eps_4q": -7.38,
            "eps_4q_growth_year": null,
            "roe": -2.4,
            "roe_4q": -23.450000000000003,
            "gross_profit": -92019,
            "gross_margin": -35.06,
            "gross_margin_4q_avg": -57.69,
            "net_income": -185136,
            "net_income_4q": null,
            "revenue": 262453,
            "revenue_4q": null,
            "common_shares": 2689547,
            "book_valuer_per_share": 28.22,
            "book_valuer_per_share_4q_avg": 30.25,
            "equity": 7588657,
            "current_ratio": 911.76,
            "debt_ratio": 5.27,
            "inventory_turnover_ratio": 1.79,
            "account_receivable_turnover_ratio": 1.17,
            "reinvestment_rate": null,
            "research_to_sale_ratio": 5.25,
            "price_fair": 52.58,
            "eps_avg_yearly": 1.5,
            "eps_latest_yearly": 0.88,
            "eps_growth_yearly": 216.64
        },
        "20193": {
            "year_quarter": 20193,
            "year": 2019,
            "quarter": 3,
            "eps": -0.54,
            "eps_growth_year": null,
            "eps_4q": -7.24,
            "eps_4q_growth_year": null,
            "roe": -1.96,
            "roe_4q": -23.49,
            "gross_profit": -61483,
            "gross_margin": -21.71,
            "gross_margin_4q_avg": -59.63,
            "net_income": -144485,
            "net_income_4q": null,
            "revenue": 283246,
            "revenue_4q": null,
            "common_shares": 2689547,
            "book_valuer_per_share": 26.66,
            "book_valuer_per_share_4q_avg": 28.34,
            "equity": 7169547,
            "current_ratio": 906.14,
            "debt_ratio": 5.3,
            "inventory_turnover_ratio": 1.91,
            "account_receivable_turnover_ratio": 1.56,
            "reinvestment_rate": null,
            "research_to_sale_ratio": 3.2,
            "price_fair": 51.63,
            "eps_avg_yearly": 1.48,
            "eps_latest_yearly": 0.88,
            "eps_growth_yearly": 128.34
        },
        "20194": {
            "year_quarter": 20194,
            "year": 2019,
            "quarter": 4,
            "eps": -0.43,
            "eps_growth_year": null,
            "eps_4q": -2.39,
            "eps_4q_growth_year": null,
            "roe": -1.64,
            "roe_4q": -8.5,
            "gross_profit": -19682,
            "gross_margin": -5.82,
            "gross_margin_4q_avg": -22.01,
            "net_income": -115890,
            "net_income_4q": null,
            "revenue": 337895,
            "revenue_4q": null,
            "common_shares": 2689547,
            "book_valuer_per_share": 26.01,
            "book_valuer_per_share_4q_avg": 27.54,
            "equity": 6996255,
            "current_ratio": 607.08,
            "debt_ratio": 7.78,
            "inventory_turnover_ratio": 1.64,
            "account_receivable_turnover_ratio": 1.48,
            "reinvestment_rate": null,
            "research_to_sale_ratio": 3.6,
            "price_fair": 45.4,
            "eps_avg_yearly": 1.3,
            "eps_latest_yearly": 0.88,
            "eps_growth_yearly": 113.45
        },
        "20201": {
            "year_quarter": 20201,
            "year": 2020,
            "quarter": 1,
            "eps": -0.44,
            "eps_growth_year": null,
            "eps_4q": -2.1,
            "eps_4q_growth_year": null,
            "roe": -1.72,
            "roe_4q": -7.720000000000001,
            "gross_profit": -41977,
            "gross_margin": -22.77,
            "gross_margin_4q_avg": -21.34,
            "net_income": -118814,
            "net_income_4q": null,
            "revenue": 184374,
            "revenue_4q": null,
            "common_shares": 2689547,
            "book_valuer_per_share": 25.3,
            "book_valuer_per_share_4q_avg": 26.55,
            "equity": 6805576,
            "current_ratio": 825.73,
            "debt_ratio": 5.81,
            "inventory_turnover_ratio": 0.93,
            "account_receivable_turnover_ratio": 0.73,
            "reinvestment_rate": null,
            "research_to_sale_ratio": 3.51,
            "price_fair": 42.7,
            "eps_avg_yearly": 1.22,
            "eps_latest_yearly": 0.88,
            "eps_growth_yearly": 155.88
        },
        "20202": {
            "year_quarter": 20202,
            "year": 2020,
            "quarter": 2,
            "eps": -0.41,
            "eps_growth_year": null,
            "eps_4q": -1.82,
            "eps_4q_growth_year": null,
            "roe": -1.66,
            "roe_4q": -6.9799999999999995,
            "gross_profit": -50435,
            "gross_margin": -24.47,
            "gross_margin_4q_avg": -18.69,
            "net_income": -111450,
            "net_income_4q": null,
            "revenue": 206104,
            "revenue_4q": null,
            "common_shares": 2689547,
            "book_valuer_per_share": 24.49,
            "book_valuer_per_share_4q_avg": 25.62,
            "equity": 6586355,
            "current_ratio": 666.28,
            "debt_ratio": 7.13,
            "inventory_turnover_ratio": 1.17,
            "account_receivable_turnover_ratio": 0.96,
            "reinvestment_rate": null,
            "research_to_sale_ratio": 5.57,
            "price_fair": 35.84,
            "eps_avg_yearly": 1.02,
            "eps_latest_yearly": 0.88,
            "eps_growth_yearly": 167.06
        },
        "20203": {
            "year_quarter": 20203,
            "year": 2020,
            "quarter": 3,
            "eps": -0.47,
            "eps_growth_year": null,
            "eps_4q": -1.75,
            "eps_4q_growth_year": null,
            "roe": -1.9,
            "roe_4q": -6.919999999999999,
            "gross_profit": -51926,
            "gross_margin": -20.31,
            "gross_margin_4q_avg": -18.34,
            "net_income": -125087,
            "net_income_4q": null,
            "revenue": 255613,
            "revenue_4q": null,
            "common_shares": 2689547,
            "book_valuer_per_share": 24.49,
            "book_valuer_per_share_4q_avg": 25.07,
            "equity": 6588027,
            "current_ratio": 559.54,
            "debt_ratio": 8.45,
            "inventory_turnover_ratio": 1.36,
            "account_receivable_turnover_ratio": 1.12,
            "reinvestment_rate": null,
            "research_to_sale_ratio": 3.83,
            "price_fair": 26.95,
            "eps_avg_yearly": 0.77,
            "eps_latest_yearly": 0.88,
            "eps_growth_yearly": 216.1
        },
        "20204": {
            "year_quarter": 20204,
            "year": 2020,
            "quarter": 4,
            "eps": -3.56,
            "eps_growth_year": null,
            "eps_4q": -4.88,
            "eps_4q_growth_year": null,
            "roe": -15.46,
            "roe_4q": -20.74,
            "gross_profit": -333824,
            "gross_margin": -92.2,
            "gross_margin_4q_avg": -39.94,
            "net_income": -957451,
            "net_income_4q": null,
            "revenue": 362066,
            "revenue_4q": null,
            "common_shares": 2689547,
            "book_valuer_per_share": 21.55,
            "book_valuer_per_share_4q_avg": 23.96,
            "equity": 5794990,
            "current_ratio": 472.73,
            "debt_ratio": 11.29,
            "inventory_turnover_ratio": 2.74,
            "account_receivable_turnover_ratio": 1.37,
            "reinvestment_rate": null,
            "research_to_sale_ratio": 3.18,
            "price_fair": 33.13,
            "eps_avg_yearly": 0.95,
            "eps_latest_yearly": 0.88,
            "eps_growth_yearly": 405.78
        },
        "20211": {
            "year_quarter": 20211,
            "year": 2021,
            "quarter": 1,
            "eps": -0.39,
            "eps_growth_year": null,
            "eps_4q": -4.83,
            "eps_4q_growth_year": null,
            "roe": -1.84,
            "roe_4q": -20.86,
            "gross_profit": -30097,
            "gross_margin": -11.36,
            "gross_margin_4q_avg": -37.09,
            "net_income": -105281,
            "net_income_4q": null,
            "revenue": 264943,
            "revenue_4q": null,
            "common_shares": 2689547,
            "book_valuer_per_share": 20.97,
            "book_valuer_per_share_4q_avg": 22.88,
            "equity": 5639037,
            "current_ratio": 506.16,
            "debt_ratio": 12.5,
            "inventory_turnover_ratio": 1.02,
            "account_receivable_turnover_ratio": 1.05,
            "reinvestment_rate": null,
            "research_to_sale_ratio": 3.31,
            "price_fair": 2.76,
            "eps_avg_yearly": 0.92,
            "eps_latest_yearly": 0.88,
            "eps_growth_yearly": -24.67
        },
        "20212": {
            "year_quarter": 20212,
            "year": 2021,
            "quarter": 2,
            "eps": -0.38,
            "eps_growth_year": null,
            "eps_4q": -4.8,
            "eps_4q_growth_year": null,
            "roe": -1.85,
            "roe_4q": -21.05,
            "gross_profit": -29291,
            "gross_margin": -8.87,
            "gross_margin_4q_avg": -33.19,
            "net_income": -103039,
            "net_income_4q": null,
            "revenue": 330360,
            "revenue_4q": null,
            "common_shares": 2689547,
            "book_valuer_per_share": 20.44,
            "book_valuer_per_share_4q_avg": 21.86,
            "equity": 5497985,
            "current_ratio": 484.89,
            "debt_ratio": 13.17,
            "inventory_turnover_ratio": 1.09,
            "account_receivable_turnover_ratio": 1.42,
            "reinvestment_rate": null,
            "research_to_sale_ratio": 3.52,
            "price_fair": 2.64,
            "eps_avg_yearly": 0.88,
            "eps_latest_yearly": 0.88,
            "eps_growth_yearly": -33.33
        },
        "20213": {
            "year_quarter": 20213,
            "year": 2021,
            "quarter": 3,
            "eps": -0.55,
            "eps_growth_year": null,
            "eps_4q": -4.88,
            "eps_4q_growth_year": null,
            "roe": -2.72,
            "roe_4q": -21.87,
            "gross_profit": -62309,
            "gross_margin": -23.15,
            "gross_margin_4q_avg": -33.9,
            "net_income": -147544,
            "net_income_4q": null,
            "revenue": 269166,
            "revenue_4q": null,
            "common_shares": 2689547,
            "book_valuer_per_share": 19.9,
            "book_valuer_per_share_4q_avg": 20.72,
            "equity": 5351237,
            "current_ratio": 497.03,
            "debt_ratio": 12.85,
            "inventory_turnover_ratio": 0.97,
            "account_receivable_turnover_ratio": 1.15,
            "reinvestment_rate": null,
            "research_to_sale_ratio": 3.37,
            "price_fair": 0,
            "eps_avg_yearly": 0,
            "eps_latest_yearly": 0,
            "eps_growth_yearly": 0
        },
        "20214": {
            "year_quarter": 20214,
            "year": 2021,
            "quarter": 4,
            "eps": -0.39,
            "eps_growth_year": null,
            "eps_4q": -1.71,
            "eps_4q_growth_year": null,
            "roe": -1.97,
            "roe_4q": -8.38,
            "gross_profit": -73027,
            "gross_margin": -30.1,
            "gross_margin_4q_avg": -18.37,
            "net_income": -105057,
            "net_income_4q": null,
            "revenue": 242629,
            "revenue_4q": null,
            "common_shares": 2689547,
            "book_valuer_per_share": 19.71,
            "book_valuer_per_share_4q_avg": 20.26,
            "equity": 5300077,
            "current_ratio": 2100.12,
            "debt_ratio": 3.77,
            "inventory_turnover_ratio": 1.36,
            "account_receivable_turnover_ratio": 1.5,
            "reinvestment_rate": null,
            "research_to_sale_ratio": 3.49,
            "price_fair": 0,
            "eps_avg_yearly": 0,
            "eps_latest_yearly": 0,
            "eps_growth_yearly": 0
        },
        "20221": {
            "year_quarter": 20221,
            "year": 2022,
            "quarter": 1,
            "eps": -0.36,
            "eps_growth_year": null,
            "eps_4q": -1.69,
            "eps_4q_growth_year": null,
            "roe": -1.83,
            "roe_4q": -8.37,
            "gross_profit": -49571,
            "gross_margin": -35.06,
            "gross_margin_4q_avg": -24.3,
            "net_income": -97829,
            "net_income_4q": null,
            "revenue": 141378,
            "revenue_4q": null,
            "common_shares": 2689547,
            "book_valuer_per_share": 20.03,
            "book_valuer_per_share_4q_avg": 20.02,
            "equity": 5386788,
            "current_ratio": 3823.17,
            "debt_ratio": 2.6,
            "inventory_turnover_ratio": 1.67,
            "account_receivable_turnover_ratio": 1.37,
            "reinvestment_rate": null,
            "research_to_sale_ratio": 3.56,
            "price_fair": 0,
            "eps_avg_yearly": 0,
            "eps_latest_yearly": 0,
            "eps_growth_yearly": 0
        },
        "20222": {
            "year_quarter": 20222,
            "year": 2022,
            "quarter": 2,
            "eps": -0.45,
            "eps_growth_year": null,
            "eps_4q": -1.75,
            "eps_4q_growth_year": null,
            "roe": -2.25,
            "roe_4q": -8.77,
            "gross_profit": -65200,
            "gross_margin": -43.51,
            "gross_margin_4q_avg": -32.96,
            "net_income": -119218,
            "net_income_4q": null,
            "revenue": 149849,
            "revenue_4q": null,
            "common_shares": 2689547,
            "book_valuer_per_share": 19.29,
            "book_valuer_per_share_4q_avg": 19.73,
            "equity": 5188047,
            "current_ratio": 3131.68,
            "debt_ratio": 2.93,
            "inventory_turnover_ratio": 1.93,
            "account_receivable_turnover_ratio": 1.47,
            "reinvestment_rate": null,
            "research_to_sale_ratio": 3.47,
            "price_fair": 0,
            "eps_avg_yearly": 0,
            "eps_latest_yearly": 0,
            "eps_growth_yearly": 0
        },
        "20223": {
            "year_quarter": 20223,
            "year": 2022,
            "quarter": 3,
            "eps": -0.53,
            "eps_growth_year": null,
            "eps_4q": -1.73,
            "eps_4q_growth_year": null,
            "roe": -2.78,
            "roe_4q": -8.83,
            "gross_profit": -60373,
            "gross_margin": -33.98,
            "gross_margin_4q_avg": -35.66,
            "net_income": -142971,
            "net_income_4q": null,
            "revenue": 177662,
            "revenue_4q": null,
            "common_shares": 2689547,
            "book_valuer_per_share": 18.9,
            "book_valuer_per_share_4q_avg": 19.48,
            "equity": 5083893,
            "current_ratio": 3208.49,
            "debt_ratio": 2.92,
            "inventory_turnover_ratio": 2.06,
            "account_receivable_turnover_ratio": 1.57,
            "reinvestment_rate": null,
            "research_to_sale_ratio": 2.84,
            "price_fair": 0,
            "eps_avg_yearly": 0,
            "eps_latest_yearly": 0,
            "eps_growth_yearly": 0
        },
        "20224": {
            "year_quarter": 20224,
            "year": 2022,
            "quarter": 4,
            "eps": -0.43,
            "eps_growth_year": null,
            "eps_4q": -1.77,
            "eps_4q_growth_year": null,
            "roe": -2.34,
            "roe_4q": -9.2,
            "gross_profit": -51675,
            "gross_margin": -29.58,
            "gross_margin_4q_avg": -35.53,
            "net_income": -116874,
            "net_income_4q": null,
            "revenue": 174714,
            "revenue_4q": null,
            "common_shares": 2689547,
            "book_valuer_per_share": 18.19,
            "book_valuer_per_share_4q_avg": 19.1,
            "equity": 4893473,
            "current_ratio": 2502.45,
            "debt_ratio": 3.43,
            "inventory_turnover_ratio": 1.92,
            "account_receivable_turnover_ratio": 1.4,
            "reinvestment_rate": null,
            "research_to_sale_ratio": 3.1,
            "price_fair": 0,
            "eps_avg_yearly": 0,
            "eps_latest_yearly": 0,
            "eps_growth_yearly": 0
        },
        "20231": {
            "year_quarter": 20231,
            "year": 2023,
            "quarter": 1,
            "eps": -0.33,
            "eps_growth_year": null,
            "eps_4q": -1.74,
            "eps_4q_growth_year": null,
            "roe": -1.84,
            "roe_4q": -9.209999999999999,
            "gross_profit": -46033,
            "gross_margin": -31.29,
            "gross_margin_4q_avg": -34.59,
            "net_income": -89652,
            "net_income_4q": null,
            "revenue": 147096,
            "revenue_4q": null,
            "common_shares": 2689547,
            "book_valuer_per_share": 17.96,
            "book_valuer_per_share_4q_avg": 18.59,
            "equity": 4830013,
            "current_ratio": 2789.46,
            "debt_ratio": 3.2,
            "inventory_turnover_ratio": 1.48,
            "account_receivable_turnover_ratio": 1.35,
            "reinvestment_rate": null,
            "research_to_sale_ratio": 3.31,
            "price_fair": 0,
            "eps_avg_yearly": 0,
            "eps_latest_yearly": 0,
            "eps_growth_yearly": 0
        },
        "20232": {
            "year_quarter": 20232,
            "year": 2023,
            "quarter": 2,
            "eps": -0.35,
            "eps_growth_year": null,
            "eps_4q": -1.65,
            "eps_4q_growth_year": null,
            "roe": -1.99,
            "roe_4q": -8.95,
            "gross_profit": -46464,
            "gross_margin": -24.63,
            "gross_margin_4q_avg": -29.87,
            "net_income": -93578,
            "net_income_4q": null,
            "revenue": 188637,
            "revenue_4q": null,
            "common_shares": 2689547,
            "book_valuer_per_share": 17.02,
            "book_valuer_per_share_4q_avg": 18.02,
            "equity": 4576468,
            "current_ratio": 2472.4,
            "debt_ratio": 3.42,
            "inventory_turnover_ratio": 1.93,
            "account_receivable_turnover_ratio": 1.85,
            "reinvestment_rate": null,
            "research_to_sale_ratio": 3.16,
            "price_fair": 0,
            "eps_avg_yearly": 0,
            "eps_latest_yearly": 0,
            "eps_growth_yearly": 0
        },
        "20233": {
            "year_quarter": 20233,
            "year": 2023,
            "quarter": 3,
            "eps": -0.45,
            "eps_growth_year": null,
            "eps_4q": -1.56,
            "eps_4q_growth_year": null,
            "roe": -2.62,
            "roe_4q": -8.79,
            "gross_profit": -36202,
            "gross_margin": -17.69,
            "gross_margin_4q_avg": -25.8,
            "net_income": -120106,
            "net_income_4q": null,
            "revenue": 204607,
            "revenue_4q": null,
            "common_shares": 2689547,
            "book_valuer_per_share": 17.09,
            "book_valuer_per_share_4q_avg": 17.57,
            "equity": 4597377,
            "current_ratio": 2170.25,
            "debt_ratio": 3.56,
            "inventory_turnover_ratio": 2.49,
            "account_receivable_turnover_ratio": 1.64,
            "reinvestment_rate": null,
            "research_to_sale_ratio": 2.4,
            "price_fair": 0,
            "eps_avg_yearly": 0,
            "eps_latest_yearly": 0,
            "eps_growth_yearly": 0
        }
    },
    "months": {
        "2011-07": {
            "month": "2011-07",
            "price": "125.97",
            "revenue": 458286
        },
        "2011-08": {
            "month": "2011-08",
            "price": "91.86",
            "revenue": 434771
        },
        "2011-09": {
            "month": "2011-09",
            "price": "78.85",
            "revenue": 529044
        },
        "2011-10": {
            "month": "2011-10",
            "price": "72.96",
            "revenue": 545431
        },
        "2011-11": {
            "month": "2011-11",
            "price": "78.49",
            "revenue": 554149
        },
        "2011-12": {
            "month": "2011-12",
            "price": "66.74",
            "revenue": 447921
        },
        "2012-01": {
            "month": "2012-01",
            "price": "65.51",
            "revenue": 312830
        },
        "2012-02": {
            "month": "2012-02",
            "price": "76.76",
            "revenue": 381823
        },
        "2012-03": {
            "month": "2012-03",
            "price": "87.00",
            "revenue": 493664
        },
        "2012-04": {
            "month": "2012-04",
            "price": "81.31",
            "revenue": 511831
        },
        "2012-05": {
            "month": "2012-05",
            "price": "88.95",
            "revenue": 533885
        },
        "2012-06": {
            "month": "2012-06",
            "price": "88.14",
            "revenue": 548740
        },
        "2012-07": {
            "month": "2012-07",
            "price": "82.54",
            "revenue": 503083
        },
        "2012-08": {
            "month": "2012-08",
            "price": "92.93",
            "revenue": 551734
        },
        "2012-09": {
            "month": "2012-09",
            "price": "94.58",
            "revenue": 548466
        },
        "2012-10": {
            "month": "2012-10",
            "price": "93.34",
            "revenue": 551130
        },
        "2012-11": {
            "month": "2012-11",
            "price": "84.90",
            "revenue": 503363
        },
        "2012-12": {
            "month": "2012-12",
            "price": "84.96",
            "revenue": 572797
        },
        "2013-01": {
            "month": "2013-01",
            "price": "84.55",
            "revenue": 308885
        },
        "2013-02": {
            "month": "2013-02",
            "price": "85.42",
            "revenue": 130012
        },
        "2013-03": {
            "month": "2013-03",
            "price": "80.54",
            "revenue": 522230
        },
        "2013-04": {
            "month": "2013-04",
            "price": "79.64",
            "revenue": 555974
        },
        "2013-05": {
            "month": "2013-05",
            "price": "80.28",
            "revenue": 575149
        },
        "2013-06": {
            "month": "2013-06",
            "price": "78.69",
            "revenue": 568047
        },
        "2013-07": {
            "month": "2013-07",
            "price": "77.87",
            "revenue": 584287
        },
        "2013-08": {
            "month": "2013-08",
            "price": "78.81",
            "revenue": 616255
        },
        "2013-09": {
            "month": "2013-09",
            "price": "80.64",
            "revenue": 664429
        },
        "2013-10": {
            "month": "2013-10",
            "price": "84.25",
            "revenue": 677736
        },
        "2013-11": {
            "month": "2013-11",
            "price": "85.74",
            "revenue": 904907
        },
        "2013-12": {
            "month": "2013-12",
            "price": "90.25",
            "revenue": 1095293
        },
        "2014-01": {
            "month": "2014-01",
            "price": "93.76",
            "revenue": 408371
        },
        "2014-02": {
            "month": "2014-02",
            "price": "90.11",
            "revenue": 233118
        },
        "2014-03": {
            "month": "2014-03",
            "price": "89.18",
            "revenue": 577255
        },
        "2014-04": {
            "month": "2014-04",
            "price": "84.74",
            "revenue": 586088
        },
        "2014-05": {
            "month": "2014-05",
            "price": "68.03",
            "revenue": 494259
        },
        "2014-06": {
            "month": "2014-06",
            "price": "62.40",
            "revenue": 486688
        },
        "2014-07": {
            "month": "2014-07",
            "price": "46.88",
            "revenue": 490046
        },
        "2014-08": {
            "month": "2014-08",
            "price": "44.07",
            "revenue": 505009
        },
        "2014-09": {
            "month": "2014-09",
            "price": "45.49",
            "revenue": 423822
        },
        "2014-10": {
            "month": "2014-10",
            "price": "37.89",
            "revenue": 369091
        },
        "2014-11": {
            "month": "2014-11",
            "price": "35.47",
            "revenue": 387553
        },
        "2014-12": {
            "month": "2014-12",
            "price": "35.62",
            "revenue": 418154
        },
        "2015-01": {
            "month": "2015-01",
            "price": "36.85",
            "revenue": 414091
        },
        "2015-02": {
            "month": "2015-02",
            "price": "36.88",
            "revenue": 158609
        },
        "2015-03": {
            "month": "2015-03",
            "price": "35.26",
            "revenue": 265917
        },
        "2015-04": {
            "month": "2015-04",
            "price": "30.02",
            "revenue": 299772
        },
        "2015-05": {
            "month": "2015-05",
            "price": "22.25",
            "revenue": 375824
        },
        "2015-06": {
            "month": "2015-06",
            "price": "19.66",
            "revenue": 443901
        },
        "2015-07": {
            "month": "2015-07",
            "price": "17.35",
            "revenue": 459972
        },
        "2015-08": {
            "month": "2015-08",
            "price": "13.62",
            "revenue": 460678
        },
        "2015-09": {
            "month": "2015-09",
            "price": "14.54",
            "revenue": 480801
        },
        "2015-10": {
            "month": "2015-10",
            "price": "20.31",
            "revenue": 504793
        },
        "2015-11": {
            "month": "2015-11",
            "price": "21.48",
            "revenue": 563255
        },
        "2015-12": {
            "month": "2015-12",
            "price": "18.76",
            "revenue": 573796
        },
        "2016-01": {
            "month": "2016-01",
            "price": "16.37",
            "revenue": 532787
        },
        "2016-02": {
            "month": "2016-02",
            "price": "18.03",
            "revenue": 220167
        },
        "2016-03": {
            "month": "2016-03",
            "price": "19.38",
            "revenue": 480038
        },
        "2016-04": {
            "month": "2016-04",
            "price": "19.52",
            "revenue": 500529
        },
        "2016-05": {
            "month": "2016-05",
            "price": "18.25",
            "revenue": 507672
        },
        "2016-06": {
            "month": "2016-06",
            "price": "18.62",
            "revenue": 508969
        },
        "2016-07": {
            "month": "2016-07",
            "price": "18.70",
            "revenue": 501266
        },
        "2016-08": {
            "month": "2016-08",
            "price": "19.00",
            "revenue": 560841
        },
        "2016-09": {
            "month": "2016-09",
            "price": "18.62",
            "revenue": 471004
        },
        "2016-10": {
            "month": "2016-10",
            "price": "18.32",
            "revenue": 480795
        },
        "2016-11": {
            "month": "2016-11",
            "price": "17.19",
            "revenue": 488780
        },
        "2016-12": {
            "month": "2016-12",
            "price": "17.04",
            "revenue": 511915
        },
        "2017-01": {
            "month": "2017-01",
            "price": "17.71",
            "revenue": 351534
        },
        "2017-02": {
            "month": "2017-02",
            "price": "17.34",
            "revenue": 230504
        },
        "2017-03": {
            "month": "2017-03",
            "price": "16.56",
            "revenue": 386646
        },
        "2017-04": {
            "month": "2017-04",
            "price": "15.27",
            "revenue": 445210
        },
        "2017-05": {
            "month": "2017-05",
            "price": "13.57",
            "revenue": 420586
        },
        "2017-06": {
            "month": "2017-06",
            "price": "13.61",
            "revenue": 430312
        },
        "2017-07": {
            "month": "2017-07",
            "price": "13.70",
            "revenue": 429699
        },
        "2017-08": {
            "month": "2017-08",
            "price": "13.82",
            "revenue": 412927
        },
        "2017-09": {
            "month": "2017-09",
            "price": "13.23",
            "revenue": 359863
        },
        "2017-10": {
            "month": "2017-10",
            "price": "12.89",
            "revenue": 392664
        },
        "2017-11": {
            "month": "2017-11",
            "price": "12.79",
            "revenue": 372938
        },
        "2017-12": {
            "month": "2017-12",
            "price": "12.43",
            "revenue": 358628
        },
        "2018-01": {
            "month": "2018-01",
            "price": "13.24",
            "revenue": 157343
        },
        "2018-02": {
            "month": "2018-02",
            "price": "12.06",
            "revenue": 62316
        },
        "2018-03": {
            "month": "2018-03",
            "price": "11.36",
            "revenue": 133927
        },
        "2018-04": {
            "month": "2018-04",
            "price": "11.34",
            "revenue": 113034
        },
        "2018-05": {
            "month": "2018-05",
            "price": "10.60",
            "revenue": 124601
        },
        "2018-06": {
            "month": "2018-06",
            "price": "10.49",
            "revenue": 119222
        },
        "2018-07": {
            "month": "2018-07",
            "price": "9.08",
            "revenue": 120930
        },
        "2018-08": {
            "month": "2018-08",
            "price": "8.58",
            "revenue": 111750
        },
        "2018-09": {
            "month": "2018-09",
            "price": "8.06",
            "revenue": 111027
        },
        "2018-10": {
            "month": "2018-10",
            "price": "7.00",
            "revenue": 129167
        },
        "2018-11": {
            "month": "2018-11",
            "price": "6.67",
            "revenue": 143367
        },
        "2018-12": {
            "month": "2018-12",
            "price": "6.81",
            "revenue": 139870
        },
        "2019-01": {
            "month": "2019-01",
            "price": "6.58",
            "revenue": 131561
        },
        "2019-02": {
            "month": "2019-02",
            "price": "7.14",
            "revenue": 73286
        },
        "2019-03": {
            "month": "2019-03",
            "price": "7.15",
            "revenue": 163960
        },
        "2019-04": {
            "month": "2019-04",
            "price": "7.46",
            "revenue": 68526
        },
        "2019-05": {
            "month": "2019-05",
            "price": "7.12",
            "revenue": 92226
        },
        "2019-06": {
            "month": "2019-06",
            "price": "6.69",
            "revenue": 105934
        },
        "2019-07": {
            "month": "2019-07",
            "price": "6.10",
            "revenue": 92574
        },
        "2019-08": {
            "month": "2019-08",
            "price": "5.89",
            "revenue": 88396
        },
        "2019-09": {
            "month": "2019-09",
            "price": "5.99",
            "revenue": 100189
        },
        "2019-10": {
            "month": "2019-10",
            "price": "5.81",
            "revenue": 96614
        },
        "2019-11": {
            "month": "2019-11",
            "price": "5.89",
            "revenue": 115355
        },
        "2019-12": {
            "month": "2019-12",
            "price": "5.94",
            "revenue": 128450
        },
        "2020-01": {
            "month": "2020-01",
            "price": "5.94",
            "revenue": 87446
        },
        "2020-02": {
            "month": "2020-02",
            "price": "5.28",
            "revenue": 5389
        },
        "2020-03": {
            "month": "2020-03",
            "price": "4.08",
            "revenue": 91595
        },
        "2020-04": {
            "month": "2020-04",
            "price": "4.06",
            "revenue": 65295
        },
        "2020-05": {
            "month": "2020-05",
            "price": "4.96",
            "revenue": 66816
        },
        "2020-06": {
            "month": "2020-06",
            "price": "5.14",
            "revenue": 74032
        },
        "2020-07": {
            "month": "2020-07",
            "price": "5.27",
            "revenue": 81781
        },
        "2020-08": {
            "month": "2020-08",
            "price": "5.31",
            "revenue": 94272
        },
        "2020-09": {
            "month": "2020-09",
            "price": "7.06",
            "revenue": 79338
        },
        "2020-10": {
            "month": "2020-10",
            "price": "7.85",
            "revenue": 104094
        },
        "2020-11": {
            "month": "2020-11",
            "price": "7.63",
            "revenue": 120963
        },
        "2020-12": {
            "month": "2020-12",
            "price": "9.15",
            "revenue": 137055
        },
        "2021-01": {
            "month": "2021-01",
            "price": "8.52",
            "revenue": 107554
        },
        "2021-02": {
            "month": "2021-02",
            "price": "8.62",
            "revenue": 54837
        },
        "2021-03": {
            "month": "2021-03",
            "price": "8.64",
            "revenue": 102248
        },
        "2021-04": {
            "month": "2021-04",
            "price": "8.31",
            "revenue": 108468
        },
        "2021-05": {
            "month": "2021-05",
            "price": "7.84",
            "revenue": 111075
        },
        "2021-06": {
            "month": "2021-06",
            "price": "7.92",
            "revenue": 105134
        },
        "2021-07": {
            "month": "2021-07",
            "price": "8.19",
            "revenue": 98066
        },
        "2021-08": {
            "month": "2021-08",
            "price": "7.35",
            "revenue": 87640
        },
        "2021-09": {
            "month": "2021-09",
            "price": "7.11",
            "revenue": 83414
        },
        "2021-10": {
            "month": "2021-10",
            "price": "7.24",
            "revenue": 90057
        },
        "2021-11": {
            "month": "2021-11",
            "price": "7.27",
            "revenue": 101355
        },
        "2021-12": {
            "month": "2021-12",
            "price": "7.18",
            "revenue": 51042
        },
        "2022-01": {
            "month": "2022-01",
            "price": "7.14",
            "revenue": 63028
        },
        "2022-02": {
            "month": "2022-02",
            "price": "7.01",
            "revenue": 47611
        },
        "2022-03": {
            "month": "2022-03",
            "price": "6.79",
            "revenue": 30368
        },
        "2022-04": {
            "month": "2022-04",
            "price": "6.70",
            "revenue": 53408
        },
        "2022-05": {
            "month": "2022-05",
            "price": "6.44",
            "revenue": 45114
        },
        "2022-06": {
            "month": "2022-06",
            "price": "6.56",
            "revenue": 48002
        },
        "2022-07": {
            "month": "2022-07",
            "price": "6.07",
            "revenue": 53666
        },
        "2022-08": {
            "month": "2022-08",
            "price": "6.29",
            "revenue": 60295
        },
        "2022-09": {
            "month": "2022-09",
            "price": "7.17",
            "revenue": 65786
        },
        "2022-10": {
            "month": "2022-10",
            "price": "7.44",
            "revenue": 48082
        },
        "2022-11": {
            "month": "2022-11",
            "price": "7.08",
            "revenue": 53325
        },
        "2022-12": {
            "month": "2022-12",
            "price": "7.03",
            "revenue": 73922
        },
        "2023-01": {
            "month": "2023-01",
            "price": "7.05",
            "revenue": 45454
        },
        "2023-02": {
            "month": "2023-02",
            "price": "7.14",
            "revenue": 51359
        },
        "2023-03": {
            "month": "2023-03",
            "price": "7.06",
            "revenue": 50045
        },
        "2023-04": {
            "month": "2023-04",
            "price": "7.08",
            "revenue": 61303
        },
        "2023-05": {
            "month": "2023-05",
            "price": "7.97",
            "revenue": 59092
        },
        "2023-06": {
            "month": "2023-06",
            "price": "8.55",
            "revenue": 63542
        },
        "2023-07": {
            "month": "2023-07",
            "price": "8.51",
            "revenue": 68029
        },
        "2023-08": {
            "month": "2023-08",
            "price": "7.51",
            "revenue": 69380
        },
        "2023-09": {
            "month": "2023-09",
            "price": "7.39",
            "revenue": 66442
        },
        "2023-10": {
            "month": "2023-10",
            "price": "7.09",
            "revenue": 75105
        },
        "2023-11": {
            "month": "2023-11",
            "price": "7.10",
            "revenue": 69697
        }
    }
}
