{
    "summary": {
        "stock_name": "廣華-KY",
        "stock_id": "1338",
        "category": "汽車",
        "main_business": "汽車內飾件之曲面印刷、表面塗裝及射出成型等製造及銷售<br>汽車內飾件之模具製造及銷售<br>其他",
        "website_url": "http://www.hirosawa.com.cn",
        "ceo": "黃建中",
        "pe_ratio": -79,
        "report_year_from": 2011,
        "report_year_to": 2023,
        "age": 12,
        "eps_negative_percentage": 8,
        "eps_growth_avg": {
            "last_all": 6.49,
            "last_2y": -23.61,
            "last_4y": -25.4,
            "last_8y": -8.47,
            "last_12y": null,
            "last_16y": null,
            "last_20y": null,
            "at_2006_last_3y": null,
            "at_2007_last_3y": null,
            "at_2008_last_3y": null,
            "at_2009_last_3y": null,
            "at_2010_last_3y": null,
            "at_2011_last_3y": null,
            "at_2012_last_3y": null,
            "at_2013_last_3y": null,
            "at_2014_last_3y": null,
            "at_2015_last_3y": 48.73,
            "at_2016_last_3y": 26.02,
            "at_2017_last_3y": 12.7,
            "at_2018_last_3y": -2.52,
            "at_2019_last_3y": -13.18,
            "at_2020_last_3y": -17.47,
            "at_2021_last_3y": -16.81,
            "at_2022_last_3y": -24.32,
            "at_2023_last_3y": -24.32,
            "at_2006_last_all": null,
            "at_2007_last_all": null,
            "at_2008_last_all": null,
            "at_2009_last_all": null,
            "at_2010_last_all": null,
            "at_2011_last_all": null,
            "at_2012_last_all": null,
            "at_2013_last_all": 73.8,
            "at_2014_last_all": 59.58,
            "at_2015_last_all": 48.73,
            "at_2016_last_all": 37.06,
            "at_2017_last_all": 33.07,
            "at_2018_last_all": 24.09,
            "at_2019_last_all": 17.78,
            "at_2020_last_all": 12.82,
            "at_2021_last_all": 13.11,
            "at_2022_last_all": 6.49,
            "at_2023_last_all": 6.49
        },
        "latest_eps": -0.57,
        "latest_price": 45.1,
        "latest_roe": -0.75,
        "latest_gross_margin": 21.76,
        "latest_equity": 6787333,
        "latest_revenue": 1431240,
        "latest_gross_profit": 311392,
        "latest_net_income": -46046,
        "latest_debt_ratio": 39.21,
        "latest_current_ratio": 176.43,
        "latest_account_receivable_turnover_ratio": 0.64,
        "latest_inventory_turnover_ratio": 1.17,
        "latest_reinvestment_rate": 78.87,
        "latest_research_to_sale_ratio": 4.35
    },
    "eps_dividends": {
        "2001": {
            "cash": 0,
            "stock": 0,
            "eps": 0
        },
        "2002": {
            "cash": 0,
            "stock": 0,
            "eps": 0
        },
        "2003": {
            "cash": 0,
            "stock": 0,
            "eps": 0
        },
        "2004": {
            "cash": 0,
            "stock": 0,
            "eps": 0
        },
        "2005": {
            "cash": 0,
            "stock": 0,
            "eps": 0
        },
        "2006": {
            "cash": 0,
            "stock": 0,
            "eps": 0
        },
        "2007": {
            "cash": 0,
            "stock": 0,
            "eps": 0
        },
        "2008": {
            "cash": 0,
            "stock": 0,
            "eps": 0
        },
        "2009": {
            "cash": 0,
            "stock": 0,
            "eps": 0
        },
        "2010": {
            "cash": 0,
            "stock": 0,
            "eps": 0
        },
        "2011": {
            "cash": 1.5,
            "stock": 0,
            "eps": 1.97
        },
        "2012": {
            "cash": 0,
            "stock": 0,
            "eps": 3.57
        },
        "2013": {
            "cash": 1.5,
            "stock": 1,
            "eps": 5.94
        },
        "2014": {
            "cash": 2.5,
            "stock": 0,
            "eps": 7.79
        },
        "2015": {
            "cash": 3.7,
            "stock": 0,
            "eps": 9.05
        },
        "2016": {
            "cash": 4.5,
            "stock": 0,
            "eps": 8.18
        },
        "2017": {
            "cash": 4,
            "stock": 0,
            "eps": 9.25
        },
        "2018": {
            "cash": 5,
            "stock": 0,
            "eps": 6.5
        },
        "2019": {
            "cash": 3.5,
            "stock": 0,
            "eps": 4.78
        },
        "2020": {
            "cash": 3.5,
            "stock": 0,
            "eps": 3.5
        },
        "2021": {
            "cash": 3.5,
            "stock": 0,
            "eps": 4.05
        },
        "2022": {
            "cash": 2.5,
            "stock": 0,
            "eps": 1.63
        },
        "2023": {
            "cash": 2,
            "stock": 0,
            "eps": -0.57
        }
    },
    "dividends": {
        "2011-01-01": {
            "cash": 1.5,
            "stock": 0
        },
        "2013-03-21": {
            "cash": 1.5,
            "stock": 1
        },
        "2014-05-26": {
            "cash": 2.5,
            "stock": 0
        },
        "2015-07-27": {
            "cash": 3.7,
            "stock": 0
        },
        "2016-07-29": {
            "cash": 4.5,
            "stock": 0
        },
        "2017-07-31": {
            "cash": 4,
            "stock": 0
        },
        "2018-07-31": {
            "cash": 5,
            "stock": 0
        },
        "2019-07-31": {
            "cash": 3.5,
            "stock": 0
        },
        "2020-07-31": {
            "cash": 3.5,
            "stock": 0
        },
        "2021-08-23": {
            "cash": 3.5,
            "stock": 0
        },
        "2022-07-29": {
            "cash": 2.5,
            "stock": 0
        },
        "2023-03-27": {
            "cash": 2,
            "stock": 0
        }
    },
    "prices": {
        "200101": "無",
        "200102": "無",
        "200103": "無",
        "200104": "無",
        "200105": "無",
        "200106": "無",
        "200107": "無",
        "200108": "無",
        "200109": "無",
        "200110": "無",
        "200111": "無",
        "200112": "無",
        "200201": "無",
        "200202": "無",
        "200203": "無",
        "200204": "無",
        "200205": "無",
        "200206": "無",
        "200207": "無",
        "200208": "無",
        "200209": "無",
        "200210": "無",
        "200211": "無",
        "200212": "無",
        "200301": "無",
        "200302": "無",
        "200303": "無",
        "200304": "無",
        "200305": "無",
        "200306": "無",
        "200307": "無",
        "200308": "無",
        "200309": "無",
        "200310": "無",
        "200311": "無",
        "200312": "無",
        "200401": "無",
        "200402": "無",
        "200403": "無",
        "200404": "無",
        "200405": "無",
        "200406": "無",
        "200407": "無",
        "200408": "無",
        "200409": "無",
        "200410": "無",
        "200411": "無",
        "200412": "無",
        "200501": "無",
        "200502": "無",
        "200503": "無",
        "200504": "無",
        "200505": "無",
        "200506": "無",
        "200507": "無",
        "200508": "無",
        "200509": "無",
        "200510": "無",
        "200511": "無",
        "200512": "無",
        "200601": "無",
        "200602": "無",
        "200603": "無",
        "200604": "無",
        "200605": "無",
        "200606": "無",
        "200607": "無",
        "200608": "無",
        "200609": "無",
        "200610": "無",
        "200611": "無",
        "200612": "無",
        "200701": "無",
        "200702": "無",
        "200703": "無",
        "200704": "無",
        "200705": "無",
        "200706": "無",
        "200707": "無",
        "200708": "無",
        "200709": "無",
        "200710": "無",
        "200711": "無",
        "200712": "無",
        "200801": "無",
        "200802": "無",
        "200803": "無",
        "200804": "無",
        "200805": "無",
        "200806": "無",
        "200807": "無",
        "200808": "無",
        "200809": "無",
        "200810": "無",
        "200811": "無",
        "200812": "無",
        "200901": "無",
        "200902": "無",
        "200903": "無",
        "200904": "無",
        "200905": "無",
        "200906": "無",
        "200907": "無",
        "200908": "無",
        "200909": "無",
        "200910": "無",
        "200911": "無",
        "200912": "無",
        "201001": "無",
        "201002": "無",
        "201003": "無",
        "201004": "無",
        "201005": "無",
        "201006": "無",
        "201007": "無",
        "201008": "無",
        "201009": "無",
        "201010": "111.64",
        "201011": "116.30",
        "201012": "117.27",
        "201101": "123.40",
        "201102": "127.86",
        "201103": "126.55",
        "201104": "130.29",
        "201105": "125.98",
        "201106": "126.22",
        "201107": "122.81",
        "201108": "105.94",
        "201109": "101.92",
        "201110": "102.36",
        "201111": "103.70",
        "201112": "102.42",
        "201201": "103.09",
        "201202": "111.82",
        "201203": "120.27",
        "201204": "116.40",
        "201205": "113.80",
        "201206": "107.65",
        "201207": "108.47",
        "201208": "104.57",
        "201209": "107.32",
        "201210": "100.29",
        "201211": "90.53",
        "201212": "76.69",
        "201301": "77.10",
        "201302": "84.74",
        "201303": "82.06",
        "201304": "77.86",
        "201305": "73.53",
        "201306": "73.26",
        "201307": "71.60",
        "201308": "72.33",
        "201309": "76.40",
        "201310": "83.32",
        "201311": "87.11",
        "201312": "96.09",
        "201401": "107.36",
        "201402": "118.00",
        "201403": "115.98",
        "201404": "122.57",
        "201405": "112.24",
        "201406": "121.70",
        "201407": "128.34",
        "201408": "113.13",
        "201409": "107.74",
        "201410": "99.68",
        "201411": "95.76",
        "201412": "97.37",
        "201501": "94.02",
        "201502": "91.67",
        "201503": "96.55",
        "201504": "107.98",
        "201505": "115.18",
        "201506": "114.86",
        "201507": "97.36",
        "201508": "81.27",
        "201509": "88.93",
        "201510": "113.12",
        "201511": "130.38",
        "201512": "125.54",
        "201601": "122.45",
        "201602": "126.58",
        "201603": "126.78",
        "201604": "126.29",
        "201605": "122.48",
        "201606": "115.36",
        "201607": "115.52",
        "201608": "118.80",
        "201609": "118.71",
        "201610": "113.82",
        "201611": "97.52",
        "201612": "93.90",
        "201701": "91.92",
        "201702": "96.78",
        "201703": "97.61",
        "201704": "97.83",
        "201705": "102.84",
        "201706": "106.04",
        "201707": "106.95",
        "201708": "110.43",
        "201709": "114.30",
        "201710": "114.58",
        "201711": "115.70",
        "201712": "112.71",
        "201801": "114.43",
        "201802": "106.19",
        "201803": "106.85",
        "201804": "103.97",
        "201805": "103.05",
        "201806": "103.48",
        "201807": "99.86",
        "201808": "92.78",
        "201809": "86.65",
        "201810": "75.54",
        "201811": "71.82",
        "201812": "76.30",
        "201901": "74.98",
        "201902": "79.12",
        "201903": "77.42",
        "201904": "75.66",
        "201905": "67.49",
        "201906": "65.05",
        "201907": "68.03",
        "201908": "66.13",
        "201909": "67.88",
        "201910": "64.87",
        "201911": "63.64",
        "201912": "65.08",
        "202001": "66.89",
        "202002": "59.15",
        "202003": "44.82",
        "202004": "48.26",
        "202005": "51.72",
        "202006": "55.78",
        "202007": "56.48",
        "202008": "57.99",
        "202009": "57.15",
        "202010": "55.19",
        "202011": "57.05",
        "202012": "57.36",
        "202101": "66.80",
        "202102": "64.66",
        "202103": "65.40",
        "202104": "70.03",
        "202105": "62.88",
        "202106": "64.59",
        "202107": "66.88",
        "202108": "57.43",
        "202109": "50.38",
        "202110": "46.78",
        "202111": "50.51",
        "202112": "54.27",
        "202201": "54.67",
        "202202": "58.48",
        "202203": "57.54",
        "202204": "52.86",
        "202205": "52.24",
        "202206": "56.95",
        "202207": "55.55",
        "202208": "56.91",
        "202209": "55.31",
        "202210": "49.61",
        "202211": "45.76",
        "202212": "44.76",
        "202301": "43.44",
        "202302": "45.74",
        "202303": "46.26",
        "202304": "45.11",
        "202305": "43.85",
        "202306": "44.83"
    },
    "quarters": {
        "20011": {
            "year_quarter": 20011,
            "year": 2001,
            "quarter": 1,
            "eps": null,
            "eps_growth_year": null,
            "eps_4q": null,
            "eps_4q_growth_year": null,
            "roe": null,
            "roe_4q": 0,
            "gross_profit": null,
            "gross_margin": null,
            "gross_margin_4q_avg": 0,
            "net_income": null,
            "revenue": null,
            "common_shares": null,
            "book_valuer_per_share": null,
            "book_valuer_per_share_4q_avg": 0,
            "equity": null,
            "current_ratio": null,
            "debt_ratio": null,
            "inventory_turnover_ratio": null,
            "account_receivable_turnover_ratio": null,
            "reinvestment_rate": null,
            "research_to_sale_ratio": null,
            "price_fair": 0,
            "eps_avg_yearly": 0,
            "eps_latest_yearly": 0,
            "eps_growth_yearly": 0
        },
        "20012": {
            "year_quarter": 20012,
            "year": 2001,
            "quarter": 2,
            "eps": null,
            "eps_growth_year": null,
            "eps_4q": null,
            "eps_4q_growth_year": null,
            "roe": null,
            "roe_4q": 0,
            "gross_profit": null,
            "gross_margin": null,
            "gross_margin_4q_avg": 0,
            "net_income": null,
            "revenue": null,
            "common_shares": null,
            "book_valuer_per_share": null,
            "book_valuer_per_share_4q_avg": 0,
            "equity": null,
            "current_ratio": null,
            "debt_ratio": null,
            "inventory_turnover_ratio": null,
            "account_receivable_turnover_ratio": null,
            "reinvestment_rate": null,
            "research_to_sale_ratio": null,
            "price_fair": 0,
            "eps_avg_yearly": 0,
            "eps_latest_yearly": 0,
            "eps_growth_yearly": 0
        },
        "20013": {
            "year_quarter": 20013,
            "year": 2001,
            "quarter": 3,
            "eps": null,
            "eps_growth_year": null,
            "eps_4q": null,
            "eps_4q_growth_year": null,
            "roe": null,
            "roe_4q": 0,
            "gross_profit": null,
            "gross_margin": null,
            "gross_margin_4q_avg": 0,
            "net_income": null,
            "revenue": null,
            "common_shares": null,
            "book_valuer_per_share": null,
            "book_valuer_per_share_4q_avg": 0,
            "equity": null,
            "current_ratio": null,
            "debt_ratio": null,
            "inventory_turnover_ratio": null,
            "account_receivable_turnover_ratio": null,
            "reinvestment_rate": null,
            "research_to_sale_ratio": null,
            "price_fair": 0,
            "eps_avg_yearly": 0,
            "eps_latest_yearly": 0,
            "eps_growth_yearly": 0
        },
        "20014": {
            "year_quarter": 20014,
            "year": 2001,
            "quarter": 4,
            "eps": null,
            "eps_growth_year": null,
            "eps_4q": null,
            "eps_4q_growth_year": null,
            "roe": null,
            "roe_4q": 0,
            "gross_profit": null,
            "gross_margin": null,
            "gross_margin_4q_avg": 0,
            "net_income": null,
            "revenue": null,
            "common_shares": null,
            "book_valuer_per_share": null,
            "book_valuer_per_share_4q_avg": 0,
            "equity": null,
            "current_ratio": null,
            "debt_ratio": null,
            "inventory_turnover_ratio": null,
            "account_receivable_turnover_ratio": null,
            "reinvestment_rate": null,
            "research_to_sale_ratio": null,
            "price_fair": 0,
            "eps_avg_yearly": 0,
            "eps_latest_yearly": 0,
            "eps_growth_yearly": 0
        },
        "20021": {
            "year_quarter": 20021,
            "year": 2002,
            "quarter": 1,
            "eps": null,
            "eps_growth_year": null,
            "eps_4q": null,
            "eps_4q_growth_year": null,
            "roe": null,
            "roe_4q": 0,
            "gross_profit": null,
            "gross_margin": null,
            "gross_margin_4q_avg": 0,
            "net_income": null,
            "revenue": null,
            "common_shares": null,
            "book_valuer_per_share": null,
            "book_valuer_per_share_4q_avg": 0,
            "equity": null,
            "current_ratio": null,
            "debt_ratio": null,
            "inventory_turnover_ratio": null,
            "account_receivable_turnover_ratio": null,
            "reinvestment_rate": null,
            "research_to_sale_ratio": null,
            "price_fair": 0,
            "eps_avg_yearly": 0,
            "eps_latest_yearly": 0,
            "eps_growth_yearly": 0
        },
        "20022": {
            "year_quarter": 20022,
            "year": 2002,
            "quarter": 2,
            "eps": null,
            "eps_growth_year": null,
            "eps_4q": null,
            "eps_4q_growth_year": null,
            "roe": null,
            "roe_4q": 0,
            "gross_profit": null,
            "gross_margin": null,
            "gross_margin_4q_avg": 0,
            "net_income": null,
            "revenue": null,
            "common_shares": null,
            "book_valuer_per_share": null,
            "book_valuer_per_share_4q_avg": 0,
            "equity": null,
            "current_ratio": null,
            "debt_ratio": null,
            "inventory_turnover_ratio": null,
            "account_receivable_turnover_ratio": null,
            "reinvestment_rate": null,
            "research_to_sale_ratio": null,
            "price_fair": 0,
            "eps_avg_yearly": 0,
            "eps_latest_yearly": 0,
            "eps_growth_yearly": 0
        },
        "20023": {
            "year_quarter": 20023,
            "year": 2002,
            "quarter": 3,
            "eps": null,
            "eps_growth_year": null,
            "eps_4q": null,
            "eps_4q_growth_year": null,
            "roe": null,
            "roe_4q": 0,
            "gross_profit": null,
            "gross_margin": null,
            "gross_margin_4q_avg": 0,
            "net_income": null,
            "revenue": null,
            "common_shares": null,
            "book_valuer_per_share": null,
            "book_valuer_per_share_4q_avg": 0,
            "equity": null,
            "current_ratio": null,
            "debt_ratio": null,
            "inventory_turnover_ratio": null,
            "account_receivable_turnover_ratio": null,
            "reinvestment_rate": null,
            "research_to_sale_ratio": null,
            "price_fair": 0,
            "eps_avg_yearly": 0,
            "eps_latest_yearly": 0,
            "eps_growth_yearly": 0
        },
        "20024": {
            "year_quarter": 20024,
            "year": 2002,
            "quarter": 4,
            "eps": null,
            "eps_growth_year": null,
            "eps_4q": null,
            "eps_4q_growth_year": null,
            "roe": null,
            "roe_4q": 0,
            "gross_profit": null,
            "gross_margin": null,
            "gross_margin_4q_avg": 0,
            "net_income": null,
            "revenue": null,
            "common_shares": null,
            "book_valuer_per_share": null,
            "book_valuer_per_share_4q_avg": 0,
            "equity": null,
            "current_ratio": null,
            "debt_ratio": null,
            "inventory_turnover_ratio": null,
            "account_receivable_turnover_ratio": null,
            "reinvestment_rate": null,
            "research_to_sale_ratio": null,
            "price_fair": 0,
            "eps_avg_yearly": 0,
            "eps_latest_yearly": 0,
            "eps_growth_yearly": 0
        },
        "20031": {
            "year_quarter": 20031,
            "year": 2003,
            "quarter": 1,
            "eps": null,
            "eps_growth_year": null,
            "eps_4q": null,
            "eps_4q_growth_year": null,
            "roe": null,
            "roe_4q": 0,
            "gross_profit": null,
            "gross_margin": null,
            "gross_margin_4q_avg": 0,
            "net_income": null,
            "revenue": null,
            "common_shares": null,
            "book_valuer_per_share": null,
            "book_valuer_per_share_4q_avg": 0,
            "equity": null,
            "current_ratio": null,
            "debt_ratio": null,
            "inventory_turnover_ratio": null,
            "account_receivable_turnover_ratio": null,
            "reinvestment_rate": null,
            "research_to_sale_ratio": null,
            "price_fair": 0,
            "eps_avg_yearly": 0,
            "eps_latest_yearly": 0,
            "eps_growth_yearly": 0
        },
        "20032": {
            "year_quarter": 20032,
            "year": 2003,
            "quarter": 2,
            "eps": null,
            "eps_growth_year": null,
            "eps_4q": null,
            "eps_4q_growth_year": null,
            "roe": null,
            "roe_4q": 0,
            "gross_profit": null,
            "gross_margin": null,
            "gross_margin_4q_avg": 0,
            "net_income": null,
            "revenue": null,
            "common_shares": null,
            "book_valuer_per_share": null,
            "book_valuer_per_share_4q_avg": 0,
            "equity": null,
            "current_ratio": null,
            "debt_ratio": null,
            "inventory_turnover_ratio": null,
            "account_receivable_turnover_ratio": null,
            "reinvestment_rate": null,
            "research_to_sale_ratio": null,
            "price_fair": 0,
            "eps_avg_yearly": 0,
            "eps_latest_yearly": 0,
            "eps_growth_yearly": 0
        },
        "20033": {
            "year_quarter": 20033,
            "year": 2003,
            "quarter": 3,
            "eps": null,
            "eps_growth_year": null,
            "eps_4q": null,
            "eps_4q_growth_year": null,
            "roe": null,
            "roe_4q": 0,
            "gross_profit": null,
            "gross_margin": null,
            "gross_margin_4q_avg": 0,
            "net_income": null,
            "revenue": null,
            "common_shares": null,
            "book_valuer_per_share": null,
            "book_valuer_per_share_4q_avg": 0,
            "equity": null,
            "current_ratio": null,
            "debt_ratio": null,
            "inventory_turnover_ratio": null,
            "account_receivable_turnover_ratio": null,
            "reinvestment_rate": null,
            "research_to_sale_ratio": null,
            "price_fair": 0,
            "eps_avg_yearly": 0,
            "eps_latest_yearly": 0,
            "eps_growth_yearly": 0
        },
        "20034": {
            "year_quarter": 20034,
            "year": 2003,
            "quarter": 4,
            "eps": null,
            "eps_growth_year": null,
            "eps_4q": null,
            "eps_4q_growth_year": null,
            "roe": null,
            "roe_4q": 0,
            "gross_profit": null,
            "gross_margin": null,
            "gross_margin_4q_avg": 0,
            "net_income": null,
            "revenue": null,
            "common_shares": null,
            "book_valuer_per_share": null,
            "book_valuer_per_share_4q_avg": 0,
            "equity": null,
            "current_ratio": null,
            "debt_ratio": null,
            "inventory_turnover_ratio": null,
            "account_receivable_turnover_ratio": null,
            "reinvestment_rate": null,
            "research_to_sale_ratio": null,
            "price_fair": 0,
            "eps_avg_yearly": 0,
            "eps_latest_yearly": 0,
            "eps_growth_yearly": 0
        },
        "20041": {
            "year_quarter": 20041,
            "year": 2004,
            "quarter": 1,
            "eps": null,
            "eps_growth_year": null,
            "eps_4q": null,
            "eps_4q_growth_year": null,
            "roe": null,
            "roe_4q": 0,
            "gross_profit": null,
            "gross_margin": null,
            "gross_margin_4q_avg": 0,
            "net_income": null,
            "revenue": null,
            "common_shares": null,
            "book_valuer_per_share": null,
            "book_valuer_per_share_4q_avg": 0,
            "equity": null,
            "current_ratio": null,
            "debt_ratio": null,
            "inventory_turnover_ratio": null,
            "account_receivable_turnover_ratio": null,
            "reinvestment_rate": null,
            "research_to_sale_ratio": null,
            "price_fair": 0,
            "eps_avg_yearly": 0,
            "eps_latest_yearly": 0,
            "eps_growth_yearly": 0
        },
        "20042": {
            "year_quarter": 20042,
            "year": 2004,
            "quarter": 2,
            "eps": null,
            "eps_growth_year": null,
            "eps_4q": null,
            "eps_4q_growth_year": null,
            "roe": null,
            "roe_4q": 0,
            "gross_profit": null,
            "gross_margin": null,
            "gross_margin_4q_avg": 0,
            "net_income": null,
            "revenue": null,
            "common_shares": null,
            "book_valuer_per_share": null,
            "book_valuer_per_share_4q_avg": 0,
            "equity": null,
            "current_ratio": null,
            "debt_ratio": null,
            "inventory_turnover_ratio": null,
            "account_receivable_turnover_ratio": null,
            "reinvestment_rate": null,
            "research_to_sale_ratio": null,
            "price_fair": 0,
            "eps_avg_yearly": 0,
            "eps_latest_yearly": 0,
            "eps_growth_yearly": 0
        },
        "20043": {
            "year_quarter": 20043,
            "year": 2004,
            "quarter": 3,
            "eps": null,
            "eps_growth_year": null,
            "eps_4q": null,
            "eps_4q_growth_year": null,
            "roe": null,
            "roe_4q": 0,
            "gross_profit": null,
            "gross_margin": null,
            "gross_margin_4q_avg": 0,
            "net_income": null,
            "revenue": null,
            "common_shares": null,
            "book_valuer_per_share": null,
            "book_valuer_per_share_4q_avg": 0,
            "equity": null,
            "current_ratio": null,
            "debt_ratio": null,
            "inventory_turnover_ratio": null,
            "account_receivable_turnover_ratio": null,
            "reinvestment_rate": null,
            "research_to_sale_ratio": null,
            "price_fair": 0,
            "eps_avg_yearly": 0,
            "eps_latest_yearly": 0,
            "eps_growth_yearly": 0
        },
        "20044": {
            "year_quarter": 20044,
            "year": 2004,
            "quarter": 4,
            "eps": null,
            "eps_growth_year": null,
            "eps_4q": null,
            "eps_4q_growth_year": null,
            "roe": null,
            "roe_4q": 0,
            "gross_profit": null,
            "gross_margin": null,
            "gross_margin_4q_avg": 0,
            "net_income": null,
            "revenue": null,
            "common_shares": null,
            "book_valuer_per_share": null,
            "book_valuer_per_share_4q_avg": 0,
            "equity": null,
            "current_ratio": null,
            "debt_ratio": null,
            "inventory_turnover_ratio": null,
            "account_receivable_turnover_ratio": null,
            "reinvestment_rate": null,
            "research_to_sale_ratio": null,
            "price_fair": 0,
            "eps_avg_yearly": 0,
            "eps_latest_yearly": 0,
            "eps_growth_yearly": 0
        },
        "20051": {
            "year_quarter": 20051,
            "year": 2005,
            "quarter": 1,
            "eps": null,
            "eps_growth_year": null,
            "eps_4q": null,
            "eps_4q_growth_year": null,
            "roe": null,
            "roe_4q": 0,
            "gross_profit": null,
            "gross_margin": null,
            "gross_margin_4q_avg": 0,
            "net_income": null,
            "revenue": null,
            "common_shares": null,
            "book_valuer_per_share": null,
            "book_valuer_per_share_4q_avg": 0,
            "equity": null,
            "current_ratio": null,
            "debt_ratio": null,
            "inventory_turnover_ratio": null,
            "account_receivable_turnover_ratio": null,
            "reinvestment_rate": null,
            "research_to_sale_ratio": null,
            "price_fair": 0,
            "eps_avg_yearly": 0,
            "eps_latest_yearly": 0,
            "eps_growth_yearly": 0
        },
        "20052": {
            "year_quarter": 20052,
            "year": 2005,
            "quarter": 2,
            "eps": null,
            "eps_growth_year": null,
            "eps_4q": null,
            "eps_4q_growth_year": null,
            "roe": null,
            "roe_4q": 0,
            "gross_profit": null,
            "gross_margin": null,
            "gross_margin_4q_avg": 0,
            "net_income": null,
            "revenue": null,
            "common_shares": null,
            "book_valuer_per_share": null,
            "book_valuer_per_share_4q_avg": 0,
            "equity": null,
            "current_ratio": null,
            "debt_ratio": null,
            "inventory_turnover_ratio": null,
            "account_receivable_turnover_ratio": null,
            "reinvestment_rate": null,
            "research_to_sale_ratio": null,
            "price_fair": 0,
            "eps_avg_yearly": 0,
            "eps_latest_yearly": 0,
            "eps_growth_yearly": 0
        },
        "20053": {
            "year_quarter": 20053,
            "year": 2005,
            "quarter": 3,
            "eps": null,
            "eps_growth_year": null,
            "eps_4q": null,
            "eps_4q_growth_year": null,
            "roe": null,
            "roe_4q": 0,
            "gross_profit": null,
            "gross_margin": null,
            "gross_margin_4q_avg": 0,
            "net_income": null,
            "revenue": null,
            "common_shares": null,
            "book_valuer_per_share": null,
            "book_valuer_per_share_4q_avg": 0,
            "equity": null,
            "current_ratio": null,
            "debt_ratio": null,
            "inventory_turnover_ratio": null,
            "account_receivable_turnover_ratio": null,
            "reinvestment_rate": null,
            "research_to_sale_ratio": null,
            "price_fair": 0,
            "eps_avg_yearly": 0,
            "eps_latest_yearly": 0,
            "eps_growth_yearly": 0
        },
        "20054": {
            "year_quarter": 20054,
            "year": 2005,
            "quarter": 4,
            "eps": null,
            "eps_growth_year": null,
            "eps_4q": null,
            "eps_4q_growth_year": null,
            "roe": null,
            "roe_4q": 0,
            "gross_profit": null,
            "gross_margin": null,
            "gross_margin_4q_avg": 0,
            "net_income": null,
            "revenue": null,
            "common_shares": null,
            "book_valuer_per_share": null,
            "book_valuer_per_share_4q_avg": 0,
            "equity": null,
            "current_ratio": null,
            "debt_ratio": null,
            "inventory_turnover_ratio": null,
            "account_receivable_turnover_ratio": null,
            "reinvestment_rate": null,
            "research_to_sale_ratio": null,
            "price_fair": 0,
            "eps_avg_yearly": 0,
            "eps_latest_yearly": 0,
            "eps_growth_yearly": 0
        },
        "20061": {
            "year_quarter": 20061,
            "year": 2006,
            "quarter": 1,
            "eps": null,
            "eps_growth_year": null,
            "eps_4q": null,
            "eps_4q_growth_year": null,
            "roe": null,
            "roe_4q": 0,
            "gross_profit": null,
            "gross_margin": null,
            "gross_margin_4q_avg": 0,
            "net_income": null,
            "revenue": null,
            "common_shares": null,
            "book_valuer_per_share": null,
            "book_valuer_per_share_4q_avg": 0,
            "equity": null,
            "current_ratio": null,
            "debt_ratio": null,
            "inventory_turnover_ratio": null,
            "account_receivable_turnover_ratio": null,
            "reinvestment_rate": null,
            "research_to_sale_ratio": null,
            "price_fair": 0,
            "eps_avg_yearly": 0,
            "eps_latest_yearly": 0,
            "eps_growth_yearly": 0
        },
        "20062": {
            "year_quarter": 20062,
            "year": 2006,
            "quarter": 2,
            "eps": null,
            "eps_growth_year": null,
            "eps_4q": null,
            "eps_4q_growth_year": null,
            "roe": null,
            "roe_4q": 0,
            "gross_profit": null,
            "gross_margin": null,
            "gross_margin_4q_avg": 0,
            "net_income": null,
            "revenue": null,
            "common_shares": null,
            "book_valuer_per_share": null,
            "book_valuer_per_share_4q_avg": 0,
            "equity": null,
            "current_ratio": null,
            "debt_ratio": null,
            "inventory_turnover_ratio": null,
            "account_receivable_turnover_ratio": null,
            "reinvestment_rate": null,
            "research_to_sale_ratio": null,
            "price_fair": 0,
            "eps_avg_yearly": 0,
            "eps_latest_yearly": 0,
            "eps_growth_yearly": 0
        },
        "20063": {
            "year_quarter": 20063,
            "year": 2006,
            "quarter": 3,
            "eps": null,
            "eps_growth_year": null,
            "eps_4q": null,
            "eps_4q_growth_year": null,
            "roe": null,
            "roe_4q": 0,
            "gross_profit": null,
            "gross_margin": null,
            "gross_margin_4q_avg": 0,
            "net_income": null,
            "revenue": null,
            "common_shares": null,
            "book_valuer_per_share": null,
            "book_valuer_per_share_4q_avg": 0,
            "equity": null,
            "current_ratio": null,
            "debt_ratio": null,
            "inventory_turnover_ratio": null,
            "account_receivable_turnover_ratio": null,
            "reinvestment_rate": null,
            "research_to_sale_ratio": null,
            "price_fair": 0,
            "eps_avg_yearly": 0,
            "eps_latest_yearly": 0,
            "eps_growth_yearly": 0
        },
        "20064": {
            "year_quarter": 20064,
            "year": 2006,
            "quarter": 4,
            "eps": null,
            "eps_growth_year": null,
            "eps_4q": null,
            "eps_4q_growth_year": null,
            "roe": null,
            "roe_4q": 0,
            "gross_profit": null,
            "gross_margin": null,
            "gross_margin_4q_avg": 0,
            "net_income": null,
            "revenue": null,
            "common_shares": null,
            "book_valuer_per_share": null,
            "book_valuer_per_share_4q_avg": 0,
            "equity": null,
            "current_ratio": null,
            "debt_ratio": null,
            "inventory_turnover_ratio": null,
            "account_receivable_turnover_ratio": null,
            "reinvestment_rate": null,
            "research_to_sale_ratio": null,
            "price_fair": 0,
            "eps_avg_yearly": 0,
            "eps_latest_yearly": 0,
            "eps_growth_yearly": 0
        },
        "20071": {
            "year_quarter": 20071,
            "year": 2007,
            "quarter": 1,
            "eps": null,
            "eps_growth_year": null,
            "eps_4q": null,
            "eps_4q_growth_year": null,
            "roe": null,
            "roe_4q": 0,
            "gross_profit": null,
            "gross_margin": null,
            "gross_margin_4q_avg": 0,
            "net_income": null,
            "revenue": null,
            "common_shares": null,
            "book_valuer_per_share": null,
            "book_valuer_per_share_4q_avg": 0,
            "equity": null,
            "current_ratio": null,
            "debt_ratio": null,
            "inventory_turnover_ratio": null,
            "account_receivable_turnover_ratio": null,
            "reinvestment_rate": null,
            "research_to_sale_ratio": null,
            "price_fair": 0,
            "eps_avg_yearly": 0,
            "eps_latest_yearly": 0,
            "eps_growth_yearly": 0
        },
        "20072": {
            "year_quarter": 20072,
            "year": 2007,
            "quarter": 2,
            "eps": null,
            "eps_growth_year": null,
            "eps_4q": null,
            "eps_4q_growth_year": null,
            "roe": null,
            "roe_4q": 0,
            "gross_profit": null,
            "gross_margin": null,
            "gross_margin_4q_avg": 0,
            "net_income": null,
            "revenue": null,
            "common_shares": null,
            "book_valuer_per_share": null,
            "book_valuer_per_share_4q_avg": 0,
            "equity": null,
            "current_ratio": null,
            "debt_ratio": null,
            "inventory_turnover_ratio": null,
            "account_receivable_turnover_ratio": null,
            "reinvestment_rate": null,
            "research_to_sale_ratio": null,
            "price_fair": 0,
            "eps_avg_yearly": 0,
            "eps_latest_yearly": 0,
            "eps_growth_yearly": 0
        },
        "20073": {
            "year_quarter": 20073,
            "year": 2007,
            "quarter": 3,
            "eps": null,
            "eps_growth_year": null,
            "eps_4q": null,
            "eps_4q_growth_year": null,
            "roe": null,
            "roe_4q": 0,
            "gross_profit": null,
            "gross_margin": null,
            "gross_margin_4q_avg": 0,
            "net_income": null,
            "revenue": null,
            "common_shares": null,
            "book_valuer_per_share": null,
            "book_valuer_per_share_4q_avg": 0,
            "equity": null,
            "current_ratio": null,
            "debt_ratio": null,
            "inventory_turnover_ratio": null,
            "account_receivable_turnover_ratio": null,
            "reinvestment_rate": null,
            "research_to_sale_ratio": null,
            "price_fair": 0,
            "eps_avg_yearly": 0,
            "eps_latest_yearly": 0,
            "eps_growth_yearly": 0
        },
        "20074": {
            "year_quarter": 20074,
            "year": 2007,
            "quarter": 4,
            "eps": null,
            "eps_growth_year": null,
            "eps_4q": null,
            "eps_4q_growth_year": null,
            "roe": null,
            "roe_4q": 0,
            "gross_profit": null,
            "gross_margin": null,
            "gross_margin_4q_avg": 0,
            "net_income": null,
            "revenue": null,
            "common_shares": 535,
            "book_valuer_per_share": 14383.07,
            "book_valuer_per_share_4q_avg": 3595.77,
            "equity": 769494,
            "current_ratio": 122,
            "debt_ratio": 49.66,
            "inventory_turnover_ratio": null,
            "account_receivable_turnover_ratio": null,
            "reinvestment_rate": null,
            "research_to_sale_ratio": null,
            "price_fair": 0,
            "eps_avg_yearly": 0,
            "eps_latest_yearly": 0,
            "eps_growth_yearly": 0
        },
        "20081": {
            "year_quarter": 20081,
            "year": 2008,
            "quarter": 1,
            "eps": null,
            "eps_growth_year": null,
            "eps_4q": null,
            "eps_4q_growth_year": null,
            "roe": null,
            "roe_4q": 0,
            "gross_profit": null,
            "gross_margin": null,
            "gross_margin_4q_avg": 0,
            "net_income": null,
            "revenue": null,
            "common_shares": null,
            "book_valuer_per_share": null,
            "book_valuer_per_share_4q_avg": 3595.77,
            "equity": null,
            "current_ratio": null,
            "debt_ratio": null,
            "inventory_turnover_ratio": null,
            "account_receivable_turnover_ratio": null,
            "reinvestment_rate": null,
            "research_to_sale_ratio": null,
            "price_fair": 0,
            "eps_avg_yearly": 0,
            "eps_latest_yearly": 0,
            "eps_growth_yearly": 0
        },
        "20082": {
            "year_quarter": 20082,
            "year": 2008,
            "quarter": 2,
            "eps": null,
            "eps_growth_year": null,
            "eps_4q": null,
            "eps_4q_growth_year": null,
            "roe": null,
            "roe_4q": 0,
            "gross_profit": null,
            "gross_margin": null,
            "gross_margin_4q_avg": 0,
            "net_income": null,
            "revenue": null,
            "common_shares": null,
            "book_valuer_per_share": null,
            "book_valuer_per_share_4q_avg": 3595.77,
            "equity": null,
            "current_ratio": null,
            "debt_ratio": null,
            "inventory_turnover_ratio": null,
            "account_receivable_turnover_ratio": null,
            "reinvestment_rate": null,
            "research_to_sale_ratio": null,
            "price_fair": 0,
            "eps_avg_yearly": 0,
            "eps_latest_yearly": 0,
            "eps_growth_yearly": 0
        },
        "20083": {
            "year_quarter": 20083,
            "year": 2008,
            "quarter": 3,
            "eps": null,
            "eps_growth_year": null,
            "eps_4q": null,
            "eps_4q_growth_year": null,
            "roe": null,
            "roe_4q": 0,
            "gross_profit": null,
            "gross_margin": null,
            "gross_margin_4q_avg": 0,
            "net_income": null,
            "revenue": null,
            "common_shares": null,
            "book_valuer_per_share": null,
            "book_valuer_per_share_4q_avg": 3595.77,
            "equity": null,
            "current_ratio": null,
            "debt_ratio": null,
            "inventory_turnover_ratio": null,
            "account_receivable_turnover_ratio": null,
            "reinvestment_rate": null,
            "research_to_sale_ratio": null,
            "price_fair": 0,
            "eps_avg_yearly": 0,
            "eps_latest_yearly": 0,
            "eps_growth_yearly": 0
        },
        "20084": {
            "year_quarter": 20084,
            "year": 2008,
            "quarter": 4,
            "eps": null,
            "eps_growth_year": null,
            "eps_4q": null,
            "eps_4q_growth_year": null,
            "roe": null,
            "roe_4q": 0,
            "gross_profit": null,
            "gross_margin": null,
            "gross_margin_4q_avg": 0,
            "net_income": null,
            "revenue": null,
            "common_shares": 75240,
            "book_valuer_per_share": 211.84,
            "book_valuer_per_share_4q_avg": 52.96,
            "equity": 1593896,
            "current_ratio": 136.53,
            "debt_ratio": 36.57,
            "inventory_turnover_ratio": null,
            "account_receivable_turnover_ratio": null,
            "reinvestment_rate": null,
            "research_to_sale_ratio": null,
            "price_fair": 0,
            "eps_avg_yearly": 0,
            "eps_latest_yearly": 0,
            "eps_growth_yearly": 0
        },
        "20091": {
            "year_quarter": 20091,
            "year": 2009,
            "quarter": 1,
            "eps": null,
            "eps_growth_year": null,
            "eps_4q": null,
            "eps_4q_growth_year": null,
            "roe": null,
            "roe_4q": 0,
            "gross_profit": null,
            "gross_margin": null,
            "gross_margin_4q_avg": 0,
            "net_income": null,
            "revenue": null,
            "common_shares": null,
            "book_valuer_per_share": null,
            "book_valuer_per_share_4q_avg": 52.96,
            "equity": null,
            "current_ratio": null,
            "debt_ratio": null,
            "inventory_turnover_ratio": null,
            "account_receivable_turnover_ratio": null,
            "reinvestment_rate": null,
            "research_to_sale_ratio": null,
            "price_fair": 0,
            "eps_avg_yearly": 0,
            "eps_latest_yearly": 0,
            "eps_growth_yearly": 0
        },
        "20092": {
            "year_quarter": 20092,
            "year": 2009,
            "quarter": 2,
            "eps": null,
            "eps_growth_year": null,
            "eps_4q": null,
            "eps_4q_growth_year": null,
            "roe": null,
            "roe_4q": 0,
            "gross_profit": null,
            "gross_margin": null,
            "gross_margin_4q_avg": 0,
            "net_income": null,
            "revenue": null,
            "common_shares": null,
            "book_valuer_per_share": null,
            "book_valuer_per_share_4q_avg": 52.96,
            "equity": null,
            "current_ratio": null,
            "debt_ratio": null,
            "inventory_turnover_ratio": null,
            "account_receivable_turnover_ratio": null,
            "reinvestment_rate": null,
            "research_to_sale_ratio": null,
            "price_fair": 0,
            "eps_avg_yearly": 0,
            "eps_latest_yearly": 0,
            "eps_growth_yearly": 0
        },
        "20093": {
            "year_quarter": 20093,
            "year": 2009,
            "quarter": 3,
            "eps": null,
            "eps_growth_year": null,
            "eps_4q": null,
            "eps_4q_growth_year": null,
            "roe": null,
            "roe_4q": 0,
            "gross_profit": null,
            "gross_margin": null,
            "gross_margin_4q_avg": 0,
            "net_income": null,
            "revenue": null,
            "common_shares": null,
            "book_valuer_per_share": null,
            "book_valuer_per_share_4q_avg": 52.96,
            "equity": null,
            "current_ratio": null,
            "debt_ratio": null,
            "inventory_turnover_ratio": null,
            "account_receivable_turnover_ratio": null,
            "reinvestment_rate": null,
            "research_to_sale_ratio": null,
            "price_fair": 0,
            "eps_avg_yearly": 0,
            "eps_latest_yearly": 0,
            "eps_growth_yearly": 0
        },
        "20094": {
            "year_quarter": 20094,
            "year": 2009,
            "quarter": 4,
            "eps": null,
            "eps_growth_year": null,
            "eps_4q": null,
            "eps_4q_growth_year": null,
            "roe": null,
            "roe_4q": 0,
            "gross_profit": null,
            "gross_margin": null,
            "gross_margin_4q_avg": 0,
            "net_income": null,
            "revenue": null,
            "common_shares": 360972,
            "book_valuer_per_share": 56.48,
            "book_valuer_per_share_4q_avg": 14.12,
            "equity": 2065950,
            "current_ratio": 178.97,
            "debt_ratio": 33.24,
            "inventory_turnover_ratio": null,
            "account_receivable_turnover_ratio": null,
            "reinvestment_rate": null,
            "research_to_sale_ratio": null,
            "price_fair": 0,
            "eps_avg_yearly": 0,
            "eps_latest_yearly": 0,
            "eps_growth_yearly": 0
        },
        "20101": {
            "year_quarter": 20101,
            "year": 2010,
            "quarter": 1,
            "eps": null,
            "eps_growth_year": null,
            "eps_4q": null,
            "eps_4q_growth_year": null,
            "roe": null,
            "roe_4q": 0,
            "gross_profit": null,
            "gross_margin": null,
            "gross_margin_4q_avg": 0,
            "net_income": null,
            "revenue": null,
            "common_shares": null,
            "book_valuer_per_share": null,
            "book_valuer_per_share_4q_avg": 14.12,
            "equity": null,
            "current_ratio": null,
            "debt_ratio": null,
            "inventory_turnover_ratio": null,
            "account_receivable_turnover_ratio": null,
            "reinvestment_rate": null,
            "research_to_sale_ratio": null,
            "price_fair": 0,
            "eps_avg_yearly": 0,
            "eps_latest_yearly": 0,
            "eps_growth_yearly": 0
        },
        "20102": {
            "year_quarter": 20102,
            "year": 2010,
            "quarter": 2,
            "eps": null,
            "eps_growth_year": null,
            "eps_4q": null,
            "eps_4q_growth_year": null,
            "roe": null,
            "roe_4q": 0,
            "gross_profit": null,
            "gross_margin": null,
            "gross_margin_4q_avg": 0,
            "net_income": null,
            "revenue": null,
            "common_shares": 630000,
            "book_valuer_per_share": null,
            "book_valuer_per_share_4q_avg": 14.12,
            "equity": 2557288,
            "current_ratio": null,
            "debt_ratio": null,
            "inventory_turnover_ratio": null,
            "account_receivable_turnover_ratio": null,
            "reinvestment_rate": null,
            "research_to_sale_ratio": null,
            "price_fair": 0,
            "eps_avg_yearly": 0,
            "eps_latest_yearly": 0,
            "eps_growth_yearly": 0
        },
        "20103": {
            "year_quarter": 20103,
            "year": 2010,
            "quarter": 3,
            "eps": null,
            "eps_growth_year": null,
            "eps_4q": null,
            "eps_4q_growth_year": null,
            "roe": null,
            "roe_4q": 0,
            "gross_profit": null,
            "gross_margin": null,
            "gross_margin_4q_avg": 0,
            "net_income": null,
            "revenue": null,
            "common_shares": null,
            "book_valuer_per_share": null,
            "book_valuer_per_share_4q_avg": 14.12,
            "equity": null,
            "current_ratio": null,
            "debt_ratio": null,
            "inventory_turnover_ratio": null,
            "account_receivable_turnover_ratio": null,
            "reinvestment_rate": null,
            "research_to_sale_ratio": null,
            "price_fair": 0,
            "eps_avg_yearly": 0,
            "eps_latest_yearly": 0,
            "eps_growth_yearly": 0
        },
        "20104": {
            "year_quarter": 20104,
            "year": 2010,
            "quarter": 4,
            "eps": null,
            "eps_growth_year": null,
            "eps_4q": null,
            "eps_4q_growth_year": null,
            "roe": null,
            "roe_4q": 0,
            "gross_profit": null,
            "gross_margin": null,
            "gross_margin_4q_avg": 0,
            "net_income": null,
            "revenue": null,
            "common_shares": 630000,
            "book_valuer_per_share": 41.53,
            "book_valuer_per_share_4q_avg": 10.38,
            "equity": 2639285,
            "current_ratio": 245.45,
            "debt_ratio": 28.64,
            "inventory_turnover_ratio": null,
            "account_receivable_turnover_ratio": null,
            "reinvestment_rate": null,
            "research_to_sale_ratio": null,
            "price_fair": 0,
            "eps_avg_yearly": 0,
            "eps_latest_yearly": 0,
            "eps_growth_yearly": 0
        },
        "20111": {
            "year_quarter": 20111,
            "year": 2011,
            "quarter": 1,
            "eps": null,
            "eps_growth_year": null,
            "eps_4q": null,
            "eps_4q_growth_year": null,
            "roe": null,
            "roe_4q": 0,
            "gross_profit": 303528,
            "gross_margin": null,
            "gross_margin_4q_avg": 0,
            "net_income": 139758,
            "revenue": 1020694,
            "common_shares": 630000,
            "book_valuer_per_share": 44.48,
            "book_valuer_per_share_4q_avg": 21.5,
            "equity": 2825004,
            "current_ratio": 221.66,
            "debt_ratio": 32.33,
            "inventory_turnover_ratio": null,
            "account_receivable_turnover_ratio": null,
            "reinvestment_rate": null,
            "research_to_sale_ratio": null,
            "price_fair": 0,
            "eps_avg_yearly": 0,
            "eps_latest_yearly": 0,
            "eps_growth_yearly": 0
        },
        "20112": {
            "year_quarter": 20112,
            "year": 2011,
            "quarter": 2,
            "eps": 1.97,
            "eps_growth_year": null,
            "eps_4q": null,
            "eps_4q_growth_year": null,
            "roe": 4.31,
            "roe_4q": 4.31,
            "gross_profit": 262971,
            "gross_margin": 26.67,
            "gross_margin_4q_avg": 6.67,
            "net_income": 123930,
            "revenue": 985877,
            "common_shares": 630000,
            "book_valuer_per_share": 46.06,
            "book_valuer_per_share_4q_avg": 33.02,
            "equity": 2927391,
            "current_ratio": 234.51,
            "debt_ratio": 30.28,
            "inventory_turnover_ratio": 1.75,
            "account_receivable_turnover_ratio": 1.58,
            "reinvestment_rate": null,
            "research_to_sale_ratio": null,
            "price_fair": 0,
            "eps_avg_yearly": 0,
            "eps_latest_yearly": 0,
            "eps_growth_yearly": 0
        },
        "20113": {
            "year_quarter": 20113,
            "year": 2011,
            "quarter": 3,
            "eps": null,
            "eps_growth_year": null,
            "eps_4q": null,
            "eps_4q_growth_year": null,
            "roe": null,
            "roe_4q": 4.31,
            "gross_profit": 333286,
            "gross_margin": null,
            "gross_margin_4q_avg": 6.67,
            "net_income": 157009,
            "revenue": 1294974,
            "common_shares": 630000,
            "book_valuer_per_share": 52.01,
            "book_valuer_per_share_4q_avg": 46.02,
            "equity": 3304079,
            "current_ratio": 206.93,
            "debt_ratio": 33.64,
            "inventory_turnover_ratio": null,
            "account_receivable_turnover_ratio": null,
            "reinvestment_rate": null,
            "research_to_sale_ratio": null,
            "price_fair": 0,
            "eps_avg_yearly": 0,
            "eps_latest_yearly": 0,
            "eps_growth_yearly": 0
        },
        "20114": {
            "year_quarter": 20114,
            "year": 2011,
            "quarter": 4,
            "eps": null,
            "eps_growth_year": null,
            "eps_4q": null,
            "eps_4q_growth_year": null,
            "roe": null,
            "roe_4q": 4.31,
            "gross_profit": 373746,
            "gross_margin": null,
            "gross_margin_4q_avg": 6.67,
            "net_income": 160600,
            "revenue": 1365436,
            "common_shares": 630000,
            "book_valuer_per_share": 55.06,
            "book_valuer_per_share_4q_avg": 49.4,
            "equity": 3496289,
            "current_ratio": 194.21,
            "debt_ratio": 33.55,
            "inventory_turnover_ratio": null,
            "account_receivable_turnover_ratio": null,
            "reinvestment_rate": null,
            "research_to_sale_ratio": null,
            "price_fair": 0,
            "eps_avg_yearly": 0,
            "eps_latest_yearly": 0,
            "eps_growth_yearly": 0
        },
        "20121": {
            "year_quarter": 20121,
            "year": 2012,
            "quarter": 1,
            "eps": null,
            "eps_growth_year": null,
            "eps_4q": null,
            "eps_4q_growth_year": null,
            "roe": null,
            "roe_4q": 4.31,
            "gross_profit": 313185,
            "gross_margin": null,
            "gross_margin_4q_avg": 6.67,
            "net_income": 90630,
            "revenue": 1306928,
            "common_shares": 630000,
            "book_valuer_per_share": 55.13,
            "book_valuer_per_share_4q_avg": 52.07,
            "equity": 3497241,
            "current_ratio": 199.85,
            "debt_ratio": 35.19,
            "inventory_turnover_ratio": null,
            "account_receivable_turnover_ratio": null,
            "reinvestment_rate": null,
            "research_to_sale_ratio": null,
            "price_fair": 0,
            "eps_avg_yearly": 0,
            "eps_latest_yearly": 0,
            "eps_growth_yearly": 0
        },
        "20122": {
            "year_quarter": 20122,
            "year": 2012,
            "quarter": 2,
            "eps": 1.98,
            "eps_growth_year": 0.61,
            "eps_4q": 1.98,
            "eps_4q_growth_year": null,
            "roe": 3.55,
            "roe_4q": 3.55,
            "gross_profit": 377163,
            "gross_margin": 26.74,
            "gross_margin_4q_avg": 6.69,
            "net_income": 124682,
            "revenue": 1410593,
            "common_shares": 630000,
            "book_valuer_per_share": 55.59,
            "book_valuer_per_share_4q_avg": 54.45,
            "equity": 3529225,
            "current_ratio": 188.59,
            "debt_ratio": 37.82,
            "inventory_turnover_ratio": 2.38,
            "account_receivable_turnover_ratio": 1.76,
            "reinvestment_rate": null,
            "research_to_sale_ratio": null,
            "price_fair": 0,
            "eps_avg_yearly": 0,
            "eps_latest_yearly": 0,
            "eps_growth_yearly": 0
        },
        "20123": {
            "year_quarter": 20123,
            "year": 2012,
            "quarter": 3,
            "eps": 1.46,
            "eps_growth_year": null,
            "eps_4q": 3.44,
            "eps_4q_growth_year": null,
            "roe": 2.58,
            "roe_4q": 6.13,
            "gross_profit": 317458,
            "gross_margin": 23.03,
            "gross_margin_4q_avg": 12.44,
            "net_income": 92046,
            "revenue": 1378330,
            "common_shares": 630000,
            "book_valuer_per_share": 56.69,
            "book_valuer_per_share_4q_avg": 55.62,
            "equity": 3598097,
            "current_ratio": 157.46,
            "debt_ratio": 40.67,
            "inventory_turnover_ratio": 1.94,
            "account_receivable_turnover_ratio": 0.9,
            "reinvestment_rate": null,
            "research_to_sale_ratio": 3.76,
            "price_fair": 17.52,
            "eps_avg_yearly": 5.84,
            "eps_latest_yearly": 5.84,
            "eps_growth_yearly": -105.05
        },
        "20124": {
            "year_quarter": 20124,
            "year": 2012,
            "quarter": 4,
            "eps": 0.13,
            "eps_growth_year": null,
            "eps_4q": 3.19,
            "eps_4q_growth_year": null,
            "roe": 0.24,
            "roe_4q": 6.37,
            "gross_profit": 175136,
            "gross_margin": 16.55,
            "gross_margin_4q_avg": 16.58,
            "net_income": 9403,
            "revenue": 1058109,
            "common_shares": 710000,
            "book_valuer_per_share": 59.28,
            "book_valuer_per_share_4q_avg": 56.67,
            "equity": 4235543,
            "current_ratio": 182.86,
            "debt_ratio": 34.33,
            "inventory_turnover_ratio": 1.45,
            "account_receivable_turnover_ratio": 0.76,
            "reinvestment_rate": null,
            "research_to_sale_ratio": 5.38,
            "price_fair": 9.54,
            "eps_avg_yearly": 3.18,
            "eps_latest_yearly": 0.52,
            "eps_growth_yearly": -234.72
        },
        "20131": {
            "year_quarter": 20131,
            "year": 2013,
            "quarter": 1,
            "eps": 0.72,
            "eps_growth_year": null,
            "eps_4q": 3.9,
            "eps_4q_growth_year": null,
            "roe": 1.18,
            "roe_4q": 7.55,
            "gross_profit": 302734,
            "gross_margin": 21.16,
            "gross_margin_4q_avg": 21.87,
            "net_income": 51008,
            "revenue": 1430571,
            "common_shares": 710000,
            "book_valuer_per_share": 61.82,
            "book_valuer_per_share_4q_avg": 58.35,
            "equity": 4416308,
            "current_ratio": 161.77,
            "debt_ratio": 38.69,
            "inventory_turnover_ratio": 1.77,
            "account_receivable_turnover_ratio": 0.91,
            "reinvestment_rate": null,
            "research_to_sale_ratio": 3.62,
            "price_fair": 107.8,
            "eps_avg_yearly": 3.08,
            "eps_latest_yearly": 2.88,
            "eps_growth_yearly": 448.65
        },
        "20132": {
            "year_quarter": 20132,
            "year": 2013,
            "quarter": 2,
            "eps": 1.14,
            "eps_growth_year": -42.4,
            "eps_4q": 3.09,
            "eps_4q_growth_year": 56.38,
            "roe": 2.05,
            "roe_4q": 6.05,
            "gross_profit": 333957,
            "gross_margin": 20.16,
            "gross_margin_4q_avg": 20.23,
            "net_income": 90916,
            "revenue": 1656499,
            "common_shares": 710000,
            "book_valuer_per_share": 62.6,
            "book_valuer_per_share_4q_avg": 60.1,
            "equity": 4471793,
            "current_ratio": 154.13,
            "debt_ratio": 41.68,
            "inventory_turnover_ratio": 1.77,
            "account_receivable_turnover_ratio": 0.82,
            "reinvestment_rate": null,
            "research_to_sale_ratio": 4.06,
            "price_fair": 120.75,
            "eps_avg_yearly": 3.45,
            "eps_latest_yearly": 4.56,
            "eps_growth_yearly": 394.82
        },
        "20133": {
            "year_quarter": 20133,
            "year": 2013,
            "quarter": 3,
            "eps": 1.6,
            "eps_growth_year": 9.52,
            "eps_4q": 3.51,
            "eps_4q_growth_year": 2.12,
            "roe": 2.76,
            "roe_4q": 6.2299999999999995,
            "gross_profit": 459782,
            "gross_margin": 23.62,
            "gross_margin_4q_avg": 20.37,
            "net_income": 124680,
            "revenue": 1946565,
            "common_shares": 781000,
            "book_valuer_per_share": 57.88,
            "book_valuer_per_share_4q_avg": 60.4,
            "equity": 4547262,
            "current_ratio": 156.57,
            "debt_ratio": 41.64,
            "inventory_turnover_ratio": 1.79,
            "account_receivable_turnover_ratio": 0.84,
            "reinvestment_rate": null,
            "research_to_sale_ratio": 4.36,
            "price_fair": 141.4,
            "eps_avg_yearly": 4.04,
            "eps_latest_yearly": 6.4,
            "eps_growth_yearly": 348.14
        },
        "20134": {
            "year_quarter": 20134,
            "year": 2013,
            "quarter": 4,
            "eps": 2.48,
            "eps_growth_year": 1749.1,
            "eps_4q": 5.87,
            "eps_4q_growth_year": 84.2,
            "roe": 4.13,
            "roe_4q": 10.12,
            "gross_profit": 513878,
            "gross_margin": 22.54,
            "gross_margin_4q_avg": 21.87,
            "net_income": 193538,
            "revenue": 2279455,
            "common_shares": 781000,
            "book_valuer_per_share": 61.55,
            "book_valuer_per_share_4q_avg": 60.96,
            "equity": 4834465,
            "current_ratio": 158.29,
            "debt_ratio": 42.41,
            "inventory_turnover_ratio": 2.11,
            "account_receivable_turnover_ratio": 0.89,
            "reinvestment_rate": null,
            "research_to_sale_ratio": 2.89,
            "price_fair": 175.7,
            "eps_avg_yearly": 5.02,
            "eps_latest_yearly": 9.92,
            "eps_growth_yearly": 326.78
        },
        "20141": {
            "year_quarter": 20141,
            "year": 2014,
            "quarter": 1,
            "eps": 1.62,
            "eps_growth_year": 125,
            "eps_4q": 6.84,
            "eps_4q_growth_year": 75.08,
            "roe": 2.59,
            "roe_4q": 11.530000000000001,
            "gross_profit": 429109,
            "gross_margin": 22.29,
            "gross_margin_4q_avg": 22.15,
            "net_income": 126583,
            "revenue": 1924954,
            "common_shares": 781000,
            "book_valuer_per_share": 62.84,
            "book_valuer_per_share_4q_avg": 61.22,
            "equity": 4934761,
            "current_ratio": 178.07,
            "debt_ratio": 37.2,
            "inventory_turnover_ratio": 1.9,
            "account_receivable_turnover_ratio": 0.73,
            "reinvestment_rate": null,
            "research_to_sale_ratio": 2.36,
            "price_fair": 183,
            "eps_avg_yearly": 5.23,
            "eps_latest_yearly": 6.48,
            "eps_growth_yearly": 260.28
        },
        "20142": {
            "year_quarter": 20142,
            "year": 2014,
            "quarter": 2,
            "eps": 2.14,
            "eps_growth_year": 87.72,
            "eps_4q": 7.84,
            "eps_4q_growth_year": 153.21,
            "roe": 3.44,
            "roe_4q": 12.92,
            "gross_profit": 478202,
            "gross_margin": 21.96,
            "gross_margin_4q_avg": 22.6,
            "net_income": 167836,
            "revenue": 2177667,
            "common_shares": 781000,
            "book_valuer_per_share": 61.39,
            "book_valuer_per_share_4q_avg": 60.92,
            "equity": 4822115,
            "current_ratio": 163.58,
            "debt_ratio": 38.43,
            "inventory_turnover_ratio": 2.32,
            "account_receivable_turnover_ratio": 0.8,
            "reinvestment_rate": null,
            "research_to_sale_ratio": 2.33,
            "price_fair": 197.58,
            "eps_avg_yearly": 5.65,
            "eps_latest_yearly": 8.56,
            "eps_growth_yearly": 243.8
        },
        "20143": {
            "year_quarter": 20143,
            "year": 2014,
            "quarter": 3,
            "eps": 1.75,
            "eps_growth_year": 9.38,
            "eps_4q": 7.47,
            "eps_4q_growth_year": 112.79,
            "roe": 2.77,
            "roe_4q": 12.93,
            "gross_profit": 468019,
            "gross_margin": 23.5,
            "gross_margin_4q_avg": 22.57,
            "net_income": 148005,
            "revenue": 1991398,
            "common_shares": 850000,
            "book_valuer_per_share": 68.51,
            "book_valuer_per_share_4q_avg": 63.57,
            "equity": 5851472,
            "current_ratio": 232.97,
            "debt_ratio": 26.83,
            "inventory_turnover_ratio": 2.16,
            "account_receivable_turnover_ratio": 0.75,
            "reinvestment_rate": null,
            "research_to_sale_ratio": 2.94,
            "price_fair": 202.84,
            "eps_avg_yearly": 5.8,
            "eps_latest_yearly": 7,
            "eps_growth_yearly": 208.61
        },
        "20144": {
            "year_quarter": 20144,
            "year": 2014,
            "quarter": 4,
            "eps": 2.28,
            "eps_growth_year": -8.11,
            "eps_4q": 7.55,
            "eps_4q_growth_year": 28.58,
            "roe": 3.2,
            "roe_4q": 12,
            "gross_profit": 539868,
            "gross_margin": 23.37,
            "gross_margin_4q_avg": 22.78,
            "net_income": 190920,
            "revenue": 2310217,
            "common_shares": 850000,
            "book_valuer_per_share": 72.41,
            "book_valuer_per_share_4q_avg": 66.29,
            "equity": 6099690,
            "current_ratio": 218.54,
            "debt_ratio": 29.07,
            "inventory_turnover_ratio": 2.44,
            "account_receivable_turnover_ratio": 0.89,
            "reinvestment_rate": 105.04,
            "research_to_sale_ratio": 2.05,
            "price_fair": 214.48,
            "eps_avg_yearly": 6.13,
            "eps_latest_yearly": 9.12,
            "eps_growth_yearly": 199.86
        },
        "20151": {
            "year_quarter": 20151,
            "year": 2015,
            "quarter": 1,
            "eps": 2.18,
            "eps_growth_year": 34.57,
            "eps_4q": 8.21,
            "eps_4q_growth_year": 20.13,
            "roe": 2.95,
            "roe_4q": 12.36,
            "gross_profit": 468647,
            "gross_margin": 24.3,
            "gross_margin_4q_avg": 23.28,
            "net_income": 182322,
            "revenue": 1928365,
            "common_shares": 838400,
            "book_valuer_per_share": 73.85,
            "book_valuer_per_share_4q_avg": 69.04,
            "equity": 6248449,
            "current_ratio": 242.65,
            "debt_ratio": 26.46,
            "inventory_turnover_ratio": 2.03,
            "account_receivable_turnover_ratio": 0.78,
            "reinvestment_rate": 105.43,
            "research_to_sale_ratio": 2.32,
            "price_fair": 222.73,
            "eps_avg_yearly": 6.36,
            "eps_latest_yearly": 8.72,
            "eps_growth_yearly": 180.1
        },
        "20152": {
            "year_quarter": 20152,
            "year": 2015,
            "quarter": 2,
            "eps": 2.28,
            "eps_growth_year": 6.54,
            "eps_4q": 8.5,
            "eps_4q_growth_year": 8.43,
            "roe": 3.09,
            "roe_4q": 12.01,
            "gross_profit": 468822,
            "gross_margin": 23.12,
            "gross_margin_4q_avg": 23.57,
            "net_income": 191051,
            "revenue": 2027966,
            "common_shares": 838400,
            "book_valuer_per_share": 71.34,
            "book_valuer_per_share_4q_avg": 71.53,
            "equity": 6112741,
            "current_ratio": 205.57,
            "debt_ratio": 31.07,
            "inventory_turnover_ratio": 2.25,
            "account_receivable_turnover_ratio": 0.86,
            "reinvestment_rate": 89.73,
            "research_to_sale_ratio": 2.37,
            "price_fair": 230.77,
            "eps_avg_yearly": 6.59,
            "eps_latest_yearly": 9.12,
            "eps_growth_yearly": 166.62
        },
        "20153": {
            "year_quarter": 20153,
            "year": 2015,
            "quarter": 3,
            "eps": 2.14,
            "eps_growth_year": 22.29,
            "eps_4q": 8.87,
            "eps_4q_growth_year": 18.66,
            "roe": 2.85,
            "roe_4q": 12.09,
            "gross_profit": 486017,
            "gross_margin": 23.41,
            "gross_margin_4q_avg": 23.55,
            "net_income": 180366,
            "revenue": 2076250,
            "common_shares": 838400,
            "book_valuer_per_share": 76.3,
            "book_valuer_per_share_4q_avg": 73.48,
            "equity": 6530384,
            "current_ratio": 238.42,
            "debt_ratio": 27.03,
            "inventory_turnover_ratio": 2.2,
            "account_receivable_turnover_ratio": 0.84,
            "reinvestment_rate": 90.46,
            "research_to_sale_ratio": 2.86,
            "price_fair": 236.06,
            "eps_avg_yearly": 6.74,
            "eps_latest_yearly": 8.56,
            "eps_growth_yearly": 151.91
        },
        "20154": {
            "year_quarter": 20154,
            "year": 2015,
            "quarter": 4,
            "eps": 2.45,
            "eps_growth_year": 7.51,
            "eps_4q": 9.04,
            "eps_4q_growth_year": 19.79,
            "roe": 3.03,
            "roe_4q": 11.919999999999998,
            "gross_profit": 551839,
            "gross_margin": 24.67,
            "gross_margin_4q_avg": 23.88,
            "net_income": 199595,
            "revenue": 2236667,
            "common_shares": 838400,
            "book_valuer_per_share": 77.15,
            "book_valuer_per_share_4q_avg": 74.66,
            "equity": 6633702,
            "current_ratio": 251.59,
            "debt_ratio": 29.02,
            "inventory_turnover_ratio": 2.24,
            "account_receivable_turnover_ratio": 0.92,
            "reinvestment_rate": 76.58,
            "research_to_sale_ratio": 2.29,
            "price_fair": 243.7,
            "eps_avg_yearly": 6.96,
            "eps_latest_yearly": 9.8,
            "eps_growth_yearly": 145.2
        },
        "20161": {
            "year_quarter": 20161,
            "year": 2016,
            "quarter": 1,
            "eps": 2.25,
            "eps_growth_year": 3.21,
            "eps_4q": 9.11,
            "eps_4q_growth_year": 10.95,
            "roe": 2.7,
            "roe_4q": 11.67,
            "gross_profit": 534782,
            "gross_margin": 28.43,
            "gross_margin_4q_avg": 24.91,
            "net_income": 180001,
            "revenue": 1881133,
            "common_shares": 838400,
            "book_valuer_per_share": 78.24,
            "book_valuer_per_share_4q_avg": 75.76,
            "equity": 6715457,
            "current_ratio": 302.88,
            "debt_ratio": 24.99,
            "inventory_turnover_ratio": 1.84,
            "account_receivable_turnover_ratio": 0.83,
            "reinvestment_rate": 70.55,
            "research_to_sale_ratio": 2.65,
            "price_fair": 248.45,
            "eps_avg_yearly": 7.1,
            "eps_latest_yearly": 9,
            "eps_growth_yearly": 133.34
        },
        "20162": {
            "year_quarter": 20162,
            "year": 2016,
            "quarter": 2,
            "eps": 1.71,
            "eps_growth_year": -25,
            "eps_4q": 8.54,
            "eps_4q_growth_year": 0.55,
            "roe": 2.04,
            "roe_4q": 10.62,
            "gross_profit": 472949,
            "gross_margin": 26.3,
            "gross_margin_4q_avg": 25.7,
            "net_income": 132772,
            "revenue": 1798574,
            "common_shares": 838400,
            "book_valuer_per_share": 73.18,
            "book_valuer_per_share_4q_avg": 76.22,
            "equity": 6306171,
            "current_ratio": 245.08,
            "debt_ratio": 29.39,
            "inventory_turnover_ratio": 1.9,
            "account_receivable_turnover_ratio": 0.88,
            "reinvestment_rate": 53.94,
            "research_to_sale_ratio": 2.79,
            "price_fair": 247.89,
            "eps_avg_yearly": 7.08,
            "eps_latest_yearly": 6.84,
            "eps_growth_yearly": 119.01
        },
        "20163": {
            "year_quarter": 20163,
            "year": 2016,
            "quarter": 3,
            "eps": 1.76,
            "eps_growth_year": -17.76,
            "eps_4q": 8.16,
            "eps_4q_growth_year": -7.97,
            "roe": 2.13,
            "roe_4q": 9.9,
            "gross_profit": 510242,
            "gross_margin": 27.6,
            "gross_margin_4q_avg": 26.75,
            "net_income": 134362,
            "revenue": 1848677,
            "common_shares": 838400,
            "book_valuer_per_share": 72.47,
            "book_valuer_per_share_4q_avg": 75.26,
            "equity": 6323363,
            "current_ratio": 247.22,
            "debt_ratio": 28.55,
            "inventory_turnover_ratio": 2.04,
            "account_receivable_turnover_ratio": 0.95,
            "reinvestment_rate": 36.4,
            "research_to_sale_ratio": 2.76,
            "price_fair": 250.51,
            "eps_avg_yearly": 7.16,
            "eps_latest_yearly": 7.04,
            "eps_growth_yearly": 126.31
        },
        "20164": {
            "year_quarter": 20164,
            "year": 2016,
            "quarter": 4,
            "eps": 2.46,
            "eps_growth_year": 0.45,
            "eps_4q": 8.17,
            "eps_4q_growth_year": -9.59,
            "roe": 2.92,
            "roe_4q": 9.79,
            "gross_profit": 567193,
            "gross_margin": 27.27,
            "gross_margin_4q_avg": 27.4,
            "net_income": 186876,
            "revenue": 2079988,
            "common_shares": 838400,
            "book_valuer_per_share": 74.47,
            "book_valuer_per_share_4q_avg": 74.59,
            "equity": 6488358,
            "current_ratio": 219.95,
            "debt_ratio": 30.76,
            "inventory_turnover_ratio": 2.25,
            "account_receivable_turnover_ratio": 1.02,
            "reinvestment_rate": 30.86,
            "research_to_sale_ratio": 2.52,
            "price_fair": 270.9,
            "eps_avg_yearly": 7.74,
            "eps_latest_yearly": 9.84,
            "eps_growth_yearly": 159.02
        },
        "20171": {
            "year_quarter": 20171,
            "year": 2017,
            "quarter": 1,
            "eps": 2.2,
            "eps_growth_year": -2.22,
            "eps_4q": 8.13,
            "eps_4q_growth_year": -10.75,
            "roe": 2.83,
            "roe_4q": 9.92,
            "gross_profit": 500237,
            "gross_margin": 27.69,
            "gross_margin_4q_avg": 27.22,
            "net_income": 181318,
            "revenue": 1806653,
            "common_shares": 838400,
            "book_valuer_per_share": 72.73,
            "book_valuer_per_share_4q_avg": 73.21,
            "equity": 6345523,
            "current_ratio": 233.54,
            "debt_ratio": 28.16,
            "inventory_turnover_ratio": 1.83,
            "account_receivable_turnover_ratio": 0.89,
            "reinvestment_rate": 11.12,
            "research_to_sale_ratio": 2.97,
            "price_fair": 283.85,
            "eps_avg_yearly": 8.11,
            "eps_latest_yearly": 8.8,
            "eps_growth_yearly": 42.92
        },
        "20172": {
            "year_quarter": 20172,
            "year": 2017,
            "quarter": 2,
            "eps": 2.08,
            "eps_growth_year": 21.64,
            "eps_4q": 8.5,
            "eps_4q_growth_year": -0.47,
            "roe": 2.66,
            "roe_4q": 10.54,
            "gross_profit": 491755,
            "gross_margin": 26.41,
            "gross_margin_4q_avg": 27.24,
            "net_income": 168742,
            "revenue": 1861964,
            "common_shares": 838400,
            "book_valuer_per_share": 72.07,
            "book_valuer_per_share_4q_avg": 72.94,
            "equity": 6342265,
            "current_ratio": 201.57,
            "debt_ratio": 31.43,
            "inventory_turnover_ratio": 1.88,
            "account_receivable_turnover_ratio": 0.94,
            "reinvestment_rate": 18.95,
            "research_to_sale_ratio": 3.06,
            "price_fair": 292.08,
            "eps_avg_yearly": 8.35,
            "eps_latest_yearly": 8.32,
            "eps_growth_yearly": 26.97
        },
        "20173": {
            "year_quarter": 20173,
            "year": 2017,
            "quarter": 3,
            "eps": 2.32,
            "eps_growth_year": 31.82,
            "eps_4q": 9.06,
            "eps_4q_growth_year": 11.04,
            "roe": 2.82,
            "roe_4q": 11.23,
            "gross_profit": 531539,
            "gross_margin": 25.93,
            "gross_margin_4q_avg": 26.83,
            "net_income": 183299,
            "revenue": 2050049,
            "common_shares": 838400,
            "book_valuer_per_share": 75.58,
            "book_valuer_per_share_4q_avg": 73.71,
            "equity": 6651072,
            "current_ratio": 203.45,
            "debt_ratio": 30.55,
            "inventory_turnover_ratio": 2.07,
            "account_receivable_turnover_ratio": 0.97,
            "reinvestment_rate": 26.27,
            "research_to_sale_ratio": 3.24,
            "price_fair": 253.78,
            "eps_avg_yearly": 8.53,
            "eps_latest_yearly": 9.28,
            "eps_growth_yearly": 19.77
        },
        "20174": {
            "year_quarter": 20174,
            "year": 2017,
            "quarter": 4,
            "eps": 2.65,
            "eps_growth_year": 7.59,
            "eps_4q": 9.25,
            "eps_4q_growth_year": 13.17,
            "roe": 3.09,
            "roe_4q": 11.4,
            "gross_profit": 580796,
            "gross_margin": 25.83,
            "gross_margin_4q_avg": 26.47,
            "net_income": 208402,
            "revenue": 2248693,
            "common_shares": 838400,
            "book_valuer_per_share": 77.68,
            "book_valuer_per_share_4q_avg": 74.52,
            "equity": 6820617,
            "current_ratio": 201.41,
            "debt_ratio": 30.91,
            "inventory_turnover_ratio": 2.18,
            "account_receivable_turnover_ratio": 1.01,
            "reinvestment_rate": 26.57,
            "research_to_sale_ratio": 3.56,
            "price_fair": 167.71,
            "eps_avg_yearly": 8.57,
            "eps_latest_yearly": 10.6,
            "eps_growth_yearly": 9.58
        },
        "20181": {
            "year_quarter": 20181,
            "year": 2018,
            "quarter": 1,
            "eps": 2.26,
            "eps_growth_year": 2.73,
            "eps_4q": 9.31,
            "eps_4q_growth_year": 14.45,
            "roe": 2.62,
            "roe_4q": 11.19,
            "gross_profit": 501805,
            "gross_margin": 25.25,
            "gross_margin_4q_avg": 25.86,
            "net_income": 183027,
            "revenue": 1987165,
            "common_shares": 838400,
            "book_valuer_per_share": 81.35,
            "book_valuer_per_share_4q_avg": 76.67,
            "equity": 7133439,
            "current_ratio": 218.17,
            "debt_ratio": 28.17,
            "inventory_turnover_ratio": 1.76,
            "account_receivable_turnover_ratio": 0.9,
            "reinvestment_rate": 28.15,
            "research_to_sale_ratio": 3.28,
            "price_fair": 214.4,
            "eps_avg_yearly": 8.73,
            "eps_latest_yearly": 9.04,
            "eps_growth_yearly": 14.57
        },
        "20182": {
            "year_quarter": 20182,
            "year": 2018,
            "quarter": 2,
            "eps": 1.75,
            "eps_growth_year": -15.87,
            "eps_4q": 8.98,
            "eps_4q_growth_year": 5.59,
            "roe": 1.89,
            "roe_4q": 10.42,
            "gross_profit": 485943,
            "gross_margin": 23.71,
            "gross_margin_4q_avg": 25.18,
            "net_income": 131092,
            "revenue": 2049213,
            "common_shares": 838400,
            "book_valuer_per_share": 77.21,
            "book_valuer_per_share_4q_avg": 77.96,
            "equity": 6755059,
            "current_ratio": 231.16,
            "debt_ratio": 31.95,
            "inventory_turnover_ratio": 1.8,
            "account_receivable_turnover_ratio": 0.94,
            "reinvestment_rate": 27.54,
            "research_to_sale_ratio": 3.39,
            "price_fair": 86.3,
            "eps_avg_yearly": 8.63,
            "eps_latest_yearly": 7,
            "eps_growth_yearly": 0.9
        },
        "20183": {
            "year_quarter": 20183,
            "year": 2018,
            "quarter": 3,
            "eps": 1.21,
            "eps_growth_year": -47.84,
            "eps_4q": 7.88,
            "eps_4q_growth_year": -13.1,
            "roe": 1.31,
            "roe_4q": 8.91,
            "gross_profit": 458726,
            "gross_margin": 23.22,
            "gross_margin_4q_avg": 24.5,
            "net_income": 88125,
            "revenue": 1975299,
            "common_shares": 838400,
            "book_valuer_per_share": 76.17,
            "book_valuer_per_share_4q_avg": 78.1,
            "equity": 6670351,
            "current_ratio": 228,
            "debt_ratio": 31.67,
            "inventory_turnover_ratio": 1.76,
            "account_receivable_turnover_ratio": 0.92,
            "reinvestment_rate": 22.68,
            "research_to_sale_ratio": 3.13,
            "price_fair": 25.49,
            "eps_avg_yearly": 8.5,
            "eps_latest_yearly": 4.84,
            "eps_growth_yearly": -2.26
        },
        "20184": {
            "year_quarter": 20184,
            "year": 2018,
            "quarter": 4,
            "eps": 1.28,
            "eps_growth_year": -51.5,
            "eps_4q": 6.51,
            "eps_4q_growth_year": -29.58,
            "roe": 1.36,
            "roe_4q": 7.18,
            "gross_profit": 528272,
            "gross_margin": 25.76,
            "gross_margin_4q_avg": 24.49,
            "net_income": 91721,
            "revenue": 2050744,
            "common_shares": 838400,
            "book_valuer_per_share": 77.83,
            "book_valuer_per_share_4q_avg": 78.14,
            "equity": 6783903,
            "current_ratio": 218.96,
            "debt_ratio": 31.93,
            "inventory_turnover_ratio": 1.68,
            "account_receivable_turnover_ratio": 1.02,
            "reinvestment_rate": 21.23,
            "research_to_sale_ratio": 3.48,
            "price_fair": 24.74,
            "eps_avg_yearly": 8.25,
            "eps_latest_yearly": 5.12,
            "eps_growth_yearly": -8.38
        },
        "20191": {
            "year_quarter": 20191,
            "year": 2019,
            "quarter": 1,
            "eps": 1.19,
            "eps_growth_year": -47.35,
            "eps_4q": 5.44,
            "eps_4q_growth_year": -41.52,
            "roe": 1.35,
            "roe_4q": 5.909999999999999,
            "gross_profit": 435970,
            "gross_margin": 25.59,
            "gross_margin_4q_avg": 24.57,
            "net_income": 92931,
            "revenue": 1703364,
            "common_shares": 838400,
            "book_valuer_per_share": 80.73,
            "book_valuer_per_share_4q_avg": 77.99,
            "equity": 7025360,
            "current_ratio": 231.94,
            "debt_ratio": 31.25,
            "inventory_turnover_ratio": 1.41,
            "account_receivable_turnover_ratio": 0.95,
            "reinvestment_rate": 22.31,
            "research_to_sale_ratio": 4.1,
            "price_fair": 23.99,
            "eps_avg_yearly": 8,
            "eps_latest_yearly": 4.76,
            "eps_growth_yearly": -9.05
        },
        "20192": {
            "year_quarter": 20192,
            "year": 2019,
            "quarter": 2,
            "eps": 1.05,
            "eps_growth_year": -40,
            "eps_4q": 4.73,
            "eps_4q_growth_year": -47.28,
            "roe": 1.29,
            "roe_4q": 5.3100000000000005,
            "gross_profit": 471916,
            "gross_margin": 25.86,
            "gross_margin_4q_avg": 25.11,
            "net_income": 89238,
            "revenue": 1824757,
            "common_shares": 838400,
            "book_valuer_per_share": 77.46,
            "book_valuer_per_share_4q_avg": 78.05,
            "equity": 6760089,
            "current_ratio": 206.96,
            "debt_ratio": 33.82,
            "inventory_turnover_ratio": 1.55,
            "account_receivable_turnover_ratio": 1.07,
            "reinvestment_rate": 22.76,
            "research_to_sale_ratio": 4.22,
            "price_fair": 23.07,
            "eps_avg_yearly": 7.69,
            "eps_latest_yearly": 4.2,
            "eps_growth_yearly": -13.13
        },
        "20193": {
            "year_quarter": 20193,
            "year": 2019,
            "quarter": 3,
            "eps": 0.98,
            "eps_growth_year": -19.01,
            "eps_4q": 4.5,
            "eps_4q_growth_year": -42.88,
            "roe": 1.18,
            "roe_4q": 5.18,
            "gross_profit": 472132,
            "gross_margin": 25.35,
            "gross_margin_4q_avg": 25.64,
            "net_income": 78866,
            "revenue": 1862395,
            "common_shares": 838400,
            "book_valuer_per_share": 75.3,
            "book_valuer_per_share_4q_avg": 77.83,
            "equity": 6588176,
            "current_ratio": 200.12,
            "debt_ratio": 33.52,
            "inventory_turnover_ratio": 1.55,
            "account_receivable_turnover_ratio": 1.09,
            "reinvestment_rate": 16.55,
            "research_to_sale_ratio": 4.18,
            "price_fair": 22.2,
            "eps_avg_yearly": 7.4,
            "eps_latest_yearly": 3.92,
            "eps_growth_yearly": -13.26
        },
        "20194": {
            "year_quarter": 20194,
            "year": 2019,
            "quarter": 4,
            "eps": 1.56,
            "eps_growth_year": 21.7,
            "eps_4q": 4.78,
            "eps_4q_growth_year": -26.66,
            "roe": 1.97,
            "roe_4q": 5.789999999999999,
            "gross_profit": 527128,
            "gross_margin": 25.87,
            "gross_margin_4q_avg": 25.67,
            "net_income": 130755,
            "revenue": 2037360,
            "common_shares": 838400,
            "book_valuer_per_share": 76.12,
            "book_valuer_per_share_4q_avg": 77.4,
            "equity": 6658245,
            "current_ratio": 195.58,
            "debt_ratio": 34.02,
            "inventory_turnover_ratio": 1.72,
            "account_receivable_turnover_ratio": 1.12,
            "reinvestment_rate": 9.39,
            "research_to_sale_ratio": 3.74,
            "price_fair": 21.53,
            "eps_avg_yearly": 7.18,
            "eps_latest_yearly": 6.24,
            "eps_growth_yearly": -2.09
        },
        "20201": {
            "year_quarter": 20201,
            "year": 2020,
            "quarter": 1,
            "eps": -0.16,
            "eps_growth_year": -113.45,
            "eps_4q": 3.43,
            "eps_4q_growth_year": -36.95,
            "roe": -0.13,
            "roe_4q": 4.31,
            "gross_profit": 219621,
            "gross_margin": 20.67,
            "gross_margin_4q_avg": 24.44,
            "net_income": -8719,
            "revenue": 1062734,
            "common_shares": 838400,
            "book_valuer_per_share": 73.92,
            "book_valuer_per_share_4q_avg": 75.7,
            "equity": 6424401,
            "current_ratio": 211.37,
            "debt_ratio": 31.08,
            "inventory_turnover_ratio": 1.01,
            "account_receivable_turnover_ratio": 0.65,
            "reinvestment_rate": 2.31,
            "research_to_sale_ratio": 5.49,
            "price_fair": 21.17,
            "eps_avg_yearly": 7.06,
            "eps_latest_yearly": 6.24,
            "eps_growth_yearly": -0.05
        },
        "20202": {
            "year_quarter": 20202,
            "year": 2020,
            "quarter": 2,
            "eps": 0.3,
            "eps_growth_year": -71.43,
            "eps_4q": 2.69,
            "eps_4q_growth_year": -43.14,
            "roe": 0.25,
            "roe_4q": 3.2699999999999996,
            "gross_profit": 215364,
            "gross_margin": 16.54,
            "gross_margin_4q_avg": 22.11,
            "net_income": 15816,
            "revenue": 1302117,
            "common_shares": 838400,
            "book_valuer_per_share": 69.28,
            "book_valuer_per_share_4q_avg": 73.66,
            "equity": 6042961,
            "current_ratio": 177.41,
            "debt_ratio": 34.59,
            "inventory_turnover_ratio": 1.31,
            "account_receivable_turnover_ratio": 0.96,
            "reinvestment_rate": 0.11,
            "research_to_sale_ratio": 5.09,
            "price_fair": 118.8,
            "eps_avg_yearly": 7.07,
            "eps_latest_yearly": 6.24,
            "eps_growth_yearly": 6.8
        },
        "20203": {
            "year_quarter": 20203,
            "year": 2020,
            "quarter": 3,
            "eps": 1.12,
            "eps_growth_year": 14.29,
            "eps_4q": 2.83,
            "eps_4q_growth_year": -37.09,
            "roe": 1.53,
            "roe_4q": 3.62,
            "gross_profit": 416135,
            "gross_margin": 23.85,
            "gross_margin_4q_avg": 21.73,
            "net_income": 93752,
            "revenue": 1744849,
            "common_shares": 838400,
            "book_valuer_per_share": 71.63,
            "book_valuer_per_share_4q_avg": 72.74,
            "equity": 6239601,
            "current_ratio": 171.38,
            "debt_ratio": 34.53,
            "inventory_turnover_ratio": 1.51,
            "account_receivable_turnover_ratio": 1.06,
            "reinvestment_rate": 11.43,
            "research_to_sale_ratio": 4.97,
            "price_fair": 241.1,
            "eps_avg_yearly": 6.89,
            "eps_latest_yearly": 4.48,
            "eps_growth_yearly": 84.06
        },
        "20204": {
            "year_quarter": 20204,
            "year": 2020,
            "quarter": 4,
            "eps": 2.24,
            "eps_growth_year": 43.69,
            "eps_4q": 3.51,
            "eps_4q_growth_year": -26.47,
            "roe": 2.91,
            "roe_4q": 4.5600000000000005,
            "gross_profit": 543041,
            "gross_margin": 26.4,
            "gross_margin_4q_avg": 21.87,
            "net_income": 186470,
            "revenue": 2056778,
            "common_shares": 838400,
            "book_valuer_per_share": 75.28,
            "book_valuer_per_share_4q_avg": 72.53,
            "equity": 6565723,
            "current_ratio": 169.18,
            "debt_ratio": 36.59,
            "inventory_turnover_ratio": 1.52,
            "account_receivable_turnover_ratio": 1.01,
            "reinvestment_rate": 17.05,
            "research_to_sale_ratio": 4.14,
            "price_fair": 238.9,
            "eps_avg_yearly": 6.83,
            "eps_latest_yearly": 8.96,
            "eps_growth_yearly": 101.27
        },
        "20211": {
            "year_quarter": 20211,
            "year": 2021,
            "quarter": 1,
            "eps": 1.37,
            "eps_growth_year": null,
            "eps_4q": 5.04,
            "eps_4q_growth_year": 46.95,
            "roe": 1.77,
            "roe_4q": 6.46,
            "gross_profit": 424185,
            "gross_margin": 23.91,
            "gross_margin_4q_avg": 22.68,
            "net_income": 117466,
            "revenue": 1774356,
            "common_shares": 838400,
            "book_valuer_per_share": 76.93,
            "book_valuer_per_share_4q_avg": 73.28,
            "equity": 6700891,
            "current_ratio": 211.9,
            "debt_ratio": 35.62,
            "inventory_turnover_ratio": 1.16,
            "account_receivable_turnover_ratio": 0.84,
            "reinvestment_rate": 30.73,
            "research_to_sale_ratio": 4.37,
            "price_fair": 230.6,
            "eps_avg_yearly": 6.59,
            "eps_latest_yearly": 5.48,
            "eps_growth_yearly": 93.19
        },
        "20212": {
            "year_quarter": 20212,
            "year": 2021,
            "quarter": 2,
            "eps": 0.29,
            "eps_growth_year": -3.33,
            "eps_4q": 5.02,
            "eps_4q_growth_year": 86.7,
            "roe": 0.34,
            "roe_4q": 6.55,
            "gross_profit": 286782,
            "gross_margin": 18.23,
            "gross_margin_4q_avg": 23.1,
            "net_income": 22995,
            "revenue": 1573443,
            "common_shares": 838400,
            "book_valuer_per_share": 76.98,
            "book_valuer_per_share_4q_avg": 75.21,
            "equity": 6707988,
            "current_ratio": 213.45,
            "debt_ratio": 36.39,
            "inventory_turnover_ratio": 1,
            "account_receivable_turnover_ratio": 0.8,
            "reinvestment_rate": 23.47,
            "research_to_sale_ratio": 4.85,
            "price_fair": 212.7,
            "eps_avg_yearly": 6.08,
            "eps_latest_yearly": 1.16,
            "eps_growth_yearly": 72.23
        },
        "20213": {
            "year_quarter": 20213,
            "year": 2021,
            "quarter": 3,
            "eps": 1.01,
            "eps_growth_year": -9.82,
            "eps_4q": 4.91,
            "eps_4q_growth_year": 73.6,
            "roe": 1.33,
            "roe_4q": 6.3500000000000005,
            "gross_profit": 382928,
            "gross_margin": 22.13,
            "gross_margin_4q_avg": 22.67,
            "net_income": 87289,
            "revenue": 1730162,
            "common_shares": 838400,
            "book_valuer_per_share": 73.63,
            "book_valuer_per_share_4q_avg": 75.71,
            "equity": 6421909,
            "current_ratio": 189.95,
            "debt_ratio": 38.37,
            "inventory_turnover_ratio": 0.99,
            "account_receivable_turnover_ratio": 0.9,
            "reinvestment_rate": 13.53,
            "research_to_sale_ratio": 4.1,
            "price_fair": 199.6,
            "eps_avg_yearly": 5.7,
            "eps_latest_yearly": 4.04,
            "eps_growth_yearly": 139.87
        },
        "20214": {
            "year_quarter": 20214,
            "year": 2021,
            "quarter": 4,
            "eps": 1.38,
            "eps_growth_year": -38.72,
            "eps_4q": 4.04,
            "eps_4q_growth_year": 15.13,
            "roe": 1.89,
            "roe_4q": 5.33,
            "gross_profit": 445960,
            "gross_margin": 19.94,
            "gross_margin_4q_avg": 21.05,
            "net_income": 122939,
            "revenue": 2236918,
            "common_shares": 838400,
            "book_valuer_per_share": 75.72,
            "book_valuer_per_share_4q_avg": 75.82,
            "equity": 6599681,
            "current_ratio": 185.21,
            "debt_ratio": 43.63,
            "inventory_turnover_ratio": 1.3,
            "account_receivable_turnover_ratio": 0.99,
            "reinvestment_rate": 33.76,
            "research_to_sale_ratio": 3.16,
            "price_fair": 186.9,
            "eps_avg_yearly": 5.34,
            "eps_latest_yearly": 5.52,
            "eps_growth_yearly": 146.27
        },
        "20221": {
            "year_quarter": 20221,
            "year": 2022,
            "quarter": 1,
            "eps": 1.62,
            "eps_growth_year": 18.25,
            "eps_4q": 4.29,
            "eps_4q_growth_year": -14.9,
            "roe": 2.01,
            "roe_4q": 5.569999999999999,
            "gross_profit": 459148,
            "gross_margin": 21.93,
            "gross_margin_4q_avg": 20.56,
            "net_income": 136398,
            "revenue": 2093634,
            "common_shares": 838400,
            "book_valuer_per_share": 80.2,
            "book_valuer_per_share_4q_avg": 76.63,
            "equity": 6991250,
            "current_ratio": 213.9,
            "debt_ratio": 40.69,
            "inventory_turnover_ratio": 1.27,
            "account_receivable_turnover_ratio": 0.81,
            "reinvestment_rate": 41.76,
            "research_to_sale_ratio": 2.79,
            "price_fair": 180.5,
            "eps_avg_yearly": 5.16,
            "eps_latest_yearly": 6.48,
            "eps_growth_yearly": 155.44
        },
        "20222": {
            "year_quarter": 20222,
            "year": 2022,
            "quarter": 2,
            "eps": -0.3,
            "eps_growth_year": -203.45,
            "eps_4q": 3.7,
            "eps_4q_growth_year": -26.32,
            "roe": -0.37,
            "roe_4q": 4.859999999999999,
            "gross_profit": 309800,
            "gross_margin": 19.05,
            "gross_margin_4q_avg": 20.76,
            "net_income": -25473,
            "revenue": 1625944,
            "common_shares": 838400,
            "book_valuer_per_share": 76.53,
            "book_valuer_per_share_4q_avg": 76.52,
            "equity": 6694968,
            "current_ratio": 209.84,
            "debt_ratio": 41.22,
            "inventory_turnover_ratio": 1.09,
            "account_receivable_turnover_ratio": 0.66,
            "reinvestment_rate": 52.51,
            "research_to_sale_ratio": 2.95,
            "price_fair": 175.54,
            "eps_avg_yearly": 5.02,
            "eps_latest_yearly": 6.48,
            "eps_growth_yearly": 174.34
        },
        "20223": {
            "year_quarter": 20223,
            "year": 2022,
            "quarter": 3,
            "eps": 0.63,
            "eps_growth_year": -37.62,
            "eps_4q": 3.32,
            "eps_4q_growth_year": -32.43,
            "roe": 0.78,
            "roe_4q": 4.31,
            "gross_profit": 414674,
            "gross_margin": 21.14,
            "gross_margin_4q_avg": 20.52,
            "net_income": 52642,
            "revenue": 1961797,
            "common_shares": 838400,
            "book_valuer_per_share": 78.25,
            "book_valuer_per_share_4q_avg": 77.68,
            "equity": 6853701,
            "current_ratio": 204.52,
            "debt_ratio": 41.43,
            "inventory_turnover_ratio": 1.3,
            "account_receivable_turnover_ratio": 0.8,
            "reinvestment_rate": 58.27,
            "research_to_sale_ratio": 2.82,
            "price_fair": 176.05,
            "eps_avg_yearly": 5.03,
            "eps_latest_yearly": 6.48,
            "eps_growth_yearly": 199.16
        },
        "20224": {
            "year_quarter": 20224,
            "year": 2022,
            "quarter": 4,
            "eps": -0.32,
            "eps_growth_year": -123.15,
            "eps_4q": 1.63,
            "eps_4q_growth_year": -59.79,
            "roe": -0.48,
            "roe_4q": 1.94,
            "gross_profit": 311866,
            "gross_margin": 18.75,
            "gross_margin_4q_avg": 20.22,
            "net_income": -32874,
            "revenue": 1663465,
            "common_shares": 838400,
            "book_valuer_per_share": 76.95,
            "book_valuer_per_share_4q_avg": 77.98,
            "equity": 6742011,
            "current_ratio": 215.2,
            "debt_ratio": 39.19,
            "inventory_turnover_ratio": 1.21,
            "account_receivable_turnover_ratio": 0.69,
            "reinvestment_rate": 64.11,
            "research_to_sale_ratio": 3.89,
            "price_fair": 175.76,
            "eps_avg_yearly": 5.02,
            "eps_latest_yearly": 6.48,
            "eps_growth_yearly": 215.16
        },
        "20231": {
            "year_quarter": 20231,
            "year": 2023,
            "quarter": 1,
            "eps": -0.57,
            "eps_growth_year": -135.19,
            "eps_4q": -0.57,
            "eps_4q_growth_year": -113.2,
            "roe": -0.68,
            "roe_4q": -0.7500000000000001,
            "gross_profit": 311392,
            "gross_margin": 21.76,
            "gross_margin_4q_avg": 20.18,
            "net_income": -46046,
            "revenue": 1431240,
            "common_shares": 838400,
            "book_valuer_per_share": 77.24,
            "book_valuer_per_share_4q_avg": 77.24,
            "equity": 6787333,
            "current_ratio": 176.43,
            "debt_ratio": 39.21,
            "inventory_turnover_ratio": 1.17,
            "account_receivable_turnover_ratio": 0.64,
            "reinvestment_rate": 78.87,
            "research_to_sale_ratio": 4.35,
            "price_fair": 176.68,
            "eps_avg_yearly": 5.05,
            "eps_latest_yearly": 6.48,
            "eps_growth_yearly": 239.49
        }
    },
    "months": {
        "2011-07": {
            "month": "2011-07",
            "price": "122.81",
            "revenue": 420633
        },
        "2011-08": {
            "month": "2011-08",
            "price": "105.94",
            "revenue": 419257
        },
        "2011-09": {
            "month": "2011-09",
            "price": "101.92",
            "revenue": 476186
        },
        "2011-10": {
            "month": "2011-10",
            "price": "102.36",
            "revenue": 441163
        },
        "2011-11": {
            "month": "2011-11",
            "price": "103.70",
            "revenue": 486394
        },
        "2011-12": {
            "month": "2011-12",
            "price": "102.42",
            "revenue": 421628
        },
        "2012-01": {
            "month": "2012-01",
            "price": "103.09",
            "revenue": 337748
        },
        "2012-02": {
            "month": "2012-02",
            "price": "111.82",
            "revenue": 459545
        },
        "2012-03": {
            "month": "2012-03",
            "price": "120.27",
            "revenue": 498891
        },
        "2012-04": {
            "month": "2012-04",
            "price": "116.40",
            "revenue": 391270
        },
        "2012-05": {
            "month": "2012-05",
            "price": "113.80",
            "revenue": 487460
        },
        "2012-06": {
            "month": "2012-06",
            "price": "107.65",
            "revenue": 524153
        },
        "2012-07": {
            "month": "2012-07",
            "price": "108.47",
            "revenue": 458899
        },
        "2012-08": {
            "month": "2012-08",
            "price": "104.57",
            "revenue": 440350
        },
        "2012-09": {
            "month": "2012-09",
            "price": "107.32",
            "revenue": 458451
        },
        "2012-10": {
            "month": "2012-10",
            "price": "100.29",
            "revenue": 309138
        },
        "2012-11": {
            "month": "2012-11",
            "price": "90.53",
            "revenue": 339846
        },
        "2012-12": {
            "month": "2012-12",
            "price": "76.69",
            "revenue": 407266
        },
        "2013-01": {
            "month": "2013-01",
            "price": "77.10",
            "revenue": 518294
        },
        "2013-02": {
            "month": "2013-02",
            "price": "84.74",
            "revenue": 349511
        },
        "2013-03": {
            "month": "2013-03",
            "price": "82.06",
            "revenue": 561534
        },
        "2013-04": {
            "month": "2013-04",
            "price": "77.86",
            "revenue": 536151
        },
        "2013-05": {
            "month": "2013-05",
            "price": "73.53",
            "revenue": 536793
        },
        "2013-06": {
            "month": "2013-06",
            "price": "73.26",
            "revenue": 571858
        },
        "2013-07": {
            "month": "2013-07",
            "price": "71.60",
            "revenue": 602312
        },
        "2013-08": {
            "month": "2013-08",
            "price": "72.33",
            "revenue": 632663
        },
        "2013-09": {
            "month": "2013-09",
            "price": "76.40",
            "revenue": 703081
        },
        "2013-10": {
            "month": "2013-10",
            "price": "83.32",
            "revenue": 670675
        },
        "2013-11": {
            "month": "2013-11",
            "price": "87.11",
            "revenue": 791330
        },
        "2013-12": {
            "month": "2013-12",
            "price": "96.09",
            "revenue": 804644
        },
        "2014-01": {
            "month": "2014-01",
            "price": "107.36",
            "revenue": 643050
        },
        "2014-02": {
            "month": "2014-02",
            "price": "118.00",
            "revenue": 514944
        },
        "2014-03": {
            "month": "2014-03",
            "price": "115.98",
            "revenue": 770746
        },
        "2014-04": {
            "month": "2014-04",
            "price": "122.57",
            "revenue": 721280
        },
        "2014-05": {
            "month": "2014-05",
            "price": "112.24",
            "revenue": 710539
        },
        "2014-06": {
            "month": "2014-06",
            "price": "121.70",
            "revenue": 742613
        },
        "2014-07": {
            "month": "2014-07",
            "price": "128.34",
            "revenue": 692764
        },
        "2014-08": {
            "month": "2014-08",
            "price": "113.13",
            "revenue": 617929
        },
        "2014-09": {
            "month": "2014-09",
            "price": "107.74",
            "revenue": 676825
        },
        "2014-10": {
            "month": "2014-10",
            "price": "99.68",
            "revenue": 721631
        },
        "2014-11": {
            "month": "2014-11",
            "price": "95.76",
            "revenue": 769224
        },
        "2014-12": {
            "month": "2014-12",
            "price": "97.37",
            "revenue": 798820
        },
        "2015-01": {
            "month": "2015-01",
            "price": "94.02",
            "revenue": 758406
        },
        "2015-02": {
            "month": "2015-02",
            "price": "91.67",
            "revenue": 436872
        },
        "2015-03": {
            "month": "2015-03",
            "price": "96.55",
            "revenue": 720124
        },
        "2015-04": {
            "month": "2015-04",
            "price": "107.98",
            "revenue": 685335
        },
        "2015-05": {
            "month": "2015-05",
            "price": "115.18",
            "revenue": 684270
        },
        "2015-06": {
            "month": "2015-06",
            "price": "114.86",
            "revenue": 656798
        },
        "2015-07": {
            "month": "2015-07",
            "price": "97.36",
            "revenue": 649051
        },
        "2015-08": {
            "month": "2015-08",
            "price": "81.27",
            "revenue": 654984
        },
        "2015-09": {
            "month": "2015-09",
            "price": "88.93",
            "revenue": 700108
        },
        "2015-10": {
            "month": "2015-10",
            "price": "113.12",
            "revenue": 716906
        },
        "2015-11": {
            "month": "2015-11",
            "price": "130.38",
            "revenue": 761202
        },
        "2015-12": {
            "month": "2015-12",
            "price": "125.54",
            "revenue": 815649
        },
        "2016-01": {
            "month": "2016-01",
            "price": "122.45",
            "revenue": 708002
        },
        "2016-02": {
            "month": "2016-02",
            "price": "126.58",
            "revenue": 477653
        },
        "2016-03": {
            "month": "2016-03",
            "price": "126.78",
            "revenue": 697448
        },
        "2016-04": {
            "month": "2016-04",
            "price": "126.29",
            "revenue": 588553
        },
        "2016-05": {
            "month": "2016-05",
            "price": "122.48",
            "revenue": 576019
        },
        "2016-06": {
            "month": "2016-06",
            "price": "115.36",
            "revenue": 632870
        },
        "2016-07": {
            "month": "2016-07",
            "price": "115.52",
            "revenue": 588321
        },
        "2016-08": {
            "month": "2016-08",
            "price": "118.80",
            "revenue": 581716
        },
        "2016-09": {
            "month": "2016-09",
            "price": "118.71",
            "revenue": 694999
        },
        "2016-10": {
            "month": "2016-10",
            "price": "113.82",
            "revenue": 607908
        },
        "2016-11": {
            "month": "2016-11",
            "price": "97.52",
            "revenue": 717614
        },
        "2016-12": {
            "month": "2016-12",
            "price": "93.90",
            "revenue": 773726
        },
        "2017-01": {
            "month": "2017-01",
            "price": "91.92",
            "revenue": 583600
        },
        "2017-02": {
            "month": "2017-02",
            "price": "96.78",
            "revenue": 530112
        },
        "2017-03": {
            "month": "2017-03",
            "price": "97.61",
            "revenue": 709069
        },
        "2017-04": {
            "month": "2017-04",
            "price": "97.83",
            "revenue": 571373
        },
        "2017-05": {
            "month": "2017-05",
            "price": "102.84",
            "revenue": 629496
        },
        "2017-06": {
            "month": "2017-06",
            "price": "106.04",
            "revenue": 689515
        },
        "2017-07": {
            "month": "2017-07",
            "price": "106.95",
            "revenue": 651879
        },
        "2017-08": {
            "month": "2017-08",
            "price": "110.43",
            "revenue": 679076
        },
        "2017-09": {
            "month": "2017-09",
            "price": "114.30",
            "revenue": 696520
        },
        "2017-10": {
            "month": "2017-10",
            "price": "114.58",
            "revenue": 708815
        },
        "2017-11": {
            "month": "2017-11",
            "price": "115.70",
            "revenue": 772875
        },
        "2017-12": {
            "month": "2017-12",
            "price": "112.71",
            "revenue": 746441
        },
        "2018-01": {
            "month": "2018-01",
            "price": "114.43",
            "revenue": 748276
        },
        "2018-02": {
            "month": "2018-02",
            "price": "106.19",
            "revenue": 513613
        },
        "2018-03": {
            "month": "2018-03",
            "price": "106.85",
            "revenue": 714436
        },
        "2018-04": {
            "month": "2018-04",
            "price": "103.97",
            "revenue": 663925
        },
        "2018-05": {
            "month": "2018-05",
            "price": "103.05",
            "revenue": 694413
        },
        "2018-06": {
            "month": "2018-06",
            "price": "103.48",
            "revenue": 672697
        },
        "2018-07": {
            "month": "2018-07",
            "price": "99.86",
            "revenue": 661210
        },
        "2018-08": {
            "month": "2018-08",
            "price": "92.78",
            "revenue": 678324
        },
        "2018-09": {
            "month": "2018-09",
            "price": "86.65",
            "revenue": 680923
        },
        "2018-10": {
            "month": "2018-10",
            "price": "75.54",
            "revenue": 709096
        },
        "2018-11": {
            "month": "2018-11",
            "price": "71.82",
            "revenue": 807588
        },
        "2018-12": {
            "month": "2018-12",
            "price": "76.30",
            "revenue": 579598
        },
        "2019-01": {
            "month": "2019-01",
            "price": "74.98",
            "revenue": 649105
        },
        "2019-02": {
            "month": "2019-02",
            "price": "79.12",
            "revenue": 376770
        },
        "2019-03": {
            "month": "2019-03",
            "price": "77.42",
            "revenue": 662057
        },
        "2019-04": {
            "month": "2019-04",
            "price": "75.66",
            "revenue": 607961
        },
        "2019-05": {
            "month": "2019-05",
            "price": "67.49",
            "revenue": 630301
        },
        "2019-06": {
            "month": "2019-06",
            "price": "65.05",
            "revenue": 588858
        },
        "2019-07": {
            "month": "2019-07",
            "price": "68.03",
            "revenue": 603511
        },
        "2019-08": {
            "month": "2019-08",
            "price": "66.13",
            "revenue": 664161
        },
        "2019-09": {
            "month": "2019-09",
            "price": "67.88",
            "revenue": 632884
        },
        "2019-10": {
            "month": "2019-10",
            "price": "64.87",
            "revenue": 665814
        },
        "2019-11": {
            "month": "2019-11",
            "price": "63.64",
            "revenue": 703700
        },
        "2019-12": {
            "month": "2019-12",
            "price": "65.08",
            "revenue": 741239
        },
        "2020-01": {
            "month": "2020-01",
            "price": "66.89",
            "revenue": 473528
        },
        "2020-02": {
            "month": "2020-02",
            "price": "59.15",
            "revenue": 215315
        },
        "2020-03": {
            "month": "2020-03",
            "price": "44.82",
            "revenue": 376790
        },
        "2020-04": {
            "month": "2020-04",
            "price": "48.26",
            "revenue": 378914
        },
        "2020-05": {
            "month": "2020-05",
            "price": "51.72",
            "revenue": 399029
        },
        "2020-06": {
            "month": "2020-06",
            "price": "55.78",
            "revenue": 543095
        },
        "2020-07": {
            "month": "2020-07",
            "price": "56.48",
            "revenue": 578873
        },
        "2020-08": {
            "month": "2020-08",
            "price": "57.99",
            "revenue": 511085
        },
        "2020-09": {
            "month": "2020-09",
            "price": "57.15",
            "revenue": 661004
        },
        "2020-10": {
            "month": "2020-10",
            "price": "55.19",
            "revenue": 636462
        },
        "2020-11": {
            "month": "2020-11",
            "price": "57.05",
            "revenue": 677998
        },
        "2020-12": {
            "month": "2020-12",
            "price": "57.36",
            "revenue": 724559
        },
        "2021-01": {
            "month": "2021-01",
            "price": "66.80",
            "revenue": 647553
        },
        "2021-02": {
            "month": "2021-02",
            "price": "64.66",
            "revenue": 418733
        },
        "2021-03": {
            "month": "2021-03",
            "price": "65.40",
            "revenue": 705190
        },
        "2021-04": {
            "month": "2021-04",
            "price": "70.03",
            "revenue": 557726
        },
        "2021-05": {
            "month": "2021-05",
            "price": "62.88",
            "revenue": 441840
        },
        "2021-06": {
            "month": "2021-06",
            "price": "64.59",
            "revenue": 570469
        },
        "2021-07": {
            "month": "2021-07",
            "price": "66.88",
            "revenue": 583999
        },
        "2021-08": {
            "month": "2021-08",
            "price": "57.43",
            "revenue": 554075
        },
        "2021-09": {
            "month": "2021-09",
            "price": "50.38",
            "revenue": 599662
        },
        "2021-10": {
            "month": "2021-10",
            "price": "46.78",
            "revenue": 666267
        },
        "2021-11": {
            "month": "2021-11",
            "price": "50.51",
            "revenue": 737542
        },
        "2021-12": {
            "month": "2021-12",
            "price": "54.27",
            "revenue": 824576
        },
        "2022-01": {
            "month": "2022-01",
            "price": "54.67",
            "revenue": 782314
        },
        "2022-02": {
            "month": "2022-02",
            "price": "58.48",
            "revenue": 572444
        },
        "2022-03": {
            "month": "2022-03",
            "price": "57.54",
            "revenue": 722919
        },
        "2022-04": {
            "month": "2022-04",
            "price": "52.86",
            "revenue": 417500
        },
        "2022-05": {
            "month": "2022-05",
            "price": "52.24",
            "revenue": 509475
        },
        "2022-06": {
            "month": "2022-06",
            "price": "56.95",
            "revenue": 685917
        },
        "2022-07": {
            "month": "2022-07",
            "price": "55.55",
            "revenue": 705668
        },
        "2022-08": {
            "month": "2022-08",
            "price": "56.91",
            "revenue": 617345
        },
        "2022-09": {
            "month": "2022-09",
            "price": "55.31",
            "revenue": 635751
        },
        "2022-10": {
            "month": "2022-10",
            "price": "49.61",
            "revenue": 601039
        },
        "2022-11": {
            "month": "2022-11",
            "price": "45.76",
            "revenue": 602967
        },
        "2022-12": {
            "month": "2022-12",
            "price": "44.76",
            "revenue": 464981
        },
        "2023-01": {
            "month": "2023-01",
            "price": "43.44",
            "revenue": 383026
        },
        "2023-02": {
            "month": "2023-02",
            "price": "45.74",
            "revenue": 483300
        },
        "2023-03": {
            "month": "2023-03",
            "price": "46.26",
            "revenue": 569636
        },
        "2023-04": {
            "month": "2023-04",
            "price": "45.11",
            "revenue": 420318
        },
        "2023-05": {
            "month": "2023-05",
            "price": "43.85",
            "revenue": 453761
        }
    }
}
