{
    "summary": {
        "stock_name": "昭輝",
        "stock_id": "1339",
        "category": "汽車",
        "main_business": "汽車零組件之製造及銷售",
        "website_url": "http://www.yccco.com.tw",
        "ceo": "林睿澤",
        "pe_ratio": 9,
        "report_year_from": 2009,
        "report_year_to": 2023,
        "age": 14,
        "eps_negative_percentage": 0,
        "eps_growth_avg": {
            "last_all": 20.6,
            "last_2y": 15.88,
            "last_4y": 16.32,
            "last_8y": 11.1,
            "last_12y": null,
            "last_16y": null,
            "last_20y": null,
            "at_2006_last_3y": null,
            "at_2007_last_3y": null,
            "at_2008_last_3y": null,
            "at_2009_last_3y": null,
            "at_2010_last_3y": null,
            "at_2011_last_3y": null,
            "at_2012_last_3y": null,
            "at_2013_last_3y": null,
            "at_2014_last_3y": null,
            "at_2015_last_3y": 41.58,
            "at_2016_last_3y": 13.74,
            "at_2017_last_3y": 4.58,
            "at_2018_last_3y": -1.88,
            "at_2019_last_3y": 3.16,
            "at_2020_last_3y": -11.17,
            "at_2021_last_3y": -4.6,
            "at_2022_last_3y": 17.44,
            "at_2023_last_3y": 17.44,
            "at_2006_last_all": null,
            "at_2007_last_all": null,
            "at_2008_last_all": null,
            "at_2009_last_all": null,
            "at_2010_last_all": null,
            "at_2011_last_all": null,
            "at_2012_last_all": null,
            "at_2013_last_all": 63.36,
            "at_2014_last_all": 54.79,
            "at_2015_last_all": 41.58,
            "at_2016_last_all": 30.99,
            "at_2017_last_all": 24.17,
            "at_2018_last_all": 22.41,
            "at_2019_last_all": 22.37,
            "at_2020_last_all": 12.25,
            "at_2021_last_all": 12.66,
            "at_2022_last_all": 20.6,
            "at_2023_last_all": 20.6
        },
        "latest_eps": 4.84,
        "latest_price": 45.7,
        "latest_roe": 9.92,
        "latest_gross_margin": 28.54,
        "latest_equity": 3668486,
        "latest_revenue": 472608,
        "latest_gross_profit": 134880,
        "latest_net_income": 66418,
        "latest_debt_ratio": 32.25,
        "latest_current_ratio": 168.68,
        "latest_account_receivable_turnover_ratio": 0.87,
        "latest_inventory_turnover_ratio": 1.1,
        "latest_reinvestment_rate": -5.99,
        "latest_research_to_sale_ratio": 3.1
    },
    "eps_dividends": {
        "2001": {
            "cash": 0,
            "stock": 0,
            "eps": 0
        },
        "2002": {
            "cash": 0,
            "stock": 0,
            "eps": 0
        },
        "2003": {
            "cash": 0,
            "stock": 0,
            "eps": 0
        },
        "2004": {
            "cash": 0,
            "stock": 0,
            "eps": 0
        },
        "2005": {
            "cash": 0,
            "stock": 0,
            "eps": 0
        },
        "2006": {
            "cash": 0,
            "stock": 0,
            "eps": 0
        },
        "2007": {
            "cash": 0,
            "stock": 0,
            "eps": 0
        },
        "2008": {
            "cash": 0,
            "stock": 0,
            "eps": 0
        },
        "2009": {
            "cash": 0,
            "stock": 0,
            "eps": 0
        },
        "2010": {
            "cash": 0,
            "stock": 0,
            "eps": 0
        },
        "2011": {
            "cash": 2.45,
            "stock": 0.55,
            "eps": 0.58
        },
        "2012": {
            "cash": 0,
            "stock": 0,
            "eps": 2.62
        },
        "2013": {
            "cash": 1.5,
            "stock": 0,
            "eps": 3.32
        },
        "2014": {
            "cash": 1.5,
            "stock": 0,
            "eps": 4.57
        },
        "2015": {
            "cash": 2,
            "stock": 0,
            "eps": 4.66
        },
        "2016": {
            "cash": 2,
            "stock": 0,
            "eps": 4.13
        },
        "2017": {
            "cash": 2,
            "stock": 0,
            "eps": 3.72
        },
        "2018": {
            "cash": 2,
            "stock": 0,
            "eps": 4.16
        },
        "2019": {
            "cash": 2,
            "stock": 0,
            "eps": 5.08
        },
        "2020": {
            "cash": 2,
            "stock": 0,
            "eps": 1.59
        },
        "2021": {
            "cash": 2,
            "stock": 0,
            "eps": 1.85
        },
        "2022": {
            "cash": 2,
            "stock": 0,
            "eps": 5.52
        },
        "2023": {
            "cash": 3,
            "stock": 0,
            "eps": 0.87
        }
    },
    "dividends": {
        "2011-01-01": {
            "cash": 1.5,
            "stock": 0
        },
        "2011-03-08": {
            "cash": 0.95,
            "stock": 0.55
        },
        "2013-03-13": {
            "cash": 1.5,
            "stock": 0
        },
        "2014-08-29": {
            "cash": 1.5,
            "stock": 0
        },
        "2015-09-25": {
            "cash": 2,
            "stock": 0
        },
        "2016-09-14": {
            "cash": 2,
            "stock": 0
        },
        "2017-10-03": {
            "cash": 2,
            "stock": 0
        },
        "2018-09-21": {
            "cash": 2,
            "stock": 0
        },
        "2019-09-12": {
            "cash": 2,
            "stock": 0
        },
        "2020-09-30": {
            "cash": 2,
            "stock": 0
        },
        "2021-09-17": {
            "cash": 2,
            "stock": 0
        },
        "2022-09-08": {
            "cash": 2,
            "stock": 0
        },
        "2023-03-13": {
            "cash": 3,
            "stock": 0
        }
    },
    "prices": {
        "200101": "無",
        "200102": "無",
        "200103": "無",
        "200104": "無",
        "200105": "無",
        "200106": "無",
        "200107": "無",
        "200108": "無",
        "200109": "無",
        "200110": "無",
        "200111": "無",
        "200112": "無",
        "200201": "無",
        "200202": "無",
        "200203": "無",
        "200204": "無",
        "200205": "無",
        "200206": "無",
        "200207": "無",
        "200208": "無",
        "200209": "無",
        "200210": "無",
        "200211": "無",
        "200212": "無",
        "200301": "無",
        "200302": "無",
        "200303": "無",
        "200304": "無",
        "200305": "無",
        "200306": "無",
        "200307": "無",
        "200308": "無",
        "200309": "無",
        "200310": "無",
        "200311": "無",
        "200312": "無",
        "200401": "無",
        "200402": "無",
        "200403": "無",
        "200404": "無",
        "200405": "無",
        "200406": "無",
        "200407": "無",
        "200408": "無",
        "200409": "無",
        "200410": "無",
        "200411": "無",
        "200412": "無",
        "200501": "無",
        "200502": "無",
        "200503": "無",
        "200504": "無",
        "200505": "無",
        "200506": "無",
        "200507": "無",
        "200508": "無",
        "200509": "無",
        "200510": "無",
        "200511": "無",
        "200512": "無",
        "200601": "無",
        "200602": "無",
        "200603": "無",
        "200604": "無",
        "200605": "無",
        "200606": "無",
        "200607": "無",
        "200608": "無",
        "200609": "無",
        "200610": "無",
        "200611": "無",
        "200612": "無",
        "200701": "無",
        "200702": "無",
        "200703": "無",
        "200704": "無",
        "200705": "無",
        "200706": "無",
        "200707": "無",
        "200708": "無",
        "200709": "無",
        "200710": "無",
        "200711": "無",
        "200712": "無",
        "200801": "無",
        "200802": "無",
        "200803": "無",
        "200804": "無",
        "200805": "無",
        "200806": "無",
        "200807": "無",
        "200808": "無",
        "200809": "無",
        "200810": "無",
        "200811": "無",
        "200812": "無",
        "200901": "無",
        "200902": "無",
        "200903": "無",
        "200904": "無",
        "200905": "無",
        "200906": "無",
        "200907": "無",
        "200908": "無",
        "200909": "無",
        "200910": "無",
        "200911": "無",
        "200912": "無",
        "201001": "無",
        "201002": "無",
        "201003": "無",
        "201004": "無",
        "201005": "無",
        "201006": "無",
        "201007": "無",
        "201008": "無",
        "201009": "無",
        "201010": "無",
        "201011": "無",
        "201012": "無",
        "201101": "無",
        "201102": "無",
        "201103": "無",
        "201104": "28.86",
        "201105": "29.17",
        "201106": "28.65",
        "201107": "28.11",
        "201108": "28.95",
        "201109": "27.58",
        "201110": "27.77",
        "201111": "28.32",
        "201112": "28.50",
        "201201": "28.48",
        "201202": "31.29",
        "201203": "34.54",
        "201204": "28.79",
        "201205": "27.22",
        "201206": "25.98",
        "201207": "26.95",
        "201208": "27.87",
        "201209": "27.89",
        "201210": "27.62",
        "201211": "27.55",
        "201212": "28.63",
        "201301": "29.08",
        "201302": "29.25",
        "201303": "30.74",
        "201304": "34.30",
        "201305": "37.49",
        "201306": "38.32",
        "201307": "39.15",
        "201308": "40.85",
        "201309": "37.60",
        "201310": "37.99",
        "201311": "40.75",
        "201312": "49.78",
        "201401": "48.05",
        "201402": "48.98",
        "201403": "49.99",
        "201404": "50.29",
        "201405": "66.93",
        "201406": "72.77",
        "201407": "91.30",
        "201408": "93.57",
        "201409": "94.79",
        "201410": "93.16",
        "201411": "102.16",
        "201412": "106.48",
        "201501": "104.06",
        "201502": "85.85",
        "201503": "84.10",
        "201504": "87.86",
        "201505": "90.14",
        "201506": "85.19",
        "201507": "83.98",
        "201508": "85.60",
        "201509": "76.04",
        "201510": "55.44",
        "201511": "63.59",
        "201512": "58.48",
        "201601": "55.57",
        "201602": "57.39",
        "201603": "58.03",
        "201604": "57.45",
        "201605": "47.10",
        "201606": "44.41",
        "201607": "45.81",
        "201608": "46.52",
        "201609": "43.48",
        "201610": "40.39",
        "201611": "36.75",
        "201612": "37.77",
        "201701": "39.62",
        "201702": "40.06",
        "201703": "40.26",
        "201704": "44.41",
        "201705": "42.68",
        "201706": "44.84",
        "201707": "46.66",
        "201708": "46.18",
        "201709": "43.08",
        "201710": "42.42",
        "201711": "43.83",
        "201712": "42.35",
        "201801": "43.16",
        "201802": "40.91",
        "201803": "40.17",
        "201804": "39.31",
        "201805": "39.65",
        "201806": "41.57",
        "201807": "41.82",
        "201808": "42.63",
        "201809": "39.40",
        "201810": "36.45",
        "201811": "34.23",
        "201812": "34.83",
        "201901": "34.87",
        "201902": "35.05",
        "201903": "35.62",
        "201904": "35.26",
        "201905": "35.25",
        "201906": "35.82",
        "201907": "36.14",
        "201908": "41.03",
        "201909": "44.20",
        "201910": "44.23",
        "201911": "45.19",
        "201912": "49.13",
        "202001": "54.31",
        "202002": "49.06",
        "202003": "38.78",
        "202004": "39.84",
        "202005": "41.39",
        "202006": "44.49",
        "202007": "44.51",
        "202008": "44.11",
        "202009": "44.10",
        "202010": "42.84",
        "202011": "42.78",
        "202012": "41.96",
        "202101": "42.13",
        "202102": "39.85",
        "202103": "40.48",
        "202104": "40.89",
        "202105": "38.46",
        "202106": "38.11",
        "202107": "38.36",
        "202108": "37.30",
        "202109": "35.24",
        "202110": "34.34",
        "202111": "34.21",
        "202112": "34.62",
        "202201": "34.15",
        "202202": "34.42",
        "202203": "34.48",
        "202204": "35.18",
        "202205": "37.42",
        "202206": "40.05",
        "202207": "40.20",
        "202208": "43.52",
        "202209": "42.89",
        "202210": "37.40",
        "202211": "39.98",
        "202212": "42.12",
        "202301": "41.36",
        "202302": "42.29",
        "202303": "45.39",
        "202304": "44.43",
        "202305": "43.83",
        "202306": "45.05"
    },
    "quarters": {
        "20011": {
            "year_quarter": 20011,
            "year": 2001,
            "quarter": 1,
            "eps": null,
            "eps_growth_year": null,
            "eps_4q": null,
            "eps_4q_growth_year": null,
            "roe": null,
            "roe_4q": 0,
            "gross_profit": null,
            "gross_margin": null,
            "gross_margin_4q_avg": 0,
            "net_income": null,
            "revenue": null,
            "common_shares": null,
            "book_valuer_per_share": null,
            "book_valuer_per_share_4q_avg": 0,
            "equity": null,
            "current_ratio": null,
            "debt_ratio": null,
            "inventory_turnover_ratio": null,
            "account_receivable_turnover_ratio": null,
            "reinvestment_rate": null,
            "research_to_sale_ratio": null,
            "price_fair": 0,
            "eps_avg_yearly": 0,
            "eps_latest_yearly": 0,
            "eps_growth_yearly": 0
        },
        "20012": {
            "year_quarter": 20012,
            "year": 2001,
            "quarter": 2,
            "eps": null,
            "eps_growth_year": null,
            "eps_4q": null,
            "eps_4q_growth_year": null,
            "roe": null,
            "roe_4q": 0,
            "gross_profit": null,
            "gross_margin": null,
            "gross_margin_4q_avg": 0,
            "net_income": null,
            "revenue": null,
            "common_shares": null,
            "book_valuer_per_share": null,
            "book_valuer_per_share_4q_avg": 0,
            "equity": null,
            "current_ratio": null,
            "debt_ratio": null,
            "inventory_turnover_ratio": null,
            "account_receivable_turnover_ratio": null,
            "reinvestment_rate": null,
            "research_to_sale_ratio": null,
            "price_fair": 0,
            "eps_avg_yearly": 0,
            "eps_latest_yearly": 0,
            "eps_growth_yearly": 0
        },
        "20013": {
            "year_quarter": 20013,
            "year": 2001,
            "quarter": 3,
            "eps": null,
            "eps_growth_year": null,
            "eps_4q": null,
            "eps_4q_growth_year": null,
            "roe": null,
            "roe_4q": 0,
            "gross_profit": null,
            "gross_margin": null,
            "gross_margin_4q_avg": 0,
            "net_income": null,
            "revenue": null,
            "common_shares": null,
            "book_valuer_per_share": null,
            "book_valuer_per_share_4q_avg": 0,
            "equity": null,
            "current_ratio": null,
            "debt_ratio": null,
            "inventory_turnover_ratio": null,
            "account_receivable_turnover_ratio": null,
            "reinvestment_rate": null,
            "research_to_sale_ratio": null,
            "price_fair": 0,
            "eps_avg_yearly": 0,
            "eps_latest_yearly": 0,
            "eps_growth_yearly": 0
        },
        "20014": {
            "year_quarter": 20014,
            "year": 2001,
            "quarter": 4,
            "eps": null,
            "eps_growth_year": null,
            "eps_4q": null,
            "eps_4q_growth_year": null,
            "roe": null,
            "roe_4q": 0,
            "gross_profit": null,
            "gross_margin": null,
            "gross_margin_4q_avg": 0,
            "net_income": null,
            "revenue": null,
            "common_shares": null,
            "book_valuer_per_share": null,
            "book_valuer_per_share_4q_avg": 0,
            "equity": null,
            "current_ratio": null,
            "debt_ratio": null,
            "inventory_turnover_ratio": null,
            "account_receivable_turnover_ratio": null,
            "reinvestment_rate": null,
            "research_to_sale_ratio": null,
            "price_fair": 0,
            "eps_avg_yearly": 0,
            "eps_latest_yearly": 0,
            "eps_growth_yearly": 0
        },
        "20021": {
            "year_quarter": 20021,
            "year": 2002,
            "quarter": 1,
            "eps": null,
            "eps_growth_year": null,
            "eps_4q": null,
            "eps_4q_growth_year": null,
            "roe": null,
            "roe_4q": 0,
            "gross_profit": null,
            "gross_margin": null,
            "gross_margin_4q_avg": 0,
            "net_income": null,
            "revenue": null,
            "common_shares": null,
            "book_valuer_per_share": null,
            "book_valuer_per_share_4q_avg": 0,
            "equity": null,
            "current_ratio": null,
            "debt_ratio": null,
            "inventory_turnover_ratio": null,
            "account_receivable_turnover_ratio": null,
            "reinvestment_rate": null,
            "research_to_sale_ratio": null,
            "price_fair": 0,
            "eps_avg_yearly": 0,
            "eps_latest_yearly": 0,
            "eps_growth_yearly": 0
        },
        "20022": {
            "year_quarter": 20022,
            "year": 2002,
            "quarter": 2,
            "eps": null,
            "eps_growth_year": null,
            "eps_4q": null,
            "eps_4q_growth_year": null,
            "roe": null,
            "roe_4q": 0,
            "gross_profit": null,
            "gross_margin": null,
            "gross_margin_4q_avg": 0,
            "net_income": null,
            "revenue": null,
            "common_shares": null,
            "book_valuer_per_share": null,
            "book_valuer_per_share_4q_avg": 0,
            "equity": null,
            "current_ratio": null,
            "debt_ratio": null,
            "inventory_turnover_ratio": null,
            "account_receivable_turnover_ratio": null,
            "reinvestment_rate": null,
            "research_to_sale_ratio": null,
            "price_fair": 0,
            "eps_avg_yearly": 0,
            "eps_latest_yearly": 0,
            "eps_growth_yearly": 0
        },
        "20023": {
            "year_quarter": 20023,
            "year": 2002,
            "quarter": 3,
            "eps": null,
            "eps_growth_year": null,
            "eps_4q": null,
            "eps_4q_growth_year": null,
            "roe": null,
            "roe_4q": 0,
            "gross_profit": null,
            "gross_margin": null,
            "gross_margin_4q_avg": 0,
            "net_income": null,
            "revenue": null,
            "common_shares": null,
            "book_valuer_per_share": null,
            "book_valuer_per_share_4q_avg": 0,
            "equity": null,
            "current_ratio": null,
            "debt_ratio": null,
            "inventory_turnover_ratio": null,
            "account_receivable_turnover_ratio": null,
            "reinvestment_rate": null,
            "research_to_sale_ratio": null,
            "price_fair": 0,
            "eps_avg_yearly": 0,
            "eps_latest_yearly": 0,
            "eps_growth_yearly": 0
        },
        "20024": {
            "year_quarter": 20024,
            "year": 2002,
            "quarter": 4,
            "eps": null,
            "eps_growth_year": null,
            "eps_4q": null,
            "eps_4q_growth_year": null,
            "roe": null,
            "roe_4q": 0,
            "gross_profit": null,
            "gross_margin": null,
            "gross_margin_4q_avg": 0,
            "net_income": null,
            "revenue": null,
            "common_shares": null,
            "book_valuer_per_share": null,
            "book_valuer_per_share_4q_avg": 0,
            "equity": null,
            "current_ratio": null,
            "debt_ratio": null,
            "inventory_turnover_ratio": null,
            "account_receivable_turnover_ratio": null,
            "reinvestment_rate": null,
            "research_to_sale_ratio": null,
            "price_fair": 0,
            "eps_avg_yearly": 0,
            "eps_latest_yearly": 0,
            "eps_growth_yearly": 0
        },
        "20031": {
            "year_quarter": 20031,
            "year": 2003,
            "quarter": 1,
            "eps": null,
            "eps_growth_year": null,
            "eps_4q": null,
            "eps_4q_growth_year": null,
            "roe": null,
            "roe_4q": 0,
            "gross_profit": null,
            "gross_margin": null,
            "gross_margin_4q_avg": 0,
            "net_income": null,
            "revenue": null,
            "common_shares": null,
            "book_valuer_per_share": null,
            "book_valuer_per_share_4q_avg": 0,
            "equity": null,
            "current_ratio": null,
            "debt_ratio": null,
            "inventory_turnover_ratio": null,
            "account_receivable_turnover_ratio": null,
            "reinvestment_rate": null,
            "research_to_sale_ratio": null,
            "price_fair": 0,
            "eps_avg_yearly": 0,
            "eps_latest_yearly": 0,
            "eps_growth_yearly": 0
        },
        "20032": {
            "year_quarter": 20032,
            "year": 2003,
            "quarter": 2,
            "eps": null,
            "eps_growth_year": null,
            "eps_4q": null,
            "eps_4q_growth_year": null,
            "roe": null,
            "roe_4q": 0,
            "gross_profit": null,
            "gross_margin": null,
            "gross_margin_4q_avg": 0,
            "net_income": null,
            "revenue": null,
            "common_shares": null,
            "book_valuer_per_share": null,
            "book_valuer_per_share_4q_avg": 0,
            "equity": null,
            "current_ratio": null,
            "debt_ratio": null,
            "inventory_turnover_ratio": null,
            "account_receivable_turnover_ratio": null,
            "reinvestment_rate": null,
            "research_to_sale_ratio": null,
            "price_fair": 0,
            "eps_avg_yearly": 0,
            "eps_latest_yearly": 0,
            "eps_growth_yearly": 0
        },
        "20033": {
            "year_quarter": 20033,
            "year": 2003,
            "quarter": 3,
            "eps": null,
            "eps_growth_year": null,
            "eps_4q": null,
            "eps_4q_growth_year": null,
            "roe": null,
            "roe_4q": 0,
            "gross_profit": null,
            "gross_margin": null,
            "gross_margin_4q_avg": 0,
            "net_income": null,
            "revenue": null,
            "common_shares": null,
            "book_valuer_per_share": null,
            "book_valuer_per_share_4q_avg": 0,
            "equity": null,
            "current_ratio": null,
            "debt_ratio": null,
            "inventory_turnover_ratio": null,
            "account_receivable_turnover_ratio": null,
            "reinvestment_rate": null,
            "research_to_sale_ratio": null,
            "price_fair": 0,
            "eps_avg_yearly": 0,
            "eps_latest_yearly": 0,
            "eps_growth_yearly": 0
        },
        "20034": {
            "year_quarter": 20034,
            "year": 2003,
            "quarter": 4,
            "eps": null,
            "eps_growth_year": null,
            "eps_4q": null,
            "eps_4q_growth_year": null,
            "roe": null,
            "roe_4q": 0,
            "gross_profit": null,
            "gross_margin": null,
            "gross_margin_4q_avg": 0,
            "net_income": null,
            "revenue": null,
            "common_shares": null,
            "book_valuer_per_share": null,
            "book_valuer_per_share_4q_avg": 0,
            "equity": null,
            "current_ratio": null,
            "debt_ratio": null,
            "inventory_turnover_ratio": null,
            "account_receivable_turnover_ratio": null,
            "reinvestment_rate": null,
            "research_to_sale_ratio": null,
            "price_fair": 0,
            "eps_avg_yearly": 0,
            "eps_latest_yearly": 0,
            "eps_growth_yearly": 0
        },
        "20041": {
            "year_quarter": 20041,
            "year": 2004,
            "quarter": 1,
            "eps": null,
            "eps_growth_year": null,
            "eps_4q": null,
            "eps_4q_growth_year": null,
            "roe": null,
            "roe_4q": 0,
            "gross_profit": null,
            "gross_margin": null,
            "gross_margin_4q_avg": 0,
            "net_income": null,
            "revenue": null,
            "common_shares": null,
            "book_valuer_per_share": null,
            "book_valuer_per_share_4q_avg": 0,
            "equity": null,
            "current_ratio": null,
            "debt_ratio": null,
            "inventory_turnover_ratio": null,
            "account_receivable_turnover_ratio": null,
            "reinvestment_rate": null,
            "research_to_sale_ratio": null,
            "price_fair": 0,
            "eps_avg_yearly": 0,
            "eps_latest_yearly": 0,
            "eps_growth_yearly": 0
        },
        "20042": {
            "year_quarter": 20042,
            "year": 2004,
            "quarter": 2,
            "eps": null,
            "eps_growth_year": null,
            "eps_4q": null,
            "eps_4q_growth_year": null,
            "roe": null,
            "roe_4q": 0,
            "gross_profit": null,
            "gross_margin": null,
            "gross_margin_4q_avg": 0,
            "net_income": null,
            "revenue": null,
            "common_shares": null,
            "book_valuer_per_share": null,
            "book_valuer_per_share_4q_avg": 0,
            "equity": null,
            "current_ratio": null,
            "debt_ratio": null,
            "inventory_turnover_ratio": null,
            "account_receivable_turnover_ratio": null,
            "reinvestment_rate": null,
            "research_to_sale_ratio": null,
            "price_fair": 0,
            "eps_avg_yearly": 0,
            "eps_latest_yearly": 0,
            "eps_growth_yearly": 0
        },
        "20043": {
            "year_quarter": 20043,
            "year": 2004,
            "quarter": 3,
            "eps": null,
            "eps_growth_year": null,
            "eps_4q": null,
            "eps_4q_growth_year": null,
            "roe": null,
            "roe_4q": 0,
            "gross_profit": null,
            "gross_margin": null,
            "gross_margin_4q_avg": 0,
            "net_income": null,
            "revenue": null,
            "common_shares": null,
            "book_valuer_per_share": null,
            "book_valuer_per_share_4q_avg": 0,
            "equity": null,
            "current_ratio": null,
            "debt_ratio": null,
            "inventory_turnover_ratio": null,
            "account_receivable_turnover_ratio": null,
            "reinvestment_rate": null,
            "research_to_sale_ratio": null,
            "price_fair": 0,
            "eps_avg_yearly": 0,
            "eps_latest_yearly": 0,
            "eps_growth_yearly": 0
        },
        "20044": {
            "year_quarter": 20044,
            "year": 2004,
            "quarter": 4,
            "eps": null,
            "eps_growth_year": null,
            "eps_4q": null,
            "eps_4q_growth_year": null,
            "roe": null,
            "roe_4q": 0,
            "gross_profit": null,
            "gross_margin": null,
            "gross_margin_4q_avg": 0,
            "net_income": null,
            "revenue": null,
            "common_shares": null,
            "book_valuer_per_share": null,
            "book_valuer_per_share_4q_avg": 0,
            "equity": null,
            "current_ratio": null,
            "debt_ratio": null,
            "inventory_turnover_ratio": null,
            "account_receivable_turnover_ratio": null,
            "reinvestment_rate": null,
            "research_to_sale_ratio": null,
            "price_fair": 0,
            "eps_avg_yearly": 0,
            "eps_latest_yearly": 0,
            "eps_growth_yearly": 0
        },
        "20051": {
            "year_quarter": 20051,
            "year": 2005,
            "quarter": 1,
            "eps": null,
            "eps_growth_year": null,
            "eps_4q": null,
            "eps_4q_growth_year": null,
            "roe": null,
            "roe_4q": 0,
            "gross_profit": null,
            "gross_margin": null,
            "gross_margin_4q_avg": 0,
            "net_income": null,
            "revenue": null,
            "common_shares": null,
            "book_valuer_per_share": null,
            "book_valuer_per_share_4q_avg": 0,
            "equity": null,
            "current_ratio": null,
            "debt_ratio": null,
            "inventory_turnover_ratio": null,
            "account_receivable_turnover_ratio": null,
            "reinvestment_rate": null,
            "research_to_sale_ratio": null,
            "price_fair": 0,
            "eps_avg_yearly": 0,
            "eps_latest_yearly": 0,
            "eps_growth_yearly": 0
        },
        "20052": {
            "year_quarter": 20052,
            "year": 2005,
            "quarter": 2,
            "eps": null,
            "eps_growth_year": null,
            "eps_4q": null,
            "eps_4q_growth_year": null,
            "roe": null,
            "roe_4q": 0,
            "gross_profit": null,
            "gross_margin": null,
            "gross_margin_4q_avg": 0,
            "net_income": null,
            "revenue": null,
            "common_shares": null,
            "book_valuer_per_share": null,
            "book_valuer_per_share_4q_avg": 0,
            "equity": null,
            "current_ratio": null,
            "debt_ratio": null,
            "inventory_turnover_ratio": null,
            "account_receivable_turnover_ratio": null,
            "reinvestment_rate": null,
            "research_to_sale_ratio": null,
            "price_fair": 0,
            "eps_avg_yearly": 0,
            "eps_latest_yearly": 0,
            "eps_growth_yearly": 0
        },
        "20053": {
            "year_quarter": 20053,
            "year": 2005,
            "quarter": 3,
            "eps": null,
            "eps_growth_year": null,
            "eps_4q": null,
            "eps_4q_growth_year": null,
            "roe": null,
            "roe_4q": 0,
            "gross_profit": null,
            "gross_margin": null,
            "gross_margin_4q_avg": 0,
            "net_income": null,
            "revenue": null,
            "common_shares": null,
            "book_valuer_per_share": null,
            "book_valuer_per_share_4q_avg": 0,
            "equity": null,
            "current_ratio": null,
            "debt_ratio": null,
            "inventory_turnover_ratio": null,
            "account_receivable_turnover_ratio": null,
            "reinvestment_rate": null,
            "research_to_sale_ratio": null,
            "price_fair": 0,
            "eps_avg_yearly": 0,
            "eps_latest_yearly": 0,
            "eps_growth_yearly": 0
        },
        "20054": {
            "year_quarter": 20054,
            "year": 2005,
            "quarter": 4,
            "eps": null,
            "eps_growth_year": null,
            "eps_4q": null,
            "eps_4q_growth_year": null,
            "roe": null,
            "roe_4q": 0,
            "gross_profit": null,
            "gross_margin": null,
            "gross_margin_4q_avg": 0,
            "net_income": null,
            "revenue": null,
            "common_shares": 480000,
            "book_valuer_per_share": 14.93,
            "book_valuer_per_share_4q_avg": 3.73,
            "equity": 716763,
            "current_ratio": 106.7,
            "debt_ratio": 56.55,
            "inventory_turnover_ratio": null,
            "account_receivable_turnover_ratio": null,
            "reinvestment_rate": null,
            "research_to_sale_ratio": null,
            "price_fair": 0,
            "eps_avg_yearly": 0,
            "eps_latest_yearly": 0,
            "eps_growth_yearly": 0
        },
        "20061": {
            "year_quarter": 20061,
            "year": 2006,
            "quarter": 1,
            "eps": null,
            "eps_growth_year": null,
            "eps_4q": null,
            "eps_4q_growth_year": null,
            "roe": null,
            "roe_4q": 0,
            "gross_profit": null,
            "gross_margin": null,
            "gross_margin_4q_avg": 0,
            "net_income": null,
            "revenue": null,
            "common_shares": null,
            "book_valuer_per_share": null,
            "book_valuer_per_share_4q_avg": 3.73,
            "equity": null,
            "current_ratio": null,
            "debt_ratio": null,
            "inventory_turnover_ratio": null,
            "account_receivable_turnover_ratio": null,
            "reinvestment_rate": null,
            "research_to_sale_ratio": null,
            "price_fair": 0,
            "eps_avg_yearly": 0,
            "eps_latest_yearly": 0,
            "eps_growth_yearly": 0
        },
        "20062": {
            "year_quarter": 20062,
            "year": 2006,
            "quarter": 2,
            "eps": null,
            "eps_growth_year": null,
            "eps_4q": null,
            "eps_4q_growth_year": null,
            "roe": null,
            "roe_4q": 0,
            "gross_profit": null,
            "gross_margin": null,
            "gross_margin_4q_avg": 0,
            "net_income": null,
            "revenue": null,
            "common_shares": null,
            "book_valuer_per_share": null,
            "book_valuer_per_share_4q_avg": 3.73,
            "equity": null,
            "current_ratio": null,
            "debt_ratio": null,
            "inventory_turnover_ratio": null,
            "account_receivable_turnover_ratio": null,
            "reinvestment_rate": null,
            "research_to_sale_ratio": null,
            "price_fair": 0,
            "eps_avg_yearly": 0,
            "eps_latest_yearly": 0,
            "eps_growth_yearly": 0
        },
        "20063": {
            "year_quarter": 20063,
            "year": 2006,
            "quarter": 3,
            "eps": null,
            "eps_growth_year": null,
            "eps_4q": null,
            "eps_4q_growth_year": null,
            "roe": null,
            "roe_4q": 0,
            "gross_profit": null,
            "gross_margin": null,
            "gross_margin_4q_avg": 0,
            "net_income": null,
            "revenue": null,
            "common_shares": null,
            "book_valuer_per_share": null,
            "book_valuer_per_share_4q_avg": 3.73,
            "equity": null,
            "current_ratio": null,
            "debt_ratio": null,
            "inventory_turnover_ratio": null,
            "account_receivable_turnover_ratio": null,
            "reinvestment_rate": null,
            "research_to_sale_ratio": null,
            "price_fair": 0,
            "eps_avg_yearly": 0,
            "eps_latest_yearly": 0,
            "eps_growth_yearly": 0
        },
        "20064": {
            "year_quarter": 20064,
            "year": 2006,
            "quarter": 4,
            "eps": null,
            "eps_growth_year": null,
            "eps_4q": null,
            "eps_4q_growth_year": null,
            "roe": null,
            "roe_4q": 0,
            "gross_profit": null,
            "gross_margin": null,
            "gross_margin_4q_avg": 0,
            "net_income": null,
            "revenue": null,
            "common_shares": 480000,
            "book_valuer_per_share": 15.77,
            "book_valuer_per_share_4q_avg": 3.94,
            "equity": 756722,
            "current_ratio": 73.36,
            "debt_ratio": 57.86,
            "inventory_turnover_ratio": null,
            "account_receivable_turnover_ratio": null,
            "reinvestment_rate": null,
            "research_to_sale_ratio": null,
            "price_fair": 0,
            "eps_avg_yearly": 0,
            "eps_latest_yearly": 0,
            "eps_growth_yearly": 0
        },
        "20071": {
            "year_quarter": 20071,
            "year": 2007,
            "quarter": 1,
            "eps": null,
            "eps_growth_year": null,
            "eps_4q": null,
            "eps_4q_growth_year": null,
            "roe": null,
            "roe_4q": 0,
            "gross_profit": null,
            "gross_margin": null,
            "gross_margin_4q_avg": 0,
            "net_income": null,
            "revenue": null,
            "common_shares": null,
            "book_valuer_per_share": null,
            "book_valuer_per_share_4q_avg": 3.94,
            "equity": null,
            "current_ratio": null,
            "debt_ratio": null,
            "inventory_turnover_ratio": null,
            "account_receivable_turnover_ratio": null,
            "reinvestment_rate": null,
            "research_to_sale_ratio": null,
            "price_fair": 0,
            "eps_avg_yearly": 0,
            "eps_latest_yearly": 0,
            "eps_growth_yearly": 0
        },
        "20072": {
            "year_quarter": 20072,
            "year": 2007,
            "quarter": 2,
            "eps": null,
            "eps_growth_year": null,
            "eps_4q": null,
            "eps_4q_growth_year": null,
            "roe": null,
            "roe_4q": 0,
            "gross_profit": null,
            "gross_margin": null,
            "gross_margin_4q_avg": 0,
            "net_income": null,
            "revenue": null,
            "common_shares": null,
            "book_valuer_per_share": null,
            "book_valuer_per_share_4q_avg": 3.94,
            "equity": null,
            "current_ratio": null,
            "debt_ratio": null,
            "inventory_turnover_ratio": null,
            "account_receivable_turnover_ratio": null,
            "reinvestment_rate": null,
            "research_to_sale_ratio": null,
            "price_fair": 0,
            "eps_avg_yearly": 0,
            "eps_latest_yearly": 0,
            "eps_growth_yearly": 0
        },
        "20073": {
            "year_quarter": 20073,
            "year": 2007,
            "quarter": 3,
            "eps": null,
            "eps_growth_year": null,
            "eps_4q": null,
            "eps_4q_growth_year": null,
            "roe": null,
            "roe_4q": 0,
            "gross_profit": null,
            "gross_margin": null,
            "gross_margin_4q_avg": 0,
            "net_income": null,
            "revenue": null,
            "common_shares": null,
            "book_valuer_per_share": null,
            "book_valuer_per_share_4q_avg": 3.94,
            "equity": null,
            "current_ratio": null,
            "debt_ratio": null,
            "inventory_turnover_ratio": null,
            "account_receivable_turnover_ratio": null,
            "reinvestment_rate": null,
            "research_to_sale_ratio": null,
            "price_fair": 0,
            "eps_avg_yearly": 0,
            "eps_latest_yearly": 0,
            "eps_growth_yearly": 0
        },
        "20074": {
            "year_quarter": 20074,
            "year": 2007,
            "quarter": 4,
            "eps": null,
            "eps_growth_year": null,
            "eps_4q": null,
            "eps_4q_growth_year": null,
            "roe": null,
            "roe_4q": 0,
            "gross_profit": null,
            "gross_margin": null,
            "gross_margin_4q_avg": 0,
            "net_income": null,
            "revenue": null,
            "common_shares": 561250,
            "book_valuer_per_share": 18.96,
            "book_valuer_per_share_4q_avg": 4.74,
            "equity": 1063928,
            "current_ratio": 152.87,
            "debt_ratio": 54.38,
            "inventory_turnover_ratio": null,
            "account_receivable_turnover_ratio": null,
            "reinvestment_rate": null,
            "research_to_sale_ratio": null,
            "price_fair": 0,
            "eps_avg_yearly": 0,
            "eps_latest_yearly": 0,
            "eps_growth_yearly": 0
        },
        "20081": {
            "year_quarter": 20081,
            "year": 2008,
            "quarter": 1,
            "eps": null,
            "eps_growth_year": null,
            "eps_4q": null,
            "eps_4q_growth_year": null,
            "roe": null,
            "roe_4q": 0,
            "gross_profit": null,
            "gross_margin": null,
            "gross_margin_4q_avg": 0,
            "net_income": null,
            "revenue": null,
            "common_shares": null,
            "book_valuer_per_share": null,
            "book_valuer_per_share_4q_avg": 4.74,
            "equity": null,
            "current_ratio": null,
            "debt_ratio": null,
            "inventory_turnover_ratio": null,
            "account_receivable_turnover_ratio": null,
            "reinvestment_rate": null,
            "research_to_sale_ratio": null,
            "price_fair": 0,
            "eps_avg_yearly": 0,
            "eps_latest_yearly": 0,
            "eps_growth_yearly": 0
        },
        "20082": {
            "year_quarter": 20082,
            "year": 2008,
            "quarter": 2,
            "eps": null,
            "eps_growth_year": null,
            "eps_4q": null,
            "eps_4q_growth_year": null,
            "roe": null,
            "roe_4q": 0,
            "gross_profit": null,
            "gross_margin": null,
            "gross_margin_4q_avg": 0,
            "net_income": null,
            "revenue": null,
            "common_shares": null,
            "book_valuer_per_share": null,
            "book_valuer_per_share_4q_avg": 4.74,
            "equity": null,
            "current_ratio": null,
            "debt_ratio": null,
            "inventory_turnover_ratio": null,
            "account_receivable_turnover_ratio": null,
            "reinvestment_rate": null,
            "research_to_sale_ratio": null,
            "price_fair": 0,
            "eps_avg_yearly": 0,
            "eps_latest_yearly": 0,
            "eps_growth_yearly": 0
        },
        "20083": {
            "year_quarter": 20083,
            "year": 2008,
            "quarter": 3,
            "eps": null,
            "eps_growth_year": null,
            "eps_4q": null,
            "eps_4q_growth_year": null,
            "roe": null,
            "roe_4q": 0,
            "gross_profit": null,
            "gross_margin": null,
            "gross_margin_4q_avg": 0,
            "net_income": null,
            "revenue": null,
            "common_shares": null,
            "book_valuer_per_share": null,
            "book_valuer_per_share_4q_avg": 4.74,
            "equity": null,
            "current_ratio": null,
            "debt_ratio": null,
            "inventory_turnover_ratio": null,
            "account_receivable_turnover_ratio": null,
            "reinvestment_rate": null,
            "research_to_sale_ratio": null,
            "price_fair": 0,
            "eps_avg_yearly": 0,
            "eps_latest_yearly": 0,
            "eps_growth_yearly": 0
        },
        "20084": {
            "year_quarter": 20084,
            "year": 2008,
            "quarter": 4,
            "eps": null,
            "eps_growth_year": null,
            "eps_4q": null,
            "eps_4q_growth_year": null,
            "roe": null,
            "roe_4q": 0,
            "gross_profit": null,
            "gross_margin": null,
            "gross_margin_4q_avg": 0,
            "net_income": null,
            "revenue": null,
            "common_shares": 561250,
            "book_valuer_per_share": 19.93,
            "book_valuer_per_share_4q_avg": 4.98,
            "equity": 1118557,
            "current_ratio": 127.86,
            "debt_ratio": 52.82,
            "inventory_turnover_ratio": null,
            "account_receivable_turnover_ratio": null,
            "reinvestment_rate": null,
            "research_to_sale_ratio": null,
            "price_fair": 0,
            "eps_avg_yearly": 0,
            "eps_latest_yearly": 0,
            "eps_growth_yearly": 0
        },
        "20091": {
            "year_quarter": 20091,
            "year": 2009,
            "quarter": 1,
            "eps": null,
            "eps_growth_year": null,
            "eps_4q": null,
            "eps_4q_growth_year": null,
            "roe": null,
            "roe_4q": 0,
            "gross_profit": null,
            "gross_margin": null,
            "gross_margin_4q_avg": 0,
            "net_income": null,
            "revenue": null,
            "common_shares": null,
            "book_valuer_per_share": null,
            "book_valuer_per_share_4q_avg": 4.98,
            "equity": null,
            "current_ratio": null,
            "debt_ratio": null,
            "inventory_turnover_ratio": null,
            "account_receivable_turnover_ratio": null,
            "reinvestment_rate": null,
            "research_to_sale_ratio": null,
            "price_fair": 0,
            "eps_avg_yearly": 0,
            "eps_latest_yearly": 0,
            "eps_growth_yearly": 0
        },
        "20092": {
            "year_quarter": 20092,
            "year": 2009,
            "quarter": 2,
            "eps": null,
            "eps_growth_year": null,
            "eps_4q": null,
            "eps_4q_growth_year": null,
            "roe": null,
            "roe_4q": 0,
            "gross_profit": null,
            "gross_margin": null,
            "gross_margin_4q_avg": 0,
            "net_income": null,
            "revenue": null,
            "common_shares": null,
            "book_valuer_per_share": null,
            "book_valuer_per_share_4q_avg": 4.98,
            "equity": null,
            "current_ratio": null,
            "debt_ratio": null,
            "inventory_turnover_ratio": null,
            "account_receivable_turnover_ratio": null,
            "reinvestment_rate": null,
            "research_to_sale_ratio": null,
            "price_fair": 0,
            "eps_avg_yearly": 0,
            "eps_latest_yearly": 0,
            "eps_growth_yearly": 0
        },
        "20093": {
            "year_quarter": 20093,
            "year": 2009,
            "quarter": 3,
            "eps": null,
            "eps_growth_year": null,
            "eps_4q": null,
            "eps_4q_growth_year": null,
            "roe": null,
            "roe_4q": 0,
            "gross_profit": null,
            "gross_margin": null,
            "gross_margin_4q_avg": 0,
            "net_income": null,
            "revenue": null,
            "common_shares": null,
            "book_valuer_per_share": null,
            "book_valuer_per_share_4q_avg": 4.98,
            "equity": null,
            "current_ratio": null,
            "debt_ratio": null,
            "inventory_turnover_ratio": null,
            "account_receivable_turnover_ratio": null,
            "reinvestment_rate": null,
            "research_to_sale_ratio": null,
            "price_fair": 0,
            "eps_avg_yearly": 0,
            "eps_latest_yearly": 0,
            "eps_growth_yearly": 0
        },
        "20094": {
            "year_quarter": 20094,
            "year": 2009,
            "quarter": 4,
            "eps": null,
            "eps_growth_year": null,
            "eps_4q": null,
            "eps_4q_growth_year": null,
            "roe": null,
            "roe_4q": 0,
            "gross_profit": null,
            "gross_margin": null,
            "gross_margin_4q_avg": 0,
            "net_income": null,
            "revenue": null,
            "common_shares": 561250,
            "book_valuer_per_share": 20.94,
            "book_valuer_per_share_4q_avg": 5.24,
            "equity": 1175440,
            "current_ratio": 139.11,
            "debt_ratio": 51.66,
            "inventory_turnover_ratio": null,
            "account_receivable_turnover_ratio": null,
            "reinvestment_rate": null,
            "research_to_sale_ratio": null,
            "price_fair": 0,
            "eps_avg_yearly": 0,
            "eps_latest_yearly": 0,
            "eps_growth_yearly": 0
        },
        "20101": {
            "year_quarter": 20101,
            "year": 2010,
            "quarter": 1,
            "eps": null,
            "eps_growth_year": null,
            "eps_4q": null,
            "eps_4q_growth_year": null,
            "roe": null,
            "roe_4q": 0,
            "gross_profit": null,
            "gross_margin": null,
            "gross_margin_4q_avg": 0,
            "net_income": null,
            "revenue": null,
            "common_shares": null,
            "book_valuer_per_share": null,
            "book_valuer_per_share_4q_avg": 5.24,
            "equity": null,
            "current_ratio": null,
            "debt_ratio": null,
            "inventory_turnover_ratio": null,
            "account_receivable_turnover_ratio": null,
            "reinvestment_rate": null,
            "research_to_sale_ratio": null,
            "price_fair": 0,
            "eps_avg_yearly": 0,
            "eps_latest_yearly": 0,
            "eps_growth_yearly": 0
        },
        "20102": {
            "year_quarter": 20102,
            "year": 2010,
            "quarter": 2,
            "eps": null,
            "eps_growth_year": null,
            "eps_4q": null,
            "eps_4q_growth_year": null,
            "roe": null,
            "roe_4q": 0,
            "gross_profit": null,
            "gross_margin": null,
            "gross_margin_4q_avg": 0,
            "net_income": null,
            "revenue": null,
            "common_shares": 561250,
            "book_valuer_per_share": null,
            "book_valuer_per_share_4q_avg": 5.24,
            "equity": 1149109,
            "current_ratio": null,
            "debt_ratio": null,
            "inventory_turnover_ratio": null,
            "account_receivable_turnover_ratio": null,
            "reinvestment_rate": null,
            "research_to_sale_ratio": null,
            "price_fair": 0,
            "eps_avg_yearly": 0,
            "eps_latest_yearly": 0,
            "eps_growth_yearly": 0
        },
        "20103": {
            "year_quarter": 20103,
            "year": 2010,
            "quarter": 3,
            "eps": null,
            "eps_growth_year": null,
            "eps_4q": null,
            "eps_4q_growth_year": null,
            "roe": null,
            "roe_4q": 0,
            "gross_profit": 72812,
            "gross_margin": null,
            "gross_margin_4q_avg": 0,
            "net_income": 25565,
            "revenue": 241886,
            "common_shares": 571250,
            "book_valuer_per_share": 20.98,
            "book_valuer_per_share_4q_avg": 10.48,
            "equity": 1198674,
            "current_ratio": 108.5,
            "debt_ratio": 51.96,
            "inventory_turnover_ratio": null,
            "account_receivable_turnover_ratio": null,
            "reinvestment_rate": null,
            "research_to_sale_ratio": null,
            "price_fair": 0,
            "eps_avg_yearly": 0,
            "eps_latest_yearly": 0,
            "eps_growth_yearly": 0
        },
        "20104": {
            "year_quarter": 20104,
            "year": 2010,
            "quarter": 4,
            "eps": null,
            "eps_growth_year": null,
            "eps_4q": null,
            "eps_4q_growth_year": null,
            "roe": null,
            "roe_4q": 0,
            "gross_profit": 86293,
            "gross_margin": null,
            "gross_margin_4q_avg": 0,
            "net_income": 9177,
            "revenue": 291827,
            "common_shares": 571250,
            "book_valuer_per_share": 21.14,
            "book_valuer_per_share_4q_avg": 10.53,
            "equity": 1207851,
            "current_ratio": 110.65,
            "debt_ratio": 50.67,
            "inventory_turnover_ratio": null,
            "account_receivable_turnover_ratio": null,
            "reinvestment_rate": null,
            "research_to_sale_ratio": null,
            "price_fair": 0,
            "eps_avg_yearly": 0,
            "eps_latest_yearly": 0,
            "eps_growth_yearly": 0
        },
        "20111": {
            "year_quarter": 20111,
            "year": 2011,
            "quarter": 1,
            "eps": null,
            "eps_growth_year": null,
            "eps_4q": null,
            "eps_4q_growth_year": null,
            "roe": null,
            "roe_4q": 0,
            "gross_profit": 76697,
            "gross_margin": null,
            "gross_margin_4q_avg": 0,
            "net_income": 38905,
            "revenue": 269276,
            "common_shares": 571250,
            "book_valuer_per_share": 21.83,
            "book_valuer_per_share_4q_avg": 15.99,
            "equity": 1246756,
            "current_ratio": 125.67,
            "debt_ratio": 48.58,
            "inventory_turnover_ratio": null,
            "account_receivable_turnover_ratio": null,
            "reinvestment_rate": null,
            "research_to_sale_ratio": null,
            "price_fair": 0,
            "eps_avg_yearly": 0,
            "eps_latest_yearly": 0,
            "eps_growth_yearly": 0
        },
        "20112": {
            "year_quarter": 20112,
            "year": 2011,
            "quarter": 2,
            "eps": 0.58,
            "eps_growth_year": null,
            "eps_4q": 0.58,
            "eps_4q_growth_year": null,
            "roe": 2.82,
            "roe_4q": 2.82,
            "gross_profit": 83348,
            "gross_margin": 29.48,
            "gross_margin_4q_avg": 7.37,
            "net_income": 34942,
            "revenue": 282703,
            "common_shares": 571250,
            "book_valuer_per_share": 21.49,
            "book_valuer_per_share_4q_avg": 21.36,
            "equity": 1227429,
            "current_ratio": 119.56,
            "debt_ratio": 47.97,
            "inventory_turnover_ratio": 1.48,
            "account_receivable_turnover_ratio": 3.41,
            "reinvestment_rate": null,
            "research_to_sale_ratio": null,
            "price_fair": 0,
            "eps_avg_yearly": 0,
            "eps_latest_yearly": 0,
            "eps_growth_yearly": 0
        },
        "20113": {
            "year_quarter": 20113,
            "year": 2011,
            "quarter": 3,
            "eps": null,
            "eps_growth_year": null,
            "eps_4q": null,
            "eps_4q_growth_year": null,
            "roe": null,
            "roe_4q": 2.82,
            "gross_profit": 70149,
            "gross_margin": null,
            "gross_margin_4q_avg": 7.37,
            "net_income": 43620,
            "revenue": 246730,
            "common_shares": 602669,
            "book_valuer_per_share": 21.09,
            "book_valuer_per_share_4q_avg": 21.39,
            "equity": 1271049,
            "current_ratio": 119.82,
            "debt_ratio": 46.57,
            "inventory_turnover_ratio": null,
            "account_receivable_turnover_ratio": null,
            "reinvestment_rate": null,
            "research_to_sale_ratio": null,
            "price_fair": 0,
            "eps_avg_yearly": 0,
            "eps_latest_yearly": 0,
            "eps_growth_yearly": 0
        },
        "20114": {
            "year_quarter": 20114,
            "year": 2011,
            "quarter": 4,
            "eps": null,
            "eps_growth_year": null,
            "eps_4q": null,
            "eps_4q_growth_year": null,
            "roe": null,
            "roe_4q": 2.82,
            "gross_profit": 102814,
            "gross_margin": null,
            "gross_margin_4q_avg": 7.37,
            "net_income": 53635,
            "revenue": 322250,
            "common_shares": 602669,
            "book_valuer_per_share": 21.98,
            "book_valuer_per_share_4q_avg": 21.6,
            "equity": 1324684,
            "current_ratio": 128.24,
            "debt_ratio": 45.1,
            "inventory_turnover_ratio": null,
            "account_receivable_turnover_ratio": null,
            "reinvestment_rate": null,
            "research_to_sale_ratio": null,
            "price_fair": 0,
            "eps_avg_yearly": 0,
            "eps_latest_yearly": 0,
            "eps_growth_yearly": 0
        },
        "20121": {
            "year_quarter": 20121,
            "year": 2012,
            "quarter": 1,
            "eps": 0.63,
            "eps_growth_year": null,
            "eps_4q": 1.21,
            "eps_4q_growth_year": null,
            "roe": 2.81,
            "roe_4q": 5.63,
            "gross_profit": 90074,
            "gross_margin": 33.21,
            "gross_margin_4q_avg": 15.67,
            "net_income": 37777,
            "revenue": 271218,
            "common_shares": 602669,
            "book_valuer_per_share": 22.61,
            "book_valuer_per_share_4q_avg": 21.79,
            "equity": 1362461,
            "current_ratio": 117.8,
            "debt_ratio": 44.88,
            "inventory_turnover_ratio": 1.48,
            "account_receivable_turnover_ratio": 1.55,
            "reinvestment_rate": null,
            "research_to_sale_ratio": 3.23,
            "price_fair": 0,
            "eps_avg_yearly": 0,
            "eps_latest_yearly": 0,
            "eps_growth_yearly": 0
        },
        "20122": {
            "year_quarter": 20122,
            "year": 2012,
            "quarter": 2,
            "eps": 0.53,
            "eps_growth_year": -9.06,
            "eps_4q": 1.1,
            "eps_4q_growth_year": 89.78,
            "roe": 2.46,
            "roe_4q": 5.27,
            "gross_profit": 88537,
            "gross_margin": 32.22,
            "gross_margin_4q_avg": 16.36,
            "net_income": 34761,
            "revenue": 274781,
            "common_shares": 659259,
            "book_valuer_per_share": 22.19,
            "book_valuer_per_share_4q_avg": 21.97,
            "equity": 1463099,
            "current_ratio": 111.29,
            "debt_ratio": 45.7,
            "inventory_turnover_ratio": 1.51,
            "account_receivable_turnover_ratio": 1.64,
            "reinvestment_rate": null,
            "research_to_sale_ratio": 4.37,
            "price_fair": 6.36,
            "eps_avg_yearly": 2.12,
            "eps_latest_yearly": 2.12,
            "eps_growth_yearly": -63.49
        },
        "20123": {
            "year_quarter": 20123,
            "year": 2012,
            "quarter": 3,
            "eps": 0.63,
            "eps_growth_year": null,
            "eps_4q": 1.73,
            "eps_4q_growth_year": null,
            "roe": 2.8,
            "roe_4q": 8.07,
            "gross_profit": 95579,
            "gross_margin": 33.85,
            "gross_margin_4q_avg": 24.82,
            "net_income": 41494,
            "revenue": 282367,
            "common_shares": 659259,
            "book_valuer_per_share": 22.82,
            "book_valuer_per_share_4q_avg": 22.4,
            "equity": 1504593,
            "current_ratio": 106.16,
            "debt_ratio": 44.09,
            "inventory_turnover_ratio": 1.16,
            "account_receivable_turnover_ratio": 1.68,
            "reinvestment_rate": null,
            "research_to_sale_ratio": 2.14,
            "price_fair": 37.1,
            "eps_avg_yearly": 2.32,
            "eps_latest_yearly": 2.52,
            "eps_growth_yearly": 5.99
        },
        "20124": {
            "year_quarter": 20124,
            "year": 2012,
            "quarter": 4,
            "eps": 0.83,
            "eps_growth_year": null,
            "eps_4q": 2.56,
            "eps_4q_growth_year": null,
            "roe": 3.56,
            "roe_4q": 11.63,
            "gross_profit": 108659,
            "gross_margin": 32.99,
            "gross_margin_4q_avg": 33.07,
            "net_income": 54495,
            "revenue": 329414,
            "common_shares": 659259,
            "book_valuer_per_share": 23.65,
            "book_valuer_per_share_4q_avg": 22.82,
            "equity": 1559088,
            "current_ratio": 97.48,
            "debt_ratio": 41.77,
            "inventory_turnover_ratio": 1.24,
            "account_receivable_turnover_ratio": 1.9,
            "reinvestment_rate": null,
            "research_to_sale_ratio": 1.82,
            "price_fair": 92.87,
            "eps_avg_yearly": 2.65,
            "eps_latest_yearly": 3.32,
            "eps_growth_yearly": 46.32
        },
        "20131": {
            "year_quarter": 20131,
            "year": 2013,
            "quarter": 1,
            "eps": 1.06,
            "eps_growth_year": 68.25,
            "eps_4q": 3.05,
            "eps_4q_growth_year": 152.63,
            "roe": 4.41,
            "roe_4q": 13.23,
            "gross_profit": 111755,
            "gross_margin": 35.51,
            "gross_margin_4q_avg": 33.64,
            "net_income": 70210,
            "revenue": 314755,
            "common_shares": 659259,
            "book_valuer_per_share": 24.62,
            "book_valuer_per_share_4q_avg": 23.32,
            "equity": 1623041,
            "current_ratio": 106.06,
            "debt_ratio": 40.05,
            "inventory_turnover_ratio": 1.31,
            "account_receivable_turnover_ratio": 1.72,
            "reinvestment_rate": null,
            "research_to_sale_ratio": 2.82,
            "price_fair": 106.75,
            "eps_avg_yearly": 3.05,
            "eps_latest_yearly": 4.24,
            "eps_growth_yearly": 62.45
        },
        "20132": {
            "year_quarter": 20132,
            "year": 2013,
            "quarter": 2,
            "eps": 0.74,
            "eps_growth_year": 40.34,
            "eps_4q": 3.26,
            "eps_4q_growth_year": 196.36,
            "roe": 3.05,
            "roe_4q": 13.82,
            "gross_profit": 99013,
            "gross_margin": 32.3,
            "gross_margin_4q_avg": 33.66,
            "net_income": 48776,
            "revenue": 306572,
            "common_shares": 659259,
            "book_valuer_per_share": 23.86,
            "book_valuer_per_share_4q_avg": 23.74,
            "equity": 1572928,
            "current_ratio": 81.92,
            "debt_ratio": 43.25,
            "inventory_turnover_ratio": 1.31,
            "account_receivable_turnover_ratio": 1.71,
            "reinvestment_rate": null,
            "research_to_sale_ratio": 2.35,
            "price_fair": 106.12,
            "eps_avg_yearly": 3.03,
            "eps_latest_yearly": 2.96,
            "eps_growth_yearly": 25.81
        },
        "20133": {
            "year_quarter": 20133,
            "year": 2013,
            "quarter": 3,
            "eps": 0.47,
            "eps_growth_year": -25.33,
            "eps_4q": 3.1,
            "eps_4q_growth_year": 79.39,
            "roe": 1.96,
            "roe_4q": 12.98,
            "gross_profit": 76830,
            "gross_margin": 29.79,
            "gross_margin_4q_avg": 32.65,
            "net_income": 31083,
            "revenue": 257900,
            "common_shares": 659259,
            "book_valuer_per_share": 24.33,
            "book_valuer_per_share_4q_avg": 24.12,
            "equity": 1604011,
            "current_ratio": 93.17,
            "debt_ratio": 43.31,
            "inventory_turnover_ratio": 1.14,
            "account_receivable_turnover_ratio": 1.53,
            "reinvestment_rate": null,
            "research_to_sale_ratio": 3.52,
            "price_fair": 8.52,
            "eps_avg_yearly": 2.84,
            "eps_latest_yearly": 1.88,
            "eps_growth_yearly": -2.82
        },
        "20134": {
            "year_quarter": 20134,
            "year": 2013,
            "quarter": 4,
            "eps": 1.05,
            "eps_growth_year": 27.39,
            "eps_4q": 3.33,
            "eps_4q_growth_year": 30.24,
            "roe": 4.24,
            "roe_4q": 13.66,
            "gross_profit": 124229,
            "gross_margin": 36.16,
            "gross_margin_4q_avg": 33.44,
            "net_income": 69419,
            "revenue": 343559,
            "common_shares": 659259,
            "book_valuer_per_share": 25.39,
            "book_valuer_per_share_4q_avg": 24.55,
            "equity": 1674072,
            "current_ratio": 92.95,
            "debt_ratio": 42.65,
            "inventory_turnover_ratio": 1.49,
            "account_receivable_turnover_ratio": 1.98,
            "reinvestment_rate": null,
            "research_to_sale_ratio": 2.11,
            "price_fair": 106.2,
            "eps_avg_yearly": 3.03,
            "eps_latest_yearly": 4.2,
            "eps_growth_yearly": 68.1
        },
        "20141": {
            "year_quarter": 20141,
            "year": 2014,
            "quarter": 1,
            "eps": 1.25,
            "eps_growth_year": 17.92,
            "eps_4q": 3.52,
            "eps_4q_growth_year": 15.4,
            "roe": 4.82,
            "roe_4q": 14.07,
            "gross_profit": 140603,
            "gross_margin": 38.98,
            "gross_margin_4q_avg": 34.31,
            "net_income": 82633,
            "revenue": 360719,
            "common_shares": 659259,
            "book_valuer_per_share": 26.64,
            "book_valuer_per_share_4q_avg": 25.06,
            "equity": 1756513,
            "current_ratio": 93.43,
            "debt_ratio": 41.71,
            "inventory_turnover_ratio": 1.46,
            "account_receivable_turnover_ratio": 1.96,
            "reinvestment_rate": null,
            "research_to_sale_ratio": 1.95,
            "price_fair": 114.8,
            "eps_avg_yearly": 3.28,
            "eps_latest_yearly": 5,
            "eps_growth_yearly": 69.11
        },
        "20142": {
            "year_quarter": 20142,
            "year": 2014,
            "quarter": 2,
            "eps": 1.05,
            "eps_growth_year": 41.89,
            "eps_4q": 3.82,
            "eps_4q_growth_year": 17.25,
            "roe": 3.96,
            "roe_4q": 14.98,
            "gross_profit": 139613,
            "gross_margin": 37.46,
            "gross_margin_4q_avg": 35.6,
            "net_income": 68917,
            "revenue": 372719,
            "common_shares": 659259,
            "book_valuer_per_share": 26.19,
            "book_valuer_per_share_4q_avg": 25.64,
            "equity": 1726761,
            "current_ratio": 81.61,
            "debt_ratio": 44.01,
            "inventory_turnover_ratio": 1.36,
            "account_receivable_turnover_ratio": 2.05,
            "reinvestment_rate": 62.79,
            "research_to_sale_ratio": 1.74,
            "price_fair": 118.38,
            "eps_avg_yearly": 3.38,
            "eps_latest_yearly": 4.2,
            "eps_growth_yearly": 54.32
        },
        "20143": {
            "year_quarter": 20143,
            "year": 2014,
            "quarter": 3,
            "eps": 0.95,
            "eps_growth_year": 102.13,
            "eps_4q": 4.3,
            "eps_4q_growth_year": 38.57,
            "roe": 3.55,
            "roe_4q": 16.57,
            "gross_profit": 101247,
            "gross_margin": 32.86,
            "gross_margin_4q_avg": 36.37,
            "net_income": 62488,
            "revenue": 308123,
            "common_shares": 659259,
            "book_valuer_per_share": 27.14,
            "book_valuer_per_share_4q_avg": 26.34,
            "equity": 1789178,
            "current_ratio": 79.82,
            "debt_ratio": 40.7,
            "inventory_turnover_ratio": 1.02,
            "account_receivable_turnover_ratio": 1.77,
            "reinvestment_rate": 48.93,
            "research_to_sale_ratio": 2.73,
            "price_fair": 119.84,
            "eps_avg_yearly": 3.42,
            "eps_latest_yearly": 3.8,
            "eps_growth_yearly": 45.08
        },
        "20144": {
            "year_quarter": 20144,
            "year": 2014,
            "quarter": 4,
            "eps": 1.32,
            "eps_growth_year": 25.75,
            "eps_4q": 4.57,
            "eps_4q_growth_year": 37.29,
            "roe": 4.76,
            "roe_4q": 17.09,
            "gross_profit": 136084,
            "gross_margin": 34.16,
            "gross_margin_4q_avg": 35.87,
            "net_income": 87294,
            "revenue": 398323,
            "common_shares": 659259,
            "book_valuer_per_share": 28.46,
            "book_valuer_per_share_4q_avg": 27.11,
            "equity": 1876233,
            "current_ratio": 92.61,
            "debt_ratio": 38.55,
            "inventory_turnover_ratio": 1.28,
            "account_receivable_turnover_ratio": 2.17,
            "reinvestment_rate": 45.11,
            "research_to_sale_ratio": 1.42,
            "price_fair": 125.75,
            "eps_avg_yearly": 3.59,
            "eps_latest_yearly": 5.28,
            "eps_growth_yearly": 55.15
        },
        "20151": {
            "year_quarter": 20151,
            "year": 2015,
            "quarter": 1,
            "eps": 1.02,
            "eps_growth_year": -18.4,
            "eps_4q": 3.85,
            "eps_4q_growth_year": 9.35,
            "roe": 3.08,
            "roe_4q": 15.350000000000001,
            "gross_profit": 144063,
            "gross_margin": 38.14,
            "gross_margin_4q_avg": 35.66,
            "net_income": 73358,
            "revenue": 377677,
            "common_shares": 759259,
            "book_valuer_per_share": 37.94,
            "book_valuer_per_share_4q_avg": 29.93,
            "equity": 2880418,
            "current_ratio": 262.54,
            "debt_ratio": 25.27,
            "inventory_turnover_ratio": 1.37,
            "account_receivable_turnover_ratio": 1.79,
            "reinvestment_rate": 42.63,
            "research_to_sale_ratio": 1.37,
            "price_fair": 127.17,
            "eps_avg_yearly": 3.63,
            "eps_latest_yearly": 4.08,
            "eps_growth_yearly": 42.97
        },
        "20152": {
            "year_quarter": 20152,
            "year": 2015,
            "quarter": 2,
            "eps": 0.68,
            "eps_growth_year": -35.24,
            "eps_4q": 3.6,
            "eps_4q_growth_year": -5.82,
            "roe": 1.84,
            "roe_4q": 13.23,
            "gross_profit": 157624,
            "gross_margin": 29.19,
            "gross_margin_4q_avg": 33.59,
            "net_income": 53234,
            "revenue": 540043,
            "common_shares": 759259,
            "book_valuer_per_share": 36.55,
            "book_valuer_per_share_4q_avg": 32.52,
            "equity": 2891833,
            "current_ratio": 153.77,
            "debt_ratio": 38.78,
            "inventory_turnover_ratio": 1.57,
            "account_receivable_turnover_ratio": 1.41,
            "reinvestment_rate": 74.53,
            "research_to_sale_ratio": 1.64,
            "price_fair": 124.71,
            "eps_avg_yearly": 3.56,
            "eps_latest_yearly": 2.72,
            "eps_growth_yearly": 29.41
        },
        "20153": {
            "year_quarter": 20153,
            "year": 2015,
            "quarter": 3,
            "eps": 1.55,
            "eps_growth_year": 63.16,
            "eps_4q": 4.37,
            "eps_4q_growth_year": 1.57,
            "roe": 3.87,
            "roe_4q": 13.549999999999999,
            "gross_profit": 155669,
            "gross_margin": 28.32,
            "gross_margin_4q_avg": 32.45,
            "net_income": 114955,
            "revenue": 549719,
            "common_shares": 759259,
            "book_valuer_per_share": 38.29,
            "book_valuer_per_share_4q_avg": 35.31,
            "equity": 3048606,
            "current_ratio": 171.07,
            "debt_ratio": 38.11,
            "inventory_turnover_ratio": 1.17,
            "account_receivable_turnover_ratio": 1,
            "reinvestment_rate": 66.01,
            "research_to_sale_ratio": 2.37,
            "price_fair": 131.3,
            "eps_avg_yearly": 3.75,
            "eps_latest_yearly": 6.2,
            "eps_growth_yearly": 63.87
        },
        "20154": {
            "year_quarter": 20154,
            "year": 2015,
            "quarter": 4,
            "eps": 1.41,
            "eps_growth_year": 6.48,
            "eps_4q": 4.64,
            "eps_4q_growth_year": 1.41,
            "roe": 3.45,
            "roe_4q": 12.24,
            "gross_profit": 205654,
            "gross_margin": 29.96,
            "gross_margin_4q_avg": 31.4,
            "net_income": 107084,
            "revenue": 686404,
            "common_shares": 741389,
            "book_valuer_per_share": 39.68,
            "book_valuer_per_share_4q_avg": 38.12,
            "equity": 3154968,
            "current_ratio": 164.79,
            "debt_ratio": 40.88,
            "inventory_turnover_ratio": 1.46,
            "account_receivable_turnover_ratio": 1.24,
            "reinvestment_rate": 109.4,
            "research_to_sale_ratio": 1.47,
            "price_fair": 135.71,
            "eps_avg_yearly": 3.88,
            "eps_latest_yearly": 5.64,
            "eps_growth_yearly": 57.2
        },
        "20161": {
            "year_quarter": 20161,
            "year": 2016,
            "quarter": 1,
            "eps": 0.71,
            "eps_growth_year": -30.39,
            "eps_4q": 4.35,
            "eps_4q_growth_year": 13.14,
            "roe": 1.6,
            "roe_4q": 10.760000000000002,
            "gross_profit": 167382,
            "gross_margin": 28.78,
            "gross_margin_4q_avg": 29.06,
            "net_income": 51077,
            "revenue": 581580,
            "common_shares": 741389,
            "book_valuer_per_share": 40.26,
            "book_valuer_per_share_4q_avg": 38.7,
            "equity": 3210899,
            "current_ratio": 168.89,
            "debt_ratio": 40.31,
            "inventory_turnover_ratio": 1.38,
            "account_receivable_turnover_ratio": 1.08,
            "reinvestment_rate": 97.18,
            "research_to_sale_ratio": 1.71,
            "price_fair": 133.44,
            "eps_avg_yearly": 3.81,
            "eps_latest_yearly": 2.84,
            "eps_growth_yearly": 41.21
        },
        "20162": {
            "year_quarter": 20162,
            "year": 2016,
            "quarter": 2,
            "eps": 0.72,
            "eps_growth_year": 5.88,
            "eps_4q": 4.4,
            "eps_4q_growth_year": 22.08,
            "roe": 1.53,
            "roe_4q": 10.45,
            "gross_profit": 156056,
            "gross_margin": 28.02,
            "gross_margin_4q_avg": 28.77,
            "net_income": 48343,
            "revenue": 556936,
            "common_shares": 741389,
            "book_valuer_per_share": 38.76,
            "book_valuer_per_share_4q_avg": 39.25,
            "equity": 3124096,
            "current_ratio": 128.82,
            "debt_ratio": 46.31,
            "inventory_turnover_ratio": 1.36,
            "account_receivable_turnover_ratio": 1.1,
            "reinvestment_rate": 114.93,
            "research_to_sale_ratio": 1.91,
            "price_fair": 135.1,
            "eps_avg_yearly": 3.86,
            "eps_latest_yearly": 2.88,
            "eps_growth_yearly": 45.53
        },
        "20163": {
            "year_quarter": 20163,
            "year": 2016,
            "quarter": 3,
            "eps": 0.26,
            "eps_growth_year": -83.23,
            "eps_4q": 3.09,
            "eps_4q_growth_year": -29.15,
            "roe": 0.58,
            "roe_4q": 7.16,
            "gross_profit": 149417,
            "gross_margin": 25.24,
            "gross_margin_4q_avg": 28,
            "net_income": 18051,
            "revenue": 591995,
            "common_shares": 741389,
            "book_valuer_per_share": 38.78,
            "book_valuer_per_share_4q_avg": 39.37,
            "equity": 3117226,
            "current_ratio": 121.76,
            "debt_ratio": 47.54,
            "inventory_turnover_ratio": 1.44,
            "account_receivable_turnover_ratio": 1.2,
            "reinvestment_rate": 113.46,
            "research_to_sale_ratio": 1.68,
            "price_fair": 131.28,
            "eps_avg_yearly": 3.77,
            "eps_latest_yearly": 1.04,
            "eps_growth_yearly": 24.84
        },
        "20164": {
            "year_quarter": 20164,
            "year": 2016,
            "quarter": 4,
            "eps": 2.44,
            "eps_growth_year": 73.2,
            "eps_4q": 4.13,
            "eps_4q_growth_year": -10.97,
            "roe": 5.85,
            "roe_4q": 9.56,
            "gross_profit": 231279,
            "gross_margin": 31.05,
            "gross_margin_4q_avg": 28.27,
            "net_income": 187039,
            "revenue": 744911,
            "common_shares": 741389,
            "book_valuer_per_share": 40.85,
            "book_valuer_per_share_4q_avg": 39.66,
            "equity": 3273966,
            "current_ratio": 128.55,
            "debt_ratio": 47.25,
            "inventory_turnover_ratio": 1.67,
            "account_receivable_turnover_ratio": 1.25,
            "reinvestment_rate": 93.35,
            "research_to_sale_ratio": -0.69,
            "price_fair": 145.95,
            "eps_avg_yearly": 4.17,
            "eps_latest_yearly": 9.76,
            "eps_growth_yearly": 226.52
        },
        "20171": {
            "year_quarter": 20171,
            "year": 2017,
            "quarter": 1,
            "eps": -0.22,
            "eps_growth_year": -130.99,
            "eps_4q": 3.2,
            "eps_4q_growth_year": -26.39,
            "roe": -0.51,
            "roe_4q": 7.45,
            "gross_profit": 224700,
            "gross_margin": 32.92,
            "gross_margin_4q_avg": 29.31,
            "net_income": -16598,
            "revenue": 682470,
            "common_shares": 741389,
            "book_valuer_per_share": 40.2,
            "book_valuer_per_share_4q_avg": 39.65,
            "equity": 3214956,
            "current_ratio": 138.68,
            "debt_ratio": 48.38,
            "inventory_turnover_ratio": 1.62,
            "account_receivable_turnover_ratio": 1,
            "reinvestment_rate": 104.92,
            "research_to_sale_ratio": 0.82,
            "price_fair": 145.79,
            "eps_avg_yearly": 4.17,
            "eps_latest_yearly": 9.76,
            "eps_growth_yearly": 234.24
        },
        "20172": {
            "year_quarter": 20172,
            "year": 2017,
            "quarter": 2,
            "eps": 1.52,
            "eps_growth_year": 111.11,
            "eps_4q": 4,
            "eps_4q_growth_year": -9.03,
            "roe": 3.53,
            "roe_4q": 9.45,
            "gross_profit": 209265,
            "gross_margin": 30.75,
            "gross_margin_4q_avg": 29.99,
            "net_income": 113231,
            "revenue": 680626,
            "common_shares": 741389,
            "book_valuer_per_share": 39.96,
            "book_valuer_per_share_4q_avg": 39.95,
            "equity": 3201705,
            "current_ratio": 124.47,
            "debt_ratio": 52.22,
            "inventory_turnover_ratio": 1.7,
            "account_receivable_turnover_ratio": 0.98,
            "reinvestment_rate": 98.15,
            "research_to_sale_ratio": 1.51,
            "price_fair": 148.8,
            "eps_avg_yearly": 4.25,
            "eps_latest_yearly": 9.76,
            "eps_growth_yearly": 259.59
        },
        "20173": {
            "year_quarter": 20173,
            "year": 2017,
            "quarter": 3,
            "eps": 1.4,
            "eps_growth_year": 438.46,
            "eps_4q": 5.14,
            "eps_4q_growth_year": 66.03,
            "roe": 3.15,
            "roe_4q": 12.02,
            "gross_profit": 210368,
            "gross_margin": 31.37,
            "gross_margin_4q_avg": 31.52,
            "net_income": 102119,
            "revenue": 670548,
            "common_shares": 741389,
            "book_valuer_per_share": 41.76,
            "book_valuer_per_share_4q_avg": 40.69,
            "equity": 3291083,
            "current_ratio": 128.63,
            "debt_ratio": 50.35,
            "inventory_turnover_ratio": 1.42,
            "account_receivable_turnover_ratio": 0.93,
            "reinvestment_rate": 86.4,
            "research_to_sale_ratio": 1.31,
            "price_fair": 158.1,
            "eps_avg_yearly": 4.52,
            "eps_latest_yearly": 5.6,
            "eps_growth_yearly": 267.76
        },
        "20174": {
            "year_quarter": 20174,
            "year": 2017,
            "quarter": 4,
            "eps": 1.02,
            "eps_growth_year": -58.08,
            "eps_4q": 3.72,
            "eps_4q_growth_year": -9.87,
            "roe": 1.96,
            "roe_4q": 8.129999999999999,
            "gross_profit": 234222,
            "gross_margin": 29.15,
            "gross_margin_4q_avg": 31.05,
            "net_income": 65168,
            "revenue": 803636,
            "common_shares": 741389,
            "book_valuer_per_share": 42.82,
            "book_valuer_per_share_4q_avg": 41.19,
            "equity": 3356433,
            "current_ratio": 127.76,
            "debt_ratio": 48.6,
            "inventory_turnover_ratio": 1.66,
            "account_receivable_turnover_ratio": 1.06,
            "reinvestment_rate": 88.94,
            "research_to_sale_ratio": 1.16,
            "price_fair": 157.8,
            "eps_avg_yearly": 4.51,
            "eps_latest_yearly": 4.08,
            "eps_growth_yearly": 224.75
        },
        "20181": {
            "year_quarter": 20181,
            "year": 2018,
            "quarter": 1,
            "eps": 0.75,
            "eps_growth_year": null,
            "eps_4q": 4.69,
            "eps_4q_growth_year": 46.36,
            "roe": 1.54,
            "roe_4q": 10.18,
            "gross_profit": 216958,
            "gross_margin": 30.02,
            "gross_margin_4q_avg": 30.32,
            "net_income": 52307,
            "revenue": 722810,
            "common_shares": 741389,
            "book_valuer_per_share": 43.66,
            "book_valuer_per_share_4q_avg": 42.05,
            "equity": 3419193,
            "current_ratio": 122.37,
            "debt_ratio": 47.16,
            "inventory_turnover_ratio": 1.55,
            "account_receivable_turnover_ratio": 0.93,
            "reinvestment_rate": 79.71,
            "research_to_sale_ratio": 1.27,
            "price_fair": 152.8,
            "eps_avg_yearly": 4.37,
            "eps_latest_yearly": 3,
            "eps_growth_yearly": 211.74
        },
        "20182": {
            "year_quarter": 20182,
            "year": 2018,
            "quarter": 2,
            "eps": 2.74,
            "eps_growth_year": 80.26,
            "eps_4q": 5.9,
            "eps_4q_growth_year": 47.65,
            "roe": 5.72,
            "roe_4q": 12.37,
            "gross_profit": 171981,
            "gross_margin": 24.25,
            "gross_margin_4q_avg": 28.7,
            "net_income": 196557,
            "revenue": 709067,
            "common_shares": 741389,
            "book_valuer_per_share": 44.3,
            "book_valuer_per_share_4q_avg": 43.14,
            "equity": 3458892,
            "current_ratio": 118.37,
            "debt_ratio": 47.49,
            "inventory_turnover_ratio": 1.58,
            "account_receivable_turnover_ratio": 0.95,
            "reinvestment_rate": 66.65,
            "research_to_sale_ratio": 1.11,
            "price_fair": 169.7,
            "eps_avg_yearly": 4.85,
            "eps_latest_yearly": 10.96,
            "eps_growth_yearly": 292.12
        },
        "20183": {
            "year_quarter": 20183,
            "year": 2018,
            "quarter": 3,
            "eps": 0.52,
            "eps_growth_year": -62.86,
            "eps_4q": 5.03,
            "eps_4q_growth_year": -2.1,
            "roe": 0.81,
            "roe_4q": 10.030000000000001,
            "gross_profit": 118687,
            "gross_margin": 18,
            "gross_margin_4q_avg": 25.36,
            "net_income": 27846,
            "revenue": 659285,
            "common_shares": 741389,
            "book_valuer_per_share": 44.31,
            "book_valuer_per_share_4q_avg": 43.77,
            "equity": 3444218,
            "current_ratio": 118.38,
            "debt_ratio": 46.67,
            "inventory_turnover_ratio": 1.52,
            "account_receivable_turnover_ratio": 0.95,
            "reinvestment_rate": 58.95,
            "research_to_sale_ratio": 1.95,
            "price_fair": 165.4,
            "eps_avg_yearly": 4.73,
            "eps_latest_yearly": 2.08,
            "eps_growth_yearly": 271.7
        },
        "20184": {
            "year_quarter": 20184,
            "year": 2018,
            "quarter": 4,
            "eps": 0.15,
            "eps_growth_year": -85.62,
            "eps_4q": 4.15,
            "eps_4q_growth_year": 11.66,
            "roe": 0.23,
            "roe_4q": 8.3,
            "gross_profit": 239315,
            "gross_margin": 31.34,
            "gross_margin_4q_avg": 25.9,
            "net_income": 7850,
            "revenue": 763572,
            "common_shares": 741389,
            "book_valuer_per_share": 44.32,
            "book_valuer_per_share_4q_avg": 44.15,
            "equity": 3442317,
            "current_ratio": 144.46,
            "debt_ratio": 45.58,
            "inventory_turnover_ratio": 1.42,
            "account_receivable_turnover_ratio": 1.08,
            "reinvestment_rate": 60.2,
            "research_to_sale_ratio": 1.17,
            "price_fair": 153.7,
            "eps_avg_yearly": 4.39,
            "eps_latest_yearly": 0.6,
            "eps_growth_yearly": 240.24
        },
        "20191": {
            "year_quarter": 20191,
            "year": 2019,
            "quarter": 1,
            "eps": 1.46,
            "eps_growth_year": 94.67,
            "eps_4q": 4.86,
            "eps_4q_growth_year": 3.57,
            "roe": 2.89,
            "roe_4q": 9.65,
            "gross_profit": 161798,
            "gross_margin": 25.18,
            "gross_margin_4q_avg": 24.69,
            "net_income": 101283,
            "revenue": 642499,
            "common_shares": 741389,
            "book_valuer_per_share": 45.96,
            "book_valuer_per_share_4q_avg": 44.72,
            "equity": 3559591,
            "current_ratio": 138.96,
            "debt_ratio": 45.1,
            "inventory_turnover_ratio": 1.36,
            "account_receivable_turnover_ratio": 0.89,
            "reinvestment_rate": 59.44,
            "research_to_sale_ratio": 1.58,
            "price_fair": 158.1,
            "eps_avg_yearly": 4.52,
            "eps_latest_yearly": 5.84,
            "eps_growth_yearly": 496.26
        },
        "20192": {
            "year_quarter": 20192,
            "year": 2019,
            "quarter": 2,
            "eps": 2.23,
            "eps_growth_year": -18.61,
            "eps_4q": 4.35,
            "eps_4q_growth_year": -26.27,
            "roe": 4.75,
            "roe_4q": 8.680000000000001,
            "gross_profit": 211902,
            "gross_margin": 32.36,
            "gross_margin_4q_avg": 26.72,
            "net_income": 168437,
            "revenue": 654877,
            "common_shares": 741389,
            "book_valuer_per_share": 46.02,
            "book_valuer_per_share_4q_avg": 45.15,
            "equity": 3528731,
            "current_ratio": 159.23,
            "debt_ratio": 36.64,
            "inventory_turnover_ratio": 1.4,
            "account_receivable_turnover_ratio": 0.96,
            "reinvestment_rate": 2.57,
            "research_to_sale_ratio": 1.3,
            "price_fair": 173.6,
            "eps_avg_yearly": 4.96,
            "eps_latest_yearly": 8.92,
            "eps_growth_yearly": 520.85
        },
        "20193": {
            "year_quarter": 20193,
            "year": 2019,
            "quarter": 3,
            "eps": 1.06,
            "eps_growth_year": 103.85,
            "eps_4q": 4.9,
            "eps_4q_growth_year": -2.65,
            "roe": 2.21,
            "roe_4q": 10.08,
            "gross_profit": 191723,
            "gross_margin": 30.25,
            "gross_margin_4q_avg": 29.78,
            "net_income": 78543,
            "revenue": 633722,
            "common_shares": 741389,
            "book_valuer_per_share": 46.83,
            "book_valuer_per_share_4q_avg": 45.78,
            "equity": 3584767,
            "current_ratio": 177.3,
            "debt_ratio": 35.02,
            "inventory_turnover_ratio": 1.46,
            "account_receivable_turnover_ratio": 0.92,
            "reinvestment_rate": -2.32,
            "research_to_sale_ratio": 1.24,
            "price_fair": 168.7,
            "eps_avg_yearly": 4.82,
            "eps_latest_yearly": 4.24,
            "eps_growth_yearly": 469.3
        },
        "20194": {
            "year_quarter": 20194,
            "year": 2019,
            "quarter": 4,
            "eps": 0.33,
            "eps_growth_year": 123.14,
            "eps_4q": 5.08,
            "eps_4q_growth_year": 22.26,
            "roe": 0.68,
            "roe_4q": 10.530000000000001,
            "gross_profit": 239662,
            "gross_margin": 33.12,
            "gross_margin_4q_avg": 30.23,
            "net_income": 24565,
            "revenue": 723688,
            "common_shares": 741389,
            "book_valuer_per_share": 47.03,
            "book_valuer_per_share_4q_avg": 46.46,
            "equity": 3597889,
            "current_ratio": 174.56,
            "debt_ratio": 32.73,
            "inventory_turnover_ratio": 1.7,
            "account_receivable_turnover_ratio": 0.98,
            "reinvestment_rate": -35.66,
            "research_to_sale_ratio": 1.04,
            "price_fair": 157.9,
            "eps_avg_yearly": 4.51,
            "eps_latest_yearly": 1.32,
            "eps_growth_yearly": 452.21
        },
        "20201": {
            "year_quarter": 20201,
            "year": 2020,
            "quarter": 1,
            "eps": 0.94,
            "eps_growth_year": -35.62,
            "eps_4q": 4.56,
            "eps_4q_growth_year": -6.03,
            "roe": 1.83,
            "roe_4q": 9.47,
            "gross_profit": 157792,
            "gross_margin": 31.55,
            "gross_margin_4q_avg": 31.82,
            "net_income": 66373,
            "revenue": 500112,
            "common_shares": 741389,
            "book_valuer_per_share": 47.62,
            "book_valuer_per_share_4q_avg": 46.88,
            "equity": 3637177,
            "current_ratio": 209.02,
            "debt_ratio": 29.59,
            "inventory_turnover_ratio": 1.31,
            "account_receivable_turnover_ratio": 0.72,
            "reinvestment_rate": -25.92,
            "research_to_sale_ratio": 1.73,
            "price_fair": 160.2,
            "eps_avg_yearly": 4.58,
            "eps_latest_yearly": 3.76,
            "eps_growth_yearly": 519.21
        },
        "20202": {
            "year_quarter": 20202,
            "year": 2020,
            "quarter": 2,
            "eps": -0.27,
            "eps_growth_year": -112.11,
            "eps_4q": 2.06,
            "eps_4q_growth_year": -52.65,
            "roe": -0.59,
            "roe_4q": 4.130000000000001,
            "gross_profit": 113587,
            "gross_margin": 26.91,
            "gross_margin_4q_avg": 30.46,
            "net_income": -21000,
            "revenue": 422106,
            "common_shares": 741389,
            "book_valuer_per_share": 45.36,
            "book_valuer_per_share_4q_avg": 46.71,
            "equity": 3467567,
            "current_ratio": 177.45,
            "debt_ratio": 31.78,
            "inventory_turnover_ratio": 1.13,
            "account_receivable_turnover_ratio": 0.75,
            "reinvestment_rate": -57.91,
            "research_to_sale_ratio": 1.72,
            "price_fair": 164.77,
            "eps_avg_yearly": 4.71,
            "eps_latest_yearly": 3.76,
            "eps_growth_yearly": 558.71
        },
        "20203": {
            "year_quarter": 20203,
            "year": 2020,
            "quarter": 3,
            "eps": 0.52,
            "eps_growth_year": -50.94,
            "eps_4q": 1.52,
            "eps_4q_growth_year": -68.99,
            "roe": 1.2,
            "roe_4q": 3.12,
            "gross_profit": 182372,
            "gross_margin": 30.01,
            "gross_margin_4q_avg": 30.4,
            "net_income": 41888,
            "revenue": 607721,
            "common_shares": 741389,
            "book_valuer_per_share": 46.09,
            "book_valuer_per_share_4q_avg": 46.53,
            "equity": 3526472,
            "current_ratio": 173.74,
            "debt_ratio": 33.95,
            "inventory_turnover_ratio": 1.45,
            "account_receivable_turnover_ratio": 1.07,
            "reinvestment_rate": -56.85,
            "research_to_sale_ratio": 1.27,
            "price_fair": 175.47,
            "eps_avg_yearly": 5.01,
            "eps_latest_yearly": 3.76,
            "eps_growth_yearly": 626.57
        },
        "20204": {
            "year_quarter": 20204,
            "year": 2020,
            "quarter": 4,
            "eps": 0.4,
            "eps_growth_year": 21.1,
            "eps_4q": 1.59,
            "eps_4q_growth_year": -68.73,
            "roe": 0.91,
            "roe_4q": 3.35,
            "gross_profit": 183752,
            "gross_margin": 31.09,
            "gross_margin_4q_avg": 29.89,
            "net_income": 32352,
            "revenue": 590962,
            "common_shares": 741389,
            "book_valuer_per_share": 46.81,
            "book_valuer_per_share_4q_avg": 46.47,
            "equity": 3585661,
            "current_ratio": 184.66,
            "debt_ratio": 32.33,
            "inventory_turnover_ratio": 1.35,
            "account_receivable_turnover_ratio": 0.96,
            "reinvestment_rate": -51.36,
            "research_to_sale_ratio": 1.28,
            "price_fair": 151.67,
            "eps_avg_yearly": 4.33,
            "eps_latest_yearly": 1.6,
            "eps_growth_yearly": 339.39
        },
        "20211": {
            "year_quarter": 20211,
            "year": 2021,
            "quarter": 1,
            "eps": 0.8,
            "eps_growth_year": -14.89,
            "eps_4q": 1.43,
            "eps_4q_growth_year": -68.77,
            "roe": 1.51,
            "roe_4q": 3.0300000000000002,
            "gross_profit": 128777,
            "gross_margin": 24.93,
            "gross_margin_4q_avg": 28.24,
            "net_income": 54746,
            "revenue": 516642,
            "common_shares": 741389,
            "book_valuer_per_share": 47.67,
            "book_valuer_per_share_4q_avg": 46.48,
            "equity": 3646060,
            "current_ratio": 189.42,
            "debt_ratio": 31.59,
            "inventory_turnover_ratio": 1.27,
            "account_receivable_turnover_ratio": 0.83,
            "reinvestment_rate": -40.41,
            "research_to_sale_ratio": 1.14,
            "price_fair": 148.62,
            "eps_avg_yearly": 4.25,
            "eps_latest_yearly": 3.2,
            "eps_growth_yearly": 344.05
        },
        "20212": {
            "year_quarter": 20212,
            "year": 2021,
            "quarter": 2,
            "eps": -0.05,
            "eps_growth_year": null,
            "eps_4q": 1.65,
            "eps_4q_growth_year": -20,
            "roe": -0.13,
            "roe_4q": 3.49,
            "gross_profit": 106076,
            "gross_margin": 22.83,
            "gross_margin_4q_avg": 27.22,
            "net_income": -4760,
            "revenue": 464729,
            "common_shares": 741389,
            "book_valuer_per_share": 45.55,
            "book_valuer_per_share_4q_avg": 46.53,
            "equity": 3486680,
            "current_ratio": 179.25,
            "debt_ratio": 32.36,
            "inventory_turnover_ratio": 1.15,
            "account_receivable_turnover_ratio": 0.8,
            "reinvestment_rate": -41.69,
            "research_to_sale_ratio": 1.85,
            "price_fair": 148.62,
            "eps_avg_yearly": 4.25,
            "eps_latest_yearly": 3.2,
            "eps_growth_yearly": 344.05
        },
        "20213": {
            "year_quarter": 20213,
            "year": 2021,
            "quarter": 3,
            "eps": 0.32,
            "eps_growth_year": -38.46,
            "eps_4q": 1.45,
            "eps_4q_growth_year": -4.64,
            "roe": 0.63,
            "roe_4q": 2.92,
            "gross_profit": 104500,
            "gross_margin": 22.6,
            "gross_margin_4q_avg": 25.36,
            "net_income": 21979,
            "revenue": 462340,
            "common_shares": 741389,
            "book_valuer_per_share": 45.63,
            "book_valuer_per_share_4q_avg": 46.42,
            "equity": 3490794,
            "current_ratio": 197.05,
            "debt_ratio": 31.12,
            "inventory_turnover_ratio": 1.12,
            "account_receivable_turnover_ratio": 0.88,
            "reinvestment_rate": -43.07,
            "research_to_sale_ratio": 2.39,
            "price_fair": 144.67,
            "eps_avg_yearly": 4.13,
            "eps_latest_yearly": 3.2,
            "eps_growth_yearly": 375.35
        },
        "20214": {
            "year_quarter": 20214,
            "year": 2021,
            "quarter": 4,
            "eps": 0.78,
            "eps_growth_year": 96.46,
            "eps_4q": 1.83,
            "eps_4q_growth_year": 15.36,
            "roe": 1.58,
            "roe_4q": 3.59,
            "gross_profit": 106223,
            "gross_margin": 22.39,
            "gross_margin_4q_avg": 23.19,
            "net_income": 55734,
            "revenue": 474389,
            "common_shares": 741389,
            "book_valuer_per_share": 46.45,
            "book_valuer_per_share_4q_avg": 46.33,
            "equity": 3550258,
            "current_ratio": 199.26,
            "debt_ratio": 29.72,
            "inventory_turnover_ratio": 1.15,
            "account_receivable_turnover_ratio": 0.94,
            "reinvestment_rate": -48.96,
            "research_to_sale_ratio": 2.54,
            "price_fair": 141.87,
            "eps_avg_yearly": 4.05,
            "eps_latest_yearly": 3.12,
            "eps_growth_yearly": 432.32
        },
        "20221": {
            "year_quarter": 20221,
            "year": 2022,
            "quarter": 1,
            "eps": 1.54,
            "eps_growth_year": 92.5,
            "eps_4q": 2.59,
            "eps_4q_growth_year": 81.56,
            "roe": 3.1,
            "roe_4q": 5.18,
            "gross_profit": 111362,
            "gross_margin": 21.77,
            "gross_margin_4q_avg": 22.4,
            "net_income": 109871,
            "revenue": 511585,
            "common_shares": 741239,
            "book_valuer_per_share": 46.28,
            "book_valuer_per_share_4q_avg": 45.98,
            "equity": 3537772,
            "current_ratio": 171.22,
            "debt_ratio": 32.08,
            "inventory_turnover_ratio": 1.28,
            "account_receivable_turnover_ratio": 0.95,
            "reinvestment_rate": -40.79,
            "research_to_sale_ratio": 3.39,
            "price_fair": 151.08,
            "eps_avg_yearly": 4.32,
            "eps_latest_yearly": 6.16,
            "eps_growth_yearly": 473.62
        },
        "20222": {
            "year_quarter": 20222,
            "year": 2022,
            "quarter": 2,
            "eps": 1.9,
            "eps_growth_year": null,
            "eps_4q": 4.54,
            "eps_4q_growth_year": 175.41,
            "roe": 3.86,
            "roe_4q": 9.17,
            "gross_profit": 138711,
            "gross_margin": 28.1,
            "gross_margin_4q_avg": 23.72,
            "net_income": 139066,
            "revenue": 493640,
            "common_shares": 741239,
            "book_valuer_per_share": 48.2,
            "book_valuer_per_share_4q_avg": 46.64,
            "equity": 3675789,
            "current_ratio": 186.13,
            "debt_ratio": 30.09,
            "inventory_turnover_ratio": 1.17,
            "account_receivable_turnover_ratio": 0.87,
            "reinvestment_rate": -42.61,
            "research_to_sale_ratio": 3.44,
            "price_fair": 141.28,
            "eps_avg_yearly": 4.04,
            "eps_latest_yearly": 7.6,
            "eps_growth_yearly": 392.97
        },
        "20223": {
            "year_quarter": 20223,
            "year": 2022,
            "quarter": 3,
            "eps": 2.28,
            "eps_growth_year": 612.5,
            "eps_4q": 6.5,
            "eps_4q_growth_year": 348.7,
            "roe": 4.44,
            "roe_4q": 12.98,
            "gross_profit": 135943,
            "gross_margin": 26.48,
            "gross_margin_4q_avg": 24.69,
            "net_income": 166990,
            "revenue": 513461,
            "common_shares": 741239,
            "book_valuer_per_share": 50.51,
            "book_valuer_per_share_4q_avg": 47.86,
            "equity": 3846523,
            "current_ratio": 197.92,
            "debt_ratio": 31.8,
            "inventory_turnover_ratio": 1.25,
            "account_receivable_turnover_ratio": 0.89,
            "reinvestment_rate": -16.84,
            "research_to_sale_ratio": 3.4,
            "price_fair": 161.82,
            "eps_avg_yearly": 4.62,
            "eps_latest_yearly": 9.12,
            "eps_growth_yearly": 426.64
        },
        "20224": {
            "year_quarter": 20224,
            "year": 2022,
            "quarter": 4,
            "eps": -0.2,
            "eps_growth_year": -125.99,
            "eps_4q": 5.51,
            "eps_4q_growth_year": 200.96,
            "roe": -0.39,
            "roe_4q": 11.01,
            "gross_profit": 144446,
            "gross_margin": 28.77,
            "gross_margin_4q_avg": 26.28,
            "net_income": -14934,
            "revenue": 502072,
            "common_shares": 741239,
            "book_valuer_per_share": 50.11,
            "book_valuer_per_share_4q_avg": 48.78,
            "equity": 3815549,
            "current_ratio": 187.26,
            "debt_ratio": 31.1,
            "inventory_turnover_ratio": 1.17,
            "account_receivable_turnover_ratio": 0.86,
            "reinvestment_rate": -7.7,
            "research_to_sale_ratio": 3.74,
            "price_fair": 174.62,
            "eps_avg_yearly": 4.99,
            "eps_latest_yearly": 9.12,
            "eps_growth_yearly": 491.3
        },
        "20231": {
            "year_quarter": 20231,
            "year": 2023,
            "quarter": 1,
            "eps": 0.87,
            "eps_growth_year": -43.51,
            "eps_4q": 4.84,
            "eps_4q_growth_year": 87.02,
            "roe": 1.77,
            "roe_4q": 9.68,
            "gross_profit": 134880,
            "gross_margin": 28.54,
            "gross_margin_4q_avg": 27.97,
            "net_income": 66418,
            "revenue": 472608,
            "common_shares": 741239,
            "book_valuer_per_share": 48.09,
            "book_valuer_per_share_4q_avg": 49.23,
            "equity": 3668486,
            "current_ratio": 168.68,
            "debt_ratio": 32.25,
            "inventory_turnover_ratio": 1.1,
            "account_receivable_turnover_ratio": 0.87,
            "reinvestment_rate": -5.99,
            "research_to_sale_ratio": 3.1,
            "price_fair": 171.64,
            "eps_avg_yearly": 4.9,
            "eps_latest_yearly": 9.12,
            "eps_growth_yearly": 191.1
        }
    },
    "months": {
        "2011-04": {
            "month": "2011-04",
            "price": "28.86",
            "revenue": 97501
        },
        "2011-05": {
            "month": "2011-05",
            "price": "29.17",
            "revenue": 91227
        },
        "2011-06": {
            "month": "2011-06",
            "price": "28.65",
            "revenue": 93975
        },
        "2011-07": {
            "month": "2011-07",
            "price": "28.11",
            "revenue": 76597
        },
        "2011-08": {
            "month": "2011-08",
            "price": "28.95",
            "revenue": 81432
        },
        "2011-09": {
            "month": "2011-09",
            "price": "27.58",
            "revenue": 88701
        },
        "2011-10": {
            "month": "2011-10",
            "price": "27.77",
            "revenue": 96688
        },
        "2011-11": {
            "month": "2011-11",
            "price": "28.32",
            "revenue": 103518
        },
        "2011-12": {
            "month": "2011-12",
            "price": "28.50",
            "revenue": 122044
        },
        "2012-01": {
            "month": "2012-01",
            "price": "28.48",
            "revenue": 80236
        },
        "2012-02": {
            "month": "2012-02",
            "price": "31.29",
            "revenue": 85299
        },
        "2012-03": {
            "month": "2012-03",
            "price": "34.54",
            "revenue": 105683
        },
        "2012-04": {
            "month": "2012-04",
            "price": "28.79",
            "revenue": 89962
        },
        "2012-05": {
            "month": "2012-05",
            "price": "27.22",
            "revenue": 88840
        },
        "2012-06": {
            "month": "2012-06",
            "price": "25.98",
            "revenue": 95979
        },
        "2012-07": {
            "month": "2012-07",
            "price": "26.95",
            "revenue": 83402
        },
        "2012-08": {
            "month": "2012-08",
            "price": "27.87",
            "revenue": 105905
        },
        "2012-09": {
            "month": "2012-09",
            "price": "27.89",
            "revenue": 93060
        },
        "2012-10": {
            "month": "2012-10",
            "price": "27.62",
            "revenue": 100739
        },
        "2012-11": {
            "month": "2012-11",
            "price": "27.55",
            "revenue": 117913
        },
        "2012-12": {
            "month": "2012-12",
            "price": "28.63",
            "revenue": 110762
        },
        "2013-01": {
            "month": "2013-01",
            "price": "29.08",
            "revenue": 123243
        },
        "2013-02": {
            "month": "2013-02",
            "price": "29.25",
            "revenue": 78311
        },
        "2013-03": {
            "month": "2013-03",
            "price": "30.74",
            "revenue": 113201
        },
        "2013-04": {
            "month": "2013-04",
            "price": "34.30",
            "revenue": 103024
        },
        "2013-05": {
            "month": "2013-05",
            "price": "37.49",
            "revenue": 113660
        },
        "2013-06": {
            "month": "2013-06",
            "price": "38.32",
            "revenue": 89888
        },
        "2013-07": {
            "month": "2013-07",
            "price": "39.15",
            "revenue": 84650
        },
        "2013-08": {
            "month": "2013-08",
            "price": "40.85",
            "revenue": 90212
        },
        "2013-09": {
            "month": "2013-09",
            "price": "37.60",
            "revenue": 83039
        },
        "2013-10": {
            "month": "2013-10",
            "price": "37.99",
            "revenue": 107365
        },
        "2013-11": {
            "month": "2013-11",
            "price": "40.75",
            "revenue": 115035
        },
        "2013-12": {
            "month": "2013-12",
            "price": "49.78",
            "revenue": 121159
        },
        "2014-01": {
            "month": "2014-01",
            "price": "48.05",
            "revenue": 119417
        },
        "2014-02": {
            "month": "2014-02",
            "price": "48.98",
            "revenue": 104536
        },
        "2014-03": {
            "month": "2014-03",
            "price": "49.99",
            "revenue": 136766
        },
        "2014-04": {
            "month": "2014-04",
            "price": "50.29",
            "revenue": 148174
        },
        "2014-05": {
            "month": "2014-05",
            "price": "66.93",
            "revenue": 131156
        },
        "2014-06": {
            "month": "2014-06",
            "price": "72.77",
            "revenue": 93389
        },
        "2014-07": {
            "month": "2014-07",
            "price": "91.30",
            "revenue": 102229
        },
        "2014-08": {
            "month": "2014-08",
            "price": "93.57",
            "revenue": 101741
        },
        "2014-09": {
            "month": "2014-09",
            "price": "94.79",
            "revenue": 104153
        },
        "2014-10": {
            "month": "2014-10",
            "price": "93.16",
            "revenue": 132045
        },
        "2014-11": {
            "month": "2014-11",
            "price": "102.16",
            "revenue": 124260
        },
        "2014-12": {
            "month": "2014-12",
            "price": "106.48",
            "revenue": 142018
        },
        "2015-01": {
            "month": "2015-01",
            "price": "104.06",
            "revenue": 109243
        },
        "2015-02": {
            "month": "2015-02",
            "price": "85.85",
            "revenue": 109529
        },
        "2015-03": {
            "month": "2015-03",
            "price": "84.10",
            "revenue": 158904
        },
        "2015-04": {
            "month": "2015-04",
            "price": "87.86",
            "revenue": 157894
        },
        "2015-05": {
            "month": "2015-05",
            "price": "90.14",
            "revenue": 184753
        },
        "2015-06": {
            "month": "2015-06",
            "price": "85.19",
            "revenue": 180580
        },
        "2015-07": {
            "month": "2015-07",
            "price": "83.98",
            "revenue": 170758
        },
        "2015-08": {
            "month": "2015-08",
            "price": "85.60",
            "revenue": 180840
        },
        "2015-09": {
            "month": "2015-09",
            "price": "76.04",
            "revenue": 195683
        },
        "2015-10": {
            "month": "2015-10",
            "price": "55.44",
            "revenue": 222383
        },
        "2015-11": {
            "month": "2015-11",
            "price": "63.59",
            "revenue": 240032
        },
        "2015-12": {
            "month": "2015-12",
            "price": "58.48",
            "revenue": 221316
        },
        "2016-01": {
            "month": "2016-01",
            "price": "55.57",
            "revenue": 201380
        },
        "2016-02": {
            "month": "2016-02",
            "price": "57.39",
            "revenue": 135712
        },
        "2016-03": {
            "month": "2016-03",
            "price": "58.03",
            "revenue": 245445
        },
        "2016-04": {
            "month": "2016-04",
            "price": "57.45",
            "revenue": 177527
        },
        "2016-05": {
            "month": "2016-05",
            "price": "47.10",
            "revenue": 187449
        },
        "2016-06": {
            "month": "2016-06",
            "price": "44.41",
            "revenue": 188135
        },
        "2016-07": {
            "month": "2016-07",
            "price": "45.81",
            "revenue": 193502
        },
        "2016-08": {
            "month": "2016-08",
            "price": "46.52",
            "revenue": 196383
        },
        "2016-09": {
            "month": "2016-09",
            "price": "43.48",
            "revenue": 200347
        },
        "2016-10": {
            "month": "2016-10",
            "price": "40.39",
            "revenue": 228138
        },
        "2016-11": {
            "month": "2016-11",
            "price": "36.75",
            "revenue": 252538
        },
        "2016-12": {
            "month": "2016-12",
            "price": "37.77",
            "revenue": 258653
        },
        "2017-01": {
            "month": "2017-01",
            "price": "39.62",
            "revenue": 211968
        },
        "2017-02": {
            "month": "2017-02",
            "price": "40.06",
            "revenue": 213972
        },
        "2017-03": {
            "month": "2017-03",
            "price": "40.26",
            "revenue": 256209
        },
        "2017-04": {
            "month": "2017-04",
            "price": "44.41",
            "revenue": 221397
        },
        "2017-05": {
            "month": "2017-05",
            "price": "42.68",
            "revenue": 230594
        },
        "2017-06": {
            "month": "2017-06",
            "price": "44.84",
            "revenue": 228608
        },
        "2017-07": {
            "month": "2017-07",
            "price": "46.66",
            "revenue": 211473
        },
        "2017-08": {
            "month": "2017-08",
            "price": "46.18",
            "revenue": 212425
        },
        "2017-09": {
            "month": "2017-09",
            "price": "43.08",
            "revenue": 241299
        },
        "2017-10": {
            "month": "2017-10",
            "price": "42.42",
            "revenue": 244889
        },
        "2017-11": {
            "month": "2017-11",
            "price": "43.83",
            "revenue": 290446
        },
        "2017-12": {
            "month": "2017-12",
            "price": "42.35",
            "revenue": 268693
        },
        "2018-01": {
            "month": "2018-01",
            "price": "43.16",
            "revenue": 273280
        },
        "2018-02": {
            "month": "2018-02",
            "price": "40.91",
            "revenue": 179581
        },
        "2018-03": {
            "month": "2018-03",
            "price": "40.17",
            "revenue": 266869
        },
        "2018-04": {
            "month": "2018-04",
            "price": "39.31",
            "revenue": 231014
        },
        "2018-05": {
            "month": "2018-05",
            "price": "39.65",
            "revenue": 267098
        },
        "2018-06": {
            "month": "2018-06",
            "price": "41.57",
            "revenue": 211349
        },
        "2018-07": {
            "month": "2018-07",
            "price": "41.82",
            "revenue": 214529
        },
        "2018-08": {
            "month": "2018-08",
            "price": "42.63",
            "revenue": 221507
        },
        "2018-09": {
            "month": "2018-09",
            "price": "39.40",
            "revenue": 223536
        },
        "2018-10": {
            "month": "2018-10",
            "price": "36.45",
            "revenue": 229018
        },
        "2018-11": {
            "month": "2018-11",
            "price": "34.23",
            "revenue": 274397
        },
        "2018-12": {
            "month": "2018-12",
            "price": "34.83",
            "revenue": 251752
        },
        "2019-01": {
            "month": "2019-01",
            "price": "34.87",
            "revenue": 247724
        },
        "2019-02": {
            "month": "2019-02",
            "price": "35.05",
            "revenue": 155473
        },
        "2019-03": {
            "month": "2019-03",
            "price": "35.62",
            "revenue": 239497
        },
        "2019-04": {
            "month": "2019-04",
            "price": "35.26",
            "revenue": 234720
        },
        "2019-05": {
            "month": "2019-05",
            "price": "35.25",
            "revenue": 233456
        },
        "2019-06": {
            "month": "2019-06",
            "price": "35.82",
            "revenue": 187408
        },
        "2019-07": {
            "month": "2019-07",
            "price": "36.14",
            "revenue": 219462
        },
        "2019-08": {
            "month": "2019-08",
            "price": "41.03",
            "revenue": 215815
        },
        "2019-09": {
            "month": "2019-09",
            "price": "44.20",
            "revenue": 202445
        },
        "2019-10": {
            "month": "2019-10",
            "price": "44.23",
            "revenue": 215992
        },
        "2019-11": {
            "month": "2019-11",
            "price": "45.19",
            "revenue": 251926
        },
        "2019-12": {
            "month": "2019-12",
            "price": "49.13",
            "revenue": 254373
        },
        "2020-01": {
            "month": "2020-01",
            "price": "54.31",
            "revenue": 168854
        },
        "2020-02": {
            "month": "2020-02",
            "price": "49.06",
            "revenue": 152461
        },
        "2020-03": {
            "month": "2020-03",
            "price": "38.78",
            "revenue": 175255
        },
        "2020-04": {
            "month": "2020-04",
            "price": "39.84",
            "revenue": 150568
        },
        "2020-05": {
            "month": "2020-05",
            "price": "41.39",
            "revenue": 128300
        },
        "2020-06": {
            "month": "2020-06",
            "price": "44.49",
            "revenue": 146257
        },
        "2020-07": {
            "month": "2020-07",
            "price": "44.51",
            "revenue": 198459
        },
        "2020-08": {
            "month": "2020-08",
            "price": "44.11",
            "revenue": 195660
        },
        "2020-09": {
            "month": "2020-09",
            "price": "44.10",
            "revenue": 206573
        },
        "2020-10": {
            "month": "2020-10",
            "price": "42.84",
            "revenue": 183957
        },
        "2020-11": {
            "month": "2020-11",
            "price": "42.78",
            "revenue": 201196
        },
        "2020-12": {
            "month": "2020-12",
            "price": "41.96",
            "revenue": 189986
        },
        "2021-01": {
            "month": "2021-01",
            "price": "42.13",
            "revenue": 197300
        },
        "2021-02": {
            "month": "2021-02",
            "price": "39.85",
            "revenue": 144785
        },
        "2021-03": {
            "month": "2021-03",
            "price": "40.48",
            "revenue": 170497
        },
        "2021-04": {
            "month": "2021-04",
            "price": "40.89",
            "revenue": 170515
        },
        "2021-05": {
            "month": "2021-05",
            "price": "38.46",
            "revenue": 157139
        },
        "2021-06": {
            "month": "2021-06",
            "price": "38.11",
            "revenue": 143126
        },
        "2021-07": {
            "month": "2021-07",
            "price": "38.36",
            "revenue": 159753
        },
        "2021-08": {
            "month": "2021-08",
            "price": "37.30",
            "revenue": 168902
        },
        "2021-09": {
            "month": "2021-09",
            "price": "35.24",
            "revenue": 132849
        },
        "2021-10": {
            "month": "2021-10",
            "price": "34.34",
            "revenue": 168512
        },
        "2021-11": {
            "month": "2021-11",
            "price": "34.21",
            "revenue": 166461
        },
        "2021-12": {
            "month": "2021-12",
            "price": "34.62",
            "revenue": 142241
        },
        "2022-01": {
            "month": "2022-01",
            "price": "34.15",
            "revenue": 229012
        },
        "2022-02": {
            "month": "2022-02",
            "price": "34.42",
            "revenue": 121905
        },
        "2022-03": {
            "month": "2022-03",
            "price": "34.48",
            "revenue": 160802
        },
        "2022-04": {
            "month": "2022-04",
            "price": "35.18",
            "revenue": 177505
        },
        "2022-05": {
            "month": "2022-05",
            "price": "37.42",
            "revenue": 166991
        },
        "2022-06": {
            "month": "2022-06",
            "price": "40.05",
            "revenue": 155001
        },
        "2022-07": {
            "month": "2022-07",
            "price": "40.20",
            "revenue": 179434
        },
        "2022-08": {
            "month": "2022-08",
            "price": "43.52",
            "revenue": 175239
        },
        "2022-09": {
            "month": "2022-09",
            "price": "42.89",
            "revenue": 151164
        },
        "2022-10": {
            "month": "2022-10",
            "price": "37.40",
            "revenue": 170130
        },
        "2022-11": {
            "month": "2022-11",
            "price": "39.98",
            "revenue": 177450
        },
        "2022-12": {
            "month": "2022-12",
            "price": "42.12",
            "revenue": 154272
        },
        "2023-01": {
            "month": "2023-01",
            "price": "41.36",
            "revenue": 138659
        },
        "2023-02": {
            "month": "2023-02",
            "price": "42.29",
            "revenue": 172406
        },
        "2023-03": {
            "month": "2023-03",
            "price": "45.39",
            "revenue": 161412
        },
        "2023-04": {
            "month": "2023-04",
            "price": "44.43",
            "revenue": 177167
        },
        "2023-05": {
            "month": "2023-05",
            "price": "43.83",
            "revenue": 169218
        }
    }
}
