{
    "summary": {
        "stock_name": "勝悅-KY",
        "stock_id": "1340",
        "category": "塑膠",
        "main_business": "從事高分子複合材料之研發與應用，目前主要應用於各式鞋底材料",
        "website_url": "http://www.vnm.com.tw",
        "ceo": "莊輝煌",
        "pe_ratio": -5,
        "report_year_from": 2011,
        "report_year_to": 2023,
        "age": 12,
        "eps_negative_percentage": 45,
        "eps_growth_avg": {
            "last_all": -31.05,
            "last_2y": null,
            "last_4y": -92.07,
            "last_8y": -31.05,
            "last_12y": null,
            "last_16y": null,
            "last_20y": null,
            "at_2006_last_3y": null,
            "at_2007_last_3y": null,
            "at_2008_last_3y": null,
            "at_2009_last_3y": null,
            "at_2010_last_3y": null,
            "at_2011_last_3y": null,
            "at_2012_last_3y": null,
            "at_2013_last_3y": null,
            "at_2014_last_3y": null,
            "at_2015_last_3y": null,
            "at_2016_last_3y": null,
            "at_2017_last_3y": -0.55,
            "at_2018_last_3y": -31.88,
            "at_2019_last_3y": -51.06,
            "at_2020_last_3y": -64.89,
            "at_2021_last_3y": -92.07,
            "at_2022_last_3y": -100,
            "at_2023_last_3y": -100,
            "at_2006_last_all": null,
            "at_2007_last_all": null,
            "at_2008_last_all": null,
            "at_2009_last_all": null,
            "at_2010_last_all": null,
            "at_2011_last_all": null,
            "at_2012_last_all": null,
            "at_2013_last_all": null,
            "at_2014_last_all": null,
            "at_2015_last_all": 8.95,
            "at_2016_last_all": 2.78,
            "at_2017_last_all": -0.55,
            "at_2018_last_all": -17.27,
            "at_2019_last_all": -31.05,
            "at_2020_last_all": -31.05,
            "at_2021_last_all": -31.05,
            "at_2022_last_all": -31.05,
            "at_2023_last_all": -31.05
        },
        "latest_eps": -2.73,
        "latest_price": 13.3,
        "latest_roe": -8.68,
        "latest_gross_margin": -37.93,
        "latest_equity": 4559911,
        "latest_revenue": 112590,
        "latest_gross_profit": -42707,
        "latest_net_income": -84509,
        "latest_debt_ratio": 3.17,
        "latest_current_ratio": 1380.99,
        "latest_account_receivable_turnover_ratio": 1.01,
        "latest_inventory_turnover_ratio": 5.99,
        "latest_reinvestment_rate": null,
        "latest_research_to_sale_ratio": 7.37
    },
    "eps_dividends": {
        "2001": {
            "cash": 0,
            "stock": 0,
            "eps": 0
        },
        "2002": {
            "cash": 0,
            "stock": 0,
            "eps": 0
        },
        "2003": {
            "cash": 0,
            "stock": 0,
            "eps": 0
        },
        "2004": {
            "cash": 0,
            "stock": 0,
            "eps": 0
        },
        "2005": {
            "cash": 0,
            "stock": 0,
            "eps": 0
        },
        "2006": {
            "cash": 0,
            "stock": 0,
            "eps": 0
        },
        "2007": {
            "cash": 0,
            "stock": 0,
            "eps": 0
        },
        "2008": {
            "cash": 0,
            "stock": 0,
            "eps": 0
        },
        "2009": {
            "cash": 0,
            "stock": 0,
            "eps": 0
        },
        "2010": {
            "cash": 0,
            "stock": 0,
            "eps": 0
        },
        "2011": {
            "cash": 0,
            "stock": 0,
            "eps": 0
        },
        "2012": {
            "cash": 0,
            "stock": 0,
            "eps": 0
        },
        "2013": {
            "cash": 0,
            "stock": 0,
            "eps": 7.84
        },
        "2014": {
            "cash": 4,
            "stock": 1,
            "eps": 11.07
        },
        "2015": {
            "cash": 2,
            "stock": 3,
            "eps": 8.49
        },
        "2016": {
            "cash": 1,
            "stock": 0,
            "eps": 7.68
        },
        "2017": {
            "cash": 1,
            "stock": 1,
            "eps": 6.87
        },
        "2018": {
            "cash": 0,
            "stock": 1,
            "eps": 1.09
        },
        "2019": {
            "cash": 0,
            "stock": 1,
            "eps": -2.94
        },
        "2020": {
            "cash": 0,
            "stock": 0,
            "eps": -2.55
        },
        "2021": {
            "cash": 0,
            "stock": 0,
            "eps": -3.36
        },
        "2022": {
            "cash": 0,
            "stock": 0,
            "eps": -2.81
        },
        "2023": {
            "cash": 0,
            "stock": 0,
            "eps": -0.55
        }
    },
    "dividends": {
        "2014-09-22": {
            "cash": 4,
            "stock": 1
        },
        "2015-09-22": {
            "cash": 2,
            "stock": 3
        },
        "2016-09-26": {
            "cash": 1,
            "stock": 0
        },
        "2017-09-27": {
            "cash": 1.2,
            "stock": 1
        },
        "2018-09-28": {
            "cash": 0.3,
            "stock": 1
        },
        "2019-09-25": {
            "cash": 0.2,
            "stock": 1
        }
    },
    "prices": {
        "200101": "無",
        "200102": "無",
        "200103": "無",
        "200104": "無",
        "200105": "無",
        "200106": "無",
        "200107": "無",
        "200108": "無",
        "200109": "無",
        "200110": "無",
        "200111": "無",
        "200112": "無",
        "200201": "無",
        "200202": "無",
        "200203": "無",
        "200204": "無",
        "200205": "無",
        "200206": "無",
        "200207": "無",
        "200208": "無",
        "200209": "無",
        "200210": "無",
        "200211": "無",
        "200212": "無",
        "200301": "無",
        "200302": "無",
        "200303": "無",
        "200304": "無",
        "200305": "無",
        "200306": "無",
        "200307": "無",
        "200308": "無",
        "200309": "無",
        "200310": "無",
        "200311": "無",
        "200312": "無",
        "200401": "無",
        "200402": "無",
        "200403": "無",
        "200404": "無",
        "200405": "無",
        "200406": "無",
        "200407": "無",
        "200408": "無",
        "200409": "無",
        "200410": "無",
        "200411": "無",
        "200412": "無",
        "200501": "無",
        "200502": "無",
        "200503": "無",
        "200504": "無",
        "200505": "無",
        "200506": "無",
        "200507": "無",
        "200508": "無",
        "200509": "無",
        "200510": "無",
        "200511": "無",
        "200512": "無",
        "200601": "無",
        "200602": "無",
        "200603": "無",
        "200604": "無",
        "200605": "無",
        "200606": "無",
        "200607": "無",
        "200608": "無",
        "200609": "無",
        "200610": "無",
        "200611": "無",
        "200612": "無",
        "200701": "無",
        "200702": "無",
        "200703": "無",
        "200704": "無",
        "200705": "無",
        "200706": "無",
        "200707": "無",
        "200708": "無",
        "200709": "無",
        "200710": "無",
        "200711": "無",
        "200712": "無",
        "200801": "無",
        "200802": "無",
        "200803": "無",
        "200804": "無",
        "200805": "無",
        "200806": "無",
        "200807": "無",
        "200808": "無",
        "200809": "無",
        "200810": "無",
        "200811": "無",
        "200812": "無",
        "200901": "無",
        "200902": "無",
        "200903": "無",
        "200904": "無",
        "200905": "無",
        "200906": "無",
        "200907": "無",
        "200908": "無",
        "200909": "無",
        "200910": "無",
        "200911": "無",
        "200912": "無",
        "201001": "無",
        "201002": "無",
        "201003": "無",
        "201004": "無",
        "201005": "無",
        "201006": "無",
        "201007": "無",
        "201008": "無",
        "201009": "無",
        "201010": "無",
        "201011": "無",
        "201012": "無",
        "201101": "無",
        "201102": "無",
        "201103": "無",
        "201104": "無",
        "201105": "無",
        "201106": "無",
        "201107": "無",
        "201108": "無",
        "201109": "無",
        "201110": "無",
        "201111": "無",
        "201112": "無",
        "201201": "無",
        "201202": "無",
        "201203": "無",
        "201204": "無",
        "201205": "無",
        "201206": "無",
        "201207": "無",
        "201208": "無",
        "201209": "無",
        "201210": "無",
        "201211": "無",
        "201212": "無",
        "201301": "無",
        "201302": "無",
        "201303": "無",
        "201304": "無",
        "201305": "無",
        "201306": "無",
        "201307": "無",
        "201308": "無",
        "201309": "無",
        "201310": "無",
        "201311": "無",
        "201312": "167.24",
        "201401": "143.60",
        "201402": "139.50",
        "201403": "163.33",
        "201404": "149.24",
        "201405": "133.19",
        "201406": "129.05",
        "201407": "122.36",
        "201408": "120.71",
        "201409": "112.05",
        "201410": "100.46",
        "201411": "100.95",
        "201412": "104.62",
        "201501": "105.82",
        "201502": "103.58",
        "201503": "109.16",
        "201504": "106.90",
        "201505": "98.34",
        "201506": "85.69",
        "201507": "85.00",
        "201508": "68.87",
        "201509": "61.30",
        "201510": "71.04",
        "201511": "73.38",
        "201512": "67.31",
        "201601": "60.16",
        "201602": "66.72",
        "201603": "71.27",
        "201604": "71.01",
        "201605": "66.40",
        "201606": "63.21",
        "201607": "60.44",
        "201608": "61.20",
        "201609": "60.94",
        "201610": "58.23",
        "201611": "55.54",
        "201612": "55.50",
        "201701": "55.95",
        "201702": "56.56",
        "201703": "56.57",
        "201704": "51.99",
        "201705": "47.32",
        "201706": "51.72",
        "201707": "52.70",
        "201708": "53.15",
        "201709": "48.60",
        "201710": "47.70",
        "201711": "48.27",
        "201712": "46.04",
        "201801": "46.26",
        "201802": "44.28",
        "201803": "45.67",
        "201804": "45.85",
        "201805": "42.78",
        "201806": "41.08",
        "201807": "37.24",
        "201808": "33.13",
        "201809": "28.17",
        "201810": "23.73",
        "201811": "19.77",
        "201812": "18.24",
        "201901": "17.34",
        "201902": "18.60",
        "201903": "18.24",
        "201904": "19.72",
        "201905": "20.24",
        "201906": "18.23",
        "201907": "19.01",
        "201908": "17.07",
        "201909": "16.39",
        "201910": "16.07",
        "201911": "15.65",
        "201912": "15.66",
        "202001": "15.55",
        "202002": "13.48",
        "202003": "10.06",
        "202004": "9.30",
        "202005": "10.13",
        "202006": "10.22",
        "202007": "11.14",
        "202008": "10.57",
        "202009": "11.80",
        "202010": "12.41",
        "202011": "12.50",
        "202012": "12.64",
        "202101": "11.17",
        "202102": "10.41",
        "202103": "10.68",
        "202104": "11.59",
        "202105": "10.80",
        "202106": "11.43",
        "202107": "11.78",
        "202108": "10.71",
        "202109": "10.36",
        "202110": "10.40",
        "202111": "11.24",
        "202112": "11.26",
        "202201": "11.39",
        "202202": "11.11",
        "202203": "10.55",
        "202204": "10.30",
        "202205": "10.26",
        "202206": "10.41",
        "202207": "10.01",
        "202208": "10.14",
        "202209": "10.11",
        "202210": "9.93",
        "202211": "9.95",
        "202212": "10.01",
        "202301": "9.96",
        "202302": "10.65",
        "202303": "10.74",
        "202304": "11.11",
        "202305": "12.74"
    },
    "quarters": {
        "20011": {
            "year_quarter": 20011,
            "year": 2001,
            "quarter": 1,
            "eps": null,
            "eps_growth_year": null,
            "eps_4q": null,
            "eps_4q_growth_year": null,
            "roe": null,
            "roe_4q": 0,
            "gross_profit": null,
            "gross_margin": null,
            "gross_margin_4q_avg": 0,
            "net_income": null,
            "revenue": null,
            "common_shares": null,
            "book_valuer_per_share": null,
            "book_valuer_per_share_4q_avg": 0,
            "equity": null,
            "current_ratio": null,
            "debt_ratio": null,
            "inventory_turnover_ratio": null,
            "account_receivable_turnover_ratio": null,
            "reinvestment_rate": null,
            "research_to_sale_ratio": null,
            "price_fair": 0,
            "eps_avg_yearly": 0,
            "eps_latest_yearly": 0,
            "eps_growth_yearly": 0
        },
        "20012": {
            "year_quarter": 20012,
            "year": 2001,
            "quarter": 2,
            "eps": null,
            "eps_growth_year": null,
            "eps_4q": null,
            "eps_4q_growth_year": null,
            "roe": null,
            "roe_4q": 0,
            "gross_profit": null,
            "gross_margin": null,
            "gross_margin_4q_avg": 0,
            "net_income": null,
            "revenue": null,
            "common_shares": null,
            "book_valuer_per_share": null,
            "book_valuer_per_share_4q_avg": 0,
            "equity": null,
            "current_ratio": null,
            "debt_ratio": null,
            "inventory_turnover_ratio": null,
            "account_receivable_turnover_ratio": null,
            "reinvestment_rate": null,
            "research_to_sale_ratio": null,
            "price_fair": 0,
            "eps_avg_yearly": 0,
            "eps_latest_yearly": 0,
            "eps_growth_yearly": 0
        },
        "20013": {
            "year_quarter": 20013,
            "year": 2001,
            "quarter": 3,
            "eps": null,
            "eps_growth_year": null,
            "eps_4q": null,
            "eps_4q_growth_year": null,
            "roe": null,
            "roe_4q": 0,
            "gross_profit": null,
            "gross_margin": null,
            "gross_margin_4q_avg": 0,
            "net_income": null,
            "revenue": null,
            "common_shares": null,
            "book_valuer_per_share": null,
            "book_valuer_per_share_4q_avg": 0,
            "equity": null,
            "current_ratio": null,
            "debt_ratio": null,
            "inventory_turnover_ratio": null,
            "account_receivable_turnover_ratio": null,
            "reinvestment_rate": null,
            "research_to_sale_ratio": null,
            "price_fair": 0,
            "eps_avg_yearly": 0,
            "eps_latest_yearly": 0,
            "eps_growth_yearly": 0
        },
        "20014": {
            "year_quarter": 20014,
            "year": 2001,
            "quarter": 4,
            "eps": null,
            "eps_growth_year": null,
            "eps_4q": null,
            "eps_4q_growth_year": null,
            "roe": null,
            "roe_4q": 0,
            "gross_profit": null,
            "gross_margin": null,
            "gross_margin_4q_avg": 0,
            "net_income": null,
            "revenue": null,
            "common_shares": null,
            "book_valuer_per_share": null,
            "book_valuer_per_share_4q_avg": 0,
            "equity": null,
            "current_ratio": null,
            "debt_ratio": null,
            "inventory_turnover_ratio": null,
            "account_receivable_turnover_ratio": null,
            "reinvestment_rate": null,
            "research_to_sale_ratio": null,
            "price_fair": 0,
            "eps_avg_yearly": 0,
            "eps_latest_yearly": 0,
            "eps_growth_yearly": 0
        },
        "20021": {
            "year_quarter": 20021,
            "year": 2002,
            "quarter": 1,
            "eps": null,
            "eps_growth_year": null,
            "eps_4q": null,
            "eps_4q_growth_year": null,
            "roe": null,
            "roe_4q": 0,
            "gross_profit": null,
            "gross_margin": null,
            "gross_margin_4q_avg": 0,
            "net_income": null,
            "revenue": null,
            "common_shares": null,
            "book_valuer_per_share": null,
            "book_valuer_per_share_4q_avg": 0,
            "equity": null,
            "current_ratio": null,
            "debt_ratio": null,
            "inventory_turnover_ratio": null,
            "account_receivable_turnover_ratio": null,
            "reinvestment_rate": null,
            "research_to_sale_ratio": null,
            "price_fair": 0,
            "eps_avg_yearly": 0,
            "eps_latest_yearly": 0,
            "eps_growth_yearly": 0
        },
        "20022": {
            "year_quarter": 20022,
            "year": 2002,
            "quarter": 2,
            "eps": null,
            "eps_growth_year": null,
            "eps_4q": null,
            "eps_4q_growth_year": null,
            "roe": null,
            "roe_4q": 0,
            "gross_profit": null,
            "gross_margin": null,
            "gross_margin_4q_avg": 0,
            "net_income": null,
            "revenue": null,
            "common_shares": null,
            "book_valuer_per_share": null,
            "book_valuer_per_share_4q_avg": 0,
            "equity": null,
            "current_ratio": null,
            "debt_ratio": null,
            "inventory_turnover_ratio": null,
            "account_receivable_turnover_ratio": null,
            "reinvestment_rate": null,
            "research_to_sale_ratio": null,
            "price_fair": 0,
            "eps_avg_yearly": 0,
            "eps_latest_yearly": 0,
            "eps_growth_yearly": 0
        },
        "20023": {
            "year_quarter": 20023,
            "year": 2002,
            "quarter": 3,
            "eps": null,
            "eps_growth_year": null,
            "eps_4q": null,
            "eps_4q_growth_year": null,
            "roe": null,
            "roe_4q": 0,
            "gross_profit": null,
            "gross_margin": null,
            "gross_margin_4q_avg": 0,
            "net_income": null,
            "revenue": null,
            "common_shares": null,
            "book_valuer_per_share": null,
            "book_valuer_per_share_4q_avg": 0,
            "equity": null,
            "current_ratio": null,
            "debt_ratio": null,
            "inventory_turnover_ratio": null,
            "account_receivable_turnover_ratio": null,
            "reinvestment_rate": null,
            "research_to_sale_ratio": null,
            "price_fair": 0,
            "eps_avg_yearly": 0,
            "eps_latest_yearly": 0,
            "eps_growth_yearly": 0
        },
        "20024": {
            "year_quarter": 20024,
            "year": 2002,
            "quarter": 4,
            "eps": null,
            "eps_growth_year": null,
            "eps_4q": null,
            "eps_4q_growth_year": null,
            "roe": null,
            "roe_4q": 0,
            "gross_profit": null,
            "gross_margin": null,
            "gross_margin_4q_avg": 0,
            "net_income": null,
            "revenue": null,
            "common_shares": null,
            "book_valuer_per_share": null,
            "book_valuer_per_share_4q_avg": 0,
            "equity": null,
            "current_ratio": null,
            "debt_ratio": null,
            "inventory_turnover_ratio": null,
            "account_receivable_turnover_ratio": null,
            "reinvestment_rate": null,
            "research_to_sale_ratio": null,
            "price_fair": 0,
            "eps_avg_yearly": 0,
            "eps_latest_yearly": 0,
            "eps_growth_yearly": 0
        },
        "20031": {
            "year_quarter": 20031,
            "year": 2003,
            "quarter": 1,
            "eps": null,
            "eps_growth_year": null,
            "eps_4q": null,
            "eps_4q_growth_year": null,
            "roe": null,
            "roe_4q": 0,
            "gross_profit": null,
            "gross_margin": null,
            "gross_margin_4q_avg": 0,
            "net_income": null,
            "revenue": null,
            "common_shares": null,
            "book_valuer_per_share": null,
            "book_valuer_per_share_4q_avg": 0,
            "equity": null,
            "current_ratio": null,
            "debt_ratio": null,
            "inventory_turnover_ratio": null,
            "account_receivable_turnover_ratio": null,
            "reinvestment_rate": null,
            "research_to_sale_ratio": null,
            "price_fair": 0,
            "eps_avg_yearly": 0,
            "eps_latest_yearly": 0,
            "eps_growth_yearly": 0
        },
        "20032": {
            "year_quarter": 20032,
            "year": 2003,
            "quarter": 2,
            "eps": null,
            "eps_growth_year": null,
            "eps_4q": null,
            "eps_4q_growth_year": null,
            "roe": null,
            "roe_4q": 0,
            "gross_profit": null,
            "gross_margin": null,
            "gross_margin_4q_avg": 0,
            "net_income": null,
            "revenue": null,
            "common_shares": null,
            "book_valuer_per_share": null,
            "book_valuer_per_share_4q_avg": 0,
            "equity": null,
            "current_ratio": null,
            "debt_ratio": null,
            "inventory_turnover_ratio": null,
            "account_receivable_turnover_ratio": null,
            "reinvestment_rate": null,
            "research_to_sale_ratio": null,
            "price_fair": 0,
            "eps_avg_yearly": 0,
            "eps_latest_yearly": 0,
            "eps_growth_yearly": 0
        },
        "20033": {
            "year_quarter": 20033,
            "year": 2003,
            "quarter": 3,
            "eps": null,
            "eps_growth_year": null,
            "eps_4q": null,
            "eps_4q_growth_year": null,
            "roe": null,
            "roe_4q": 0,
            "gross_profit": null,
            "gross_margin": null,
            "gross_margin_4q_avg": 0,
            "net_income": null,
            "revenue": null,
            "common_shares": null,
            "book_valuer_per_share": null,
            "book_valuer_per_share_4q_avg": 0,
            "equity": null,
            "current_ratio": null,
            "debt_ratio": null,
            "inventory_turnover_ratio": null,
            "account_receivable_turnover_ratio": null,
            "reinvestment_rate": null,
            "research_to_sale_ratio": null,
            "price_fair": 0,
            "eps_avg_yearly": 0,
            "eps_latest_yearly": 0,
            "eps_growth_yearly": 0
        },
        "20034": {
            "year_quarter": 20034,
            "year": 2003,
            "quarter": 4,
            "eps": null,
            "eps_growth_year": null,
            "eps_4q": null,
            "eps_4q_growth_year": null,
            "roe": null,
            "roe_4q": 0,
            "gross_profit": null,
            "gross_margin": null,
            "gross_margin_4q_avg": 0,
            "net_income": null,
            "revenue": null,
            "common_shares": null,
            "book_valuer_per_share": null,
            "book_valuer_per_share_4q_avg": 0,
            "equity": null,
            "current_ratio": null,
            "debt_ratio": null,
            "inventory_turnover_ratio": null,
            "account_receivable_turnover_ratio": null,
            "reinvestment_rate": null,
            "research_to_sale_ratio": null,
            "price_fair": 0,
            "eps_avg_yearly": 0,
            "eps_latest_yearly": 0,
            "eps_growth_yearly": 0
        },
        "20041": {
            "year_quarter": 20041,
            "year": 2004,
            "quarter": 1,
            "eps": null,
            "eps_growth_year": null,
            "eps_4q": null,
            "eps_4q_growth_year": null,
            "roe": null,
            "roe_4q": 0,
            "gross_profit": null,
            "gross_margin": null,
            "gross_margin_4q_avg": 0,
            "net_income": null,
            "revenue": null,
            "common_shares": null,
            "book_valuer_per_share": null,
            "book_valuer_per_share_4q_avg": 0,
            "equity": null,
            "current_ratio": null,
            "debt_ratio": null,
            "inventory_turnover_ratio": null,
            "account_receivable_turnover_ratio": null,
            "reinvestment_rate": null,
            "research_to_sale_ratio": null,
            "price_fair": 0,
            "eps_avg_yearly": 0,
            "eps_latest_yearly": 0,
            "eps_growth_yearly": 0
        },
        "20042": {
            "year_quarter": 20042,
            "year": 2004,
            "quarter": 2,
            "eps": null,
            "eps_growth_year": null,
            "eps_4q": null,
            "eps_4q_growth_year": null,
            "roe": null,
            "roe_4q": 0,
            "gross_profit": null,
            "gross_margin": null,
            "gross_margin_4q_avg": 0,
            "net_income": null,
            "revenue": null,
            "common_shares": null,
            "book_valuer_per_share": null,
            "book_valuer_per_share_4q_avg": 0,
            "equity": null,
            "current_ratio": null,
            "debt_ratio": null,
            "inventory_turnover_ratio": null,
            "account_receivable_turnover_ratio": null,
            "reinvestment_rate": null,
            "research_to_sale_ratio": null,
            "price_fair": 0,
            "eps_avg_yearly": 0,
            "eps_latest_yearly": 0,
            "eps_growth_yearly": 0
        },
        "20043": {
            "year_quarter": 20043,
            "year": 2004,
            "quarter": 3,
            "eps": null,
            "eps_growth_year": null,
            "eps_4q": null,
            "eps_4q_growth_year": null,
            "roe": null,
            "roe_4q": 0,
            "gross_profit": null,
            "gross_margin": null,
            "gross_margin_4q_avg": 0,
            "net_income": null,
            "revenue": null,
            "common_shares": null,
            "book_valuer_per_share": null,
            "book_valuer_per_share_4q_avg": 0,
            "equity": null,
            "current_ratio": null,
            "debt_ratio": null,
            "inventory_turnover_ratio": null,
            "account_receivable_turnover_ratio": null,
            "reinvestment_rate": null,
            "research_to_sale_ratio": null,
            "price_fair": 0,
            "eps_avg_yearly": 0,
            "eps_latest_yearly": 0,
            "eps_growth_yearly": 0
        },
        "20044": {
            "year_quarter": 20044,
            "year": 2004,
            "quarter": 4,
            "eps": null,
            "eps_growth_year": null,
            "eps_4q": null,
            "eps_4q_growth_year": null,
            "roe": null,
            "roe_4q": 0,
            "gross_profit": null,
            "gross_margin": null,
            "gross_margin_4q_avg": 0,
            "net_income": null,
            "revenue": null,
            "common_shares": null,
            "book_valuer_per_share": null,
            "book_valuer_per_share_4q_avg": 0,
            "equity": null,
            "current_ratio": null,
            "debt_ratio": null,
            "inventory_turnover_ratio": null,
            "account_receivable_turnover_ratio": null,
            "reinvestment_rate": null,
            "research_to_sale_ratio": null,
            "price_fair": 0,
            "eps_avg_yearly": 0,
            "eps_latest_yearly": 0,
            "eps_growth_yearly": 0
        },
        "20051": {
            "year_quarter": 20051,
            "year": 2005,
            "quarter": 1,
            "eps": null,
            "eps_growth_year": null,
            "eps_4q": null,
            "eps_4q_growth_year": null,
            "roe": null,
            "roe_4q": 0,
            "gross_profit": null,
            "gross_margin": null,
            "gross_margin_4q_avg": 0,
            "net_income": null,
            "revenue": null,
            "common_shares": null,
            "book_valuer_per_share": null,
            "book_valuer_per_share_4q_avg": 0,
            "equity": null,
            "current_ratio": null,
            "debt_ratio": null,
            "inventory_turnover_ratio": null,
            "account_receivable_turnover_ratio": null,
            "reinvestment_rate": null,
            "research_to_sale_ratio": null,
            "price_fair": 0,
            "eps_avg_yearly": 0,
            "eps_latest_yearly": 0,
            "eps_growth_yearly": 0
        },
        "20052": {
            "year_quarter": 20052,
            "year": 2005,
            "quarter": 2,
            "eps": null,
            "eps_growth_year": null,
            "eps_4q": null,
            "eps_4q_growth_year": null,
            "roe": null,
            "roe_4q": 0,
            "gross_profit": null,
            "gross_margin": null,
            "gross_margin_4q_avg": 0,
            "net_income": null,
            "revenue": null,
            "common_shares": null,
            "book_valuer_per_share": null,
            "book_valuer_per_share_4q_avg": 0,
            "equity": null,
            "current_ratio": null,
            "debt_ratio": null,
            "inventory_turnover_ratio": null,
            "account_receivable_turnover_ratio": null,
            "reinvestment_rate": null,
            "research_to_sale_ratio": null,
            "price_fair": 0,
            "eps_avg_yearly": 0,
            "eps_latest_yearly": 0,
            "eps_growth_yearly": 0
        },
        "20053": {
            "year_quarter": 20053,
            "year": 2005,
            "quarter": 3,
            "eps": null,
            "eps_growth_year": null,
            "eps_4q": null,
            "eps_4q_growth_year": null,
            "roe": null,
            "roe_4q": 0,
            "gross_profit": null,
            "gross_margin": null,
            "gross_margin_4q_avg": 0,
            "net_income": null,
            "revenue": null,
            "common_shares": null,
            "book_valuer_per_share": null,
            "book_valuer_per_share_4q_avg": 0,
            "equity": null,
            "current_ratio": null,
            "debt_ratio": null,
            "inventory_turnover_ratio": null,
            "account_receivable_turnover_ratio": null,
            "reinvestment_rate": null,
            "research_to_sale_ratio": null,
            "price_fair": 0,
            "eps_avg_yearly": 0,
            "eps_latest_yearly": 0,
            "eps_growth_yearly": 0
        },
        "20054": {
            "year_quarter": 20054,
            "year": 2005,
            "quarter": 4,
            "eps": null,
            "eps_growth_year": null,
            "eps_4q": null,
            "eps_4q_growth_year": null,
            "roe": null,
            "roe_4q": 0,
            "gross_profit": null,
            "gross_margin": null,
            "gross_margin_4q_avg": 0,
            "net_income": null,
            "revenue": null,
            "common_shares": null,
            "book_valuer_per_share": null,
            "book_valuer_per_share_4q_avg": 0,
            "equity": null,
            "current_ratio": null,
            "debt_ratio": null,
            "inventory_turnover_ratio": null,
            "account_receivable_turnover_ratio": null,
            "reinvestment_rate": null,
            "research_to_sale_ratio": null,
            "price_fair": 0,
            "eps_avg_yearly": 0,
            "eps_latest_yearly": 0,
            "eps_growth_yearly": 0
        },
        "20061": {
            "year_quarter": 20061,
            "year": 2006,
            "quarter": 1,
            "eps": null,
            "eps_growth_year": null,
            "eps_4q": null,
            "eps_4q_growth_year": null,
            "roe": null,
            "roe_4q": 0,
            "gross_profit": null,
            "gross_margin": null,
            "gross_margin_4q_avg": 0,
            "net_income": null,
            "revenue": null,
            "common_shares": null,
            "book_valuer_per_share": null,
            "book_valuer_per_share_4q_avg": 0,
            "equity": null,
            "current_ratio": null,
            "debt_ratio": null,
            "inventory_turnover_ratio": null,
            "account_receivable_turnover_ratio": null,
            "reinvestment_rate": null,
            "research_to_sale_ratio": null,
            "price_fair": 0,
            "eps_avg_yearly": 0,
            "eps_latest_yearly": 0,
            "eps_growth_yearly": 0
        },
        "20062": {
            "year_quarter": 20062,
            "year": 2006,
            "quarter": 2,
            "eps": null,
            "eps_growth_year": null,
            "eps_4q": null,
            "eps_4q_growth_year": null,
            "roe": null,
            "roe_4q": 0,
            "gross_profit": null,
            "gross_margin": null,
            "gross_margin_4q_avg": 0,
            "net_income": null,
            "revenue": null,
            "common_shares": null,
            "book_valuer_per_share": null,
            "book_valuer_per_share_4q_avg": 0,
            "equity": null,
            "current_ratio": null,
            "debt_ratio": null,
            "inventory_turnover_ratio": null,
            "account_receivable_turnover_ratio": null,
            "reinvestment_rate": null,
            "research_to_sale_ratio": null,
            "price_fair": 0,
            "eps_avg_yearly": 0,
            "eps_latest_yearly": 0,
            "eps_growth_yearly": 0
        },
        "20063": {
            "year_quarter": 20063,
            "year": 2006,
            "quarter": 3,
            "eps": null,
            "eps_growth_year": null,
            "eps_4q": null,
            "eps_4q_growth_year": null,
            "roe": null,
            "roe_4q": 0,
            "gross_profit": null,
            "gross_margin": null,
            "gross_margin_4q_avg": 0,
            "net_income": null,
            "revenue": null,
            "common_shares": null,
            "book_valuer_per_share": null,
            "book_valuer_per_share_4q_avg": 0,
            "equity": null,
            "current_ratio": null,
            "debt_ratio": null,
            "inventory_turnover_ratio": null,
            "account_receivable_turnover_ratio": null,
            "reinvestment_rate": null,
            "research_to_sale_ratio": null,
            "price_fair": 0,
            "eps_avg_yearly": 0,
            "eps_latest_yearly": 0,
            "eps_growth_yearly": 0
        },
        "20064": {
            "year_quarter": 20064,
            "year": 2006,
            "quarter": 4,
            "eps": null,
            "eps_growth_year": null,
            "eps_4q": null,
            "eps_4q_growth_year": null,
            "roe": null,
            "roe_4q": 0,
            "gross_profit": null,
            "gross_margin": null,
            "gross_margin_4q_avg": 0,
            "net_income": null,
            "revenue": null,
            "common_shares": null,
            "book_valuer_per_share": null,
            "book_valuer_per_share_4q_avg": 0,
            "equity": null,
            "current_ratio": null,
            "debt_ratio": null,
            "inventory_turnover_ratio": null,
            "account_receivable_turnover_ratio": null,
            "reinvestment_rate": null,
            "research_to_sale_ratio": null,
            "price_fair": 0,
            "eps_avg_yearly": 0,
            "eps_latest_yearly": 0,
            "eps_growth_yearly": 0
        },
        "20071": {
            "year_quarter": 20071,
            "year": 2007,
            "quarter": 1,
            "eps": null,
            "eps_growth_year": null,
            "eps_4q": null,
            "eps_4q_growth_year": null,
            "roe": null,
            "roe_4q": 0,
            "gross_profit": null,
            "gross_margin": null,
            "gross_margin_4q_avg": 0,
            "net_income": null,
            "revenue": null,
            "common_shares": null,
            "book_valuer_per_share": null,
            "book_valuer_per_share_4q_avg": 0,
            "equity": null,
            "current_ratio": null,
            "debt_ratio": null,
            "inventory_turnover_ratio": null,
            "account_receivable_turnover_ratio": null,
            "reinvestment_rate": null,
            "research_to_sale_ratio": null,
            "price_fair": 0,
            "eps_avg_yearly": 0,
            "eps_latest_yearly": 0,
            "eps_growth_yearly": 0
        },
        "20072": {
            "year_quarter": 20072,
            "year": 2007,
            "quarter": 2,
            "eps": null,
            "eps_growth_year": null,
            "eps_4q": null,
            "eps_4q_growth_year": null,
            "roe": null,
            "roe_4q": 0,
            "gross_profit": null,
            "gross_margin": null,
            "gross_margin_4q_avg": 0,
            "net_income": null,
            "revenue": null,
            "common_shares": null,
            "book_valuer_per_share": null,
            "book_valuer_per_share_4q_avg": 0,
            "equity": null,
            "current_ratio": null,
            "debt_ratio": null,
            "inventory_turnover_ratio": null,
            "account_receivable_turnover_ratio": null,
            "reinvestment_rate": null,
            "research_to_sale_ratio": null,
            "price_fair": 0,
            "eps_avg_yearly": 0,
            "eps_latest_yearly": 0,
            "eps_growth_yearly": 0
        },
        "20073": {
            "year_quarter": 20073,
            "year": 2007,
            "quarter": 3,
            "eps": null,
            "eps_growth_year": null,
            "eps_4q": null,
            "eps_4q_growth_year": null,
            "roe": null,
            "roe_4q": 0,
            "gross_profit": null,
            "gross_margin": null,
            "gross_margin_4q_avg": 0,
            "net_income": null,
            "revenue": null,
            "common_shares": null,
            "book_valuer_per_share": null,
            "book_valuer_per_share_4q_avg": 0,
            "equity": null,
            "current_ratio": null,
            "debt_ratio": null,
            "inventory_turnover_ratio": null,
            "account_receivable_turnover_ratio": null,
            "reinvestment_rate": null,
            "research_to_sale_ratio": null,
            "price_fair": 0,
            "eps_avg_yearly": 0,
            "eps_latest_yearly": 0,
            "eps_growth_yearly": 0
        },
        "20074": {
            "year_quarter": 20074,
            "year": 2007,
            "quarter": 4,
            "eps": null,
            "eps_growth_year": null,
            "eps_4q": null,
            "eps_4q_growth_year": null,
            "roe": null,
            "roe_4q": 0,
            "gross_profit": null,
            "gross_margin": null,
            "gross_margin_4q_avg": 0,
            "net_income": null,
            "revenue": null,
            "common_shares": null,
            "book_valuer_per_share": null,
            "book_valuer_per_share_4q_avg": 0,
            "equity": null,
            "current_ratio": null,
            "debt_ratio": null,
            "inventory_turnover_ratio": null,
            "account_receivable_turnover_ratio": null,
            "reinvestment_rate": null,
            "research_to_sale_ratio": null,
            "price_fair": 0,
            "eps_avg_yearly": 0,
            "eps_latest_yearly": 0,
            "eps_growth_yearly": 0
        },
        "20081": {
            "year_quarter": 20081,
            "year": 2008,
            "quarter": 1,
            "eps": null,
            "eps_growth_year": null,
            "eps_4q": null,
            "eps_4q_growth_year": null,
            "roe": null,
            "roe_4q": 0,
            "gross_profit": null,
            "gross_margin": null,
            "gross_margin_4q_avg": 0,
            "net_income": null,
            "revenue": null,
            "common_shares": null,
            "book_valuer_per_share": null,
            "book_valuer_per_share_4q_avg": 0,
            "equity": null,
            "current_ratio": null,
            "debt_ratio": null,
            "inventory_turnover_ratio": null,
            "account_receivable_turnover_ratio": null,
            "reinvestment_rate": null,
            "research_to_sale_ratio": null,
            "price_fair": 0,
            "eps_avg_yearly": 0,
            "eps_latest_yearly": 0,
            "eps_growth_yearly": 0
        },
        "20082": {
            "year_quarter": 20082,
            "year": 2008,
            "quarter": 2,
            "eps": null,
            "eps_growth_year": null,
            "eps_4q": null,
            "eps_4q_growth_year": null,
            "roe": null,
            "roe_4q": 0,
            "gross_profit": null,
            "gross_margin": null,
            "gross_margin_4q_avg": 0,
            "net_income": null,
            "revenue": null,
            "common_shares": null,
            "book_valuer_per_share": null,
            "book_valuer_per_share_4q_avg": 0,
            "equity": null,
            "current_ratio": null,
            "debt_ratio": null,
            "inventory_turnover_ratio": null,
            "account_receivable_turnover_ratio": null,
            "reinvestment_rate": null,
            "research_to_sale_ratio": null,
            "price_fair": 0,
            "eps_avg_yearly": 0,
            "eps_latest_yearly": 0,
            "eps_growth_yearly": 0
        },
        "20083": {
            "year_quarter": 20083,
            "year": 2008,
            "quarter": 3,
            "eps": null,
            "eps_growth_year": null,
            "eps_4q": null,
            "eps_4q_growth_year": null,
            "roe": null,
            "roe_4q": 0,
            "gross_profit": null,
            "gross_margin": null,
            "gross_margin_4q_avg": 0,
            "net_income": null,
            "revenue": null,
            "common_shares": null,
            "book_valuer_per_share": null,
            "book_valuer_per_share_4q_avg": 0,
            "equity": null,
            "current_ratio": null,
            "debt_ratio": null,
            "inventory_turnover_ratio": null,
            "account_receivable_turnover_ratio": null,
            "reinvestment_rate": null,
            "research_to_sale_ratio": null,
            "price_fair": 0,
            "eps_avg_yearly": 0,
            "eps_latest_yearly": 0,
            "eps_growth_yearly": 0
        },
        "20084": {
            "year_quarter": 20084,
            "year": 2008,
            "quarter": 4,
            "eps": null,
            "eps_growth_year": null,
            "eps_4q": null,
            "eps_4q_growth_year": null,
            "roe": null,
            "roe_4q": 0,
            "gross_profit": null,
            "gross_margin": null,
            "gross_margin_4q_avg": 0,
            "net_income": null,
            "revenue": null,
            "common_shares": null,
            "book_valuer_per_share": null,
            "book_valuer_per_share_4q_avg": 0,
            "equity": null,
            "current_ratio": null,
            "debt_ratio": null,
            "inventory_turnover_ratio": null,
            "account_receivable_turnover_ratio": null,
            "reinvestment_rate": null,
            "research_to_sale_ratio": null,
            "price_fair": 0,
            "eps_avg_yearly": 0,
            "eps_latest_yearly": 0,
            "eps_growth_yearly": 0
        },
        "20091": {
            "year_quarter": 20091,
            "year": 2009,
            "quarter": 1,
            "eps": null,
            "eps_growth_year": null,
            "eps_4q": null,
            "eps_4q_growth_year": null,
            "roe": null,
            "roe_4q": 0,
            "gross_profit": null,
            "gross_margin": null,
            "gross_margin_4q_avg": 0,
            "net_income": null,
            "revenue": null,
            "common_shares": null,
            "book_valuer_per_share": null,
            "book_valuer_per_share_4q_avg": 0,
            "equity": null,
            "current_ratio": null,
            "debt_ratio": null,
            "inventory_turnover_ratio": null,
            "account_receivable_turnover_ratio": null,
            "reinvestment_rate": null,
            "research_to_sale_ratio": null,
            "price_fair": 0,
            "eps_avg_yearly": 0,
            "eps_latest_yearly": 0,
            "eps_growth_yearly": 0
        },
        "20092": {
            "year_quarter": 20092,
            "year": 2009,
            "quarter": 2,
            "eps": null,
            "eps_growth_year": null,
            "eps_4q": null,
            "eps_4q_growth_year": null,
            "roe": null,
            "roe_4q": 0,
            "gross_profit": null,
            "gross_margin": null,
            "gross_margin_4q_avg": 0,
            "net_income": null,
            "revenue": null,
            "common_shares": null,
            "book_valuer_per_share": null,
            "book_valuer_per_share_4q_avg": 0,
            "equity": null,
            "current_ratio": null,
            "debt_ratio": null,
            "inventory_turnover_ratio": null,
            "account_receivable_turnover_ratio": null,
            "reinvestment_rate": null,
            "research_to_sale_ratio": null,
            "price_fair": 0,
            "eps_avg_yearly": 0,
            "eps_latest_yearly": 0,
            "eps_growth_yearly": 0
        },
        "20093": {
            "year_quarter": 20093,
            "year": 2009,
            "quarter": 3,
            "eps": null,
            "eps_growth_year": null,
            "eps_4q": null,
            "eps_4q_growth_year": null,
            "roe": null,
            "roe_4q": 0,
            "gross_profit": null,
            "gross_margin": null,
            "gross_margin_4q_avg": 0,
            "net_income": null,
            "revenue": null,
            "common_shares": null,
            "book_valuer_per_share": null,
            "book_valuer_per_share_4q_avg": 0,
            "equity": null,
            "current_ratio": null,
            "debt_ratio": null,
            "inventory_turnover_ratio": null,
            "account_receivable_turnover_ratio": null,
            "reinvestment_rate": null,
            "research_to_sale_ratio": null,
            "price_fair": 0,
            "eps_avg_yearly": 0,
            "eps_latest_yearly": 0,
            "eps_growth_yearly": 0
        },
        "20094": {
            "year_quarter": 20094,
            "year": 2009,
            "quarter": 4,
            "eps": null,
            "eps_growth_year": null,
            "eps_4q": null,
            "eps_4q_growth_year": null,
            "roe": null,
            "roe_4q": 0,
            "gross_profit": null,
            "gross_margin": null,
            "gross_margin_4q_avg": 0,
            "net_income": null,
            "revenue": null,
            "common_shares": null,
            "book_valuer_per_share": null,
            "book_valuer_per_share_4q_avg": 0,
            "equity": null,
            "current_ratio": null,
            "debt_ratio": null,
            "inventory_turnover_ratio": null,
            "account_receivable_turnover_ratio": null,
            "reinvestment_rate": null,
            "research_to_sale_ratio": null,
            "price_fair": 0,
            "eps_avg_yearly": 0,
            "eps_latest_yearly": 0,
            "eps_growth_yearly": 0
        },
        "20101": {
            "year_quarter": 20101,
            "year": 2010,
            "quarter": 1,
            "eps": null,
            "eps_growth_year": null,
            "eps_4q": null,
            "eps_4q_growth_year": null,
            "roe": null,
            "roe_4q": 0,
            "gross_profit": null,
            "gross_margin": null,
            "gross_margin_4q_avg": 0,
            "net_income": null,
            "revenue": null,
            "common_shares": null,
            "book_valuer_per_share": null,
            "book_valuer_per_share_4q_avg": 0,
            "equity": null,
            "current_ratio": null,
            "debt_ratio": null,
            "inventory_turnover_ratio": null,
            "account_receivable_turnover_ratio": null,
            "reinvestment_rate": null,
            "research_to_sale_ratio": null,
            "price_fair": 0,
            "eps_avg_yearly": 0,
            "eps_latest_yearly": 0,
            "eps_growth_yearly": 0
        },
        "20102": {
            "year_quarter": 20102,
            "year": 2010,
            "quarter": 2,
            "eps": null,
            "eps_growth_year": null,
            "eps_4q": null,
            "eps_4q_growth_year": null,
            "roe": null,
            "roe_4q": 0,
            "gross_profit": null,
            "gross_margin": null,
            "gross_margin_4q_avg": 0,
            "net_income": null,
            "revenue": null,
            "common_shares": null,
            "book_valuer_per_share": null,
            "book_valuer_per_share_4q_avg": 0,
            "equity": null,
            "current_ratio": null,
            "debt_ratio": null,
            "inventory_turnover_ratio": null,
            "account_receivable_turnover_ratio": null,
            "reinvestment_rate": null,
            "research_to_sale_ratio": null,
            "price_fair": 0,
            "eps_avg_yearly": 0,
            "eps_latest_yearly": 0,
            "eps_growth_yearly": 0
        },
        "20103": {
            "year_quarter": 20103,
            "year": 2010,
            "quarter": 3,
            "eps": null,
            "eps_growth_year": null,
            "eps_4q": null,
            "eps_4q_growth_year": null,
            "roe": null,
            "roe_4q": 0,
            "gross_profit": null,
            "gross_margin": null,
            "gross_margin_4q_avg": 0,
            "net_income": null,
            "revenue": null,
            "common_shares": null,
            "book_valuer_per_share": null,
            "book_valuer_per_share_4q_avg": 0,
            "equity": null,
            "current_ratio": null,
            "debt_ratio": null,
            "inventory_turnover_ratio": null,
            "account_receivable_turnover_ratio": null,
            "reinvestment_rate": null,
            "research_to_sale_ratio": null,
            "price_fair": 0,
            "eps_avg_yearly": 0,
            "eps_latest_yearly": 0,
            "eps_growth_yearly": 0
        },
        "20104": {
            "year_quarter": 20104,
            "year": 2010,
            "quarter": 4,
            "eps": null,
            "eps_growth_year": null,
            "eps_4q": null,
            "eps_4q_growth_year": null,
            "roe": null,
            "roe_4q": 0,
            "gross_profit": null,
            "gross_margin": null,
            "gross_margin_4q_avg": 0,
            "net_income": null,
            "revenue": null,
            "common_shares": 104,
            "book_valuer_per_share": 73629.62,
            "book_valuer_per_share_4q_avg": 18407.41,
            "equity": 773952,
            "current_ratio": 228.75,
            "debt_ratio": 35.35,
            "inventory_turnover_ratio": null,
            "account_receivable_turnover_ratio": null,
            "reinvestment_rate": null,
            "research_to_sale_ratio": null,
            "price_fair": 0,
            "eps_avg_yearly": 0,
            "eps_latest_yearly": 0,
            "eps_growth_yearly": 0
        },
        "20111": {
            "year_quarter": 20111,
            "year": 2011,
            "quarter": 1,
            "eps": null,
            "eps_growth_year": null,
            "eps_4q": null,
            "eps_4q_growth_year": null,
            "roe": null,
            "roe_4q": 0,
            "gross_profit": null,
            "gross_margin": null,
            "gross_margin_4q_avg": 0,
            "net_income": null,
            "revenue": null,
            "common_shares": null,
            "book_valuer_per_share": null,
            "book_valuer_per_share_4q_avg": 18407.41,
            "equity": null,
            "current_ratio": null,
            "debt_ratio": null,
            "inventory_turnover_ratio": null,
            "account_receivable_turnover_ratio": null,
            "reinvestment_rate": null,
            "research_to_sale_ratio": null,
            "price_fair": 0,
            "eps_avg_yearly": 0,
            "eps_latest_yearly": 0,
            "eps_growth_yearly": 0
        },
        "20112": {
            "year_quarter": 20112,
            "year": 2011,
            "quarter": 2,
            "eps": null,
            "eps_growth_year": null,
            "eps_4q": null,
            "eps_4q_growth_year": null,
            "roe": null,
            "roe_4q": 0,
            "gross_profit": null,
            "gross_margin": null,
            "gross_margin_4q_avg": 0,
            "net_income": null,
            "revenue": null,
            "common_shares": null,
            "book_valuer_per_share": null,
            "book_valuer_per_share_4q_avg": 18407.41,
            "equity": null,
            "current_ratio": null,
            "debt_ratio": null,
            "inventory_turnover_ratio": null,
            "account_receivable_turnover_ratio": null,
            "reinvestment_rate": null,
            "research_to_sale_ratio": null,
            "price_fair": 0,
            "eps_avg_yearly": 0,
            "eps_latest_yearly": 0,
            "eps_growth_yearly": 0
        },
        "20113": {
            "year_quarter": 20113,
            "year": 2011,
            "quarter": 3,
            "eps": null,
            "eps_growth_year": null,
            "eps_4q": null,
            "eps_4q_growth_year": null,
            "roe": null,
            "roe_4q": 0,
            "gross_profit": null,
            "gross_margin": null,
            "gross_margin_4q_avg": 0,
            "net_income": null,
            "revenue": null,
            "common_shares": null,
            "book_valuer_per_share": null,
            "book_valuer_per_share_4q_avg": 18407.41,
            "equity": null,
            "current_ratio": null,
            "debt_ratio": null,
            "inventory_turnover_ratio": null,
            "account_receivable_turnover_ratio": null,
            "reinvestment_rate": null,
            "research_to_sale_ratio": null,
            "price_fair": 0,
            "eps_avg_yearly": 0,
            "eps_latest_yearly": 0,
            "eps_growth_yearly": 0
        },
        "20114": {
            "year_quarter": 20114,
            "year": 2011,
            "quarter": 4,
            "eps": null,
            "eps_growth_year": null,
            "eps_4q": null,
            "eps_4q_growth_year": null,
            "roe": null,
            "roe_4q": 0,
            "gross_profit": null,
            "gross_margin": null,
            "gross_margin_4q_avg": 0,
            "net_income": null,
            "revenue": null,
            "common_shares": 104,
            "book_valuer_per_share": 124797.5,
            "book_valuer_per_share_4q_avg": 31199.38,
            "equity": 1311799,
            "current_ratio": 285.83,
            "debt_ratio": 28.64,
            "inventory_turnover_ratio": null,
            "account_receivable_turnover_ratio": null,
            "reinvestment_rate": null,
            "research_to_sale_ratio": null,
            "price_fair": 0,
            "eps_avg_yearly": 0,
            "eps_latest_yearly": 0,
            "eps_growth_yearly": 0
        },
        "20121": {
            "year_quarter": 20121,
            "year": 2012,
            "quarter": 1,
            "eps": null,
            "eps_growth_year": null,
            "eps_4q": null,
            "eps_4q_growth_year": null,
            "roe": null,
            "roe_4q": 0,
            "gross_profit": null,
            "gross_margin": null,
            "gross_margin_4q_avg": 0,
            "net_income": null,
            "revenue": null,
            "common_shares": null,
            "book_valuer_per_share": null,
            "book_valuer_per_share_4q_avg": 31199.38,
            "equity": null,
            "current_ratio": null,
            "debt_ratio": null,
            "inventory_turnover_ratio": null,
            "account_receivable_turnover_ratio": null,
            "reinvestment_rate": null,
            "research_to_sale_ratio": null,
            "price_fair": 0,
            "eps_avg_yearly": 0,
            "eps_latest_yearly": 0,
            "eps_growth_yearly": 0
        },
        "20122": {
            "year_quarter": 20122,
            "year": 2012,
            "quarter": 2,
            "eps": null,
            "eps_growth_year": null,
            "eps_4q": null,
            "eps_4q_growth_year": null,
            "roe": null,
            "roe_4q": 0,
            "gross_profit": null,
            "gross_margin": null,
            "gross_margin_4q_avg": 0,
            "net_income": null,
            "revenue": null,
            "common_shares": 0,
            "book_valuer_per_share": null,
            "book_valuer_per_share_4q_avg": 31199.38,
            "equity": 1518922,
            "current_ratio": null,
            "debt_ratio": null,
            "inventory_turnover_ratio": null,
            "account_receivable_turnover_ratio": null,
            "reinvestment_rate": null,
            "research_to_sale_ratio": null,
            "price_fair": 0,
            "eps_avg_yearly": 0,
            "eps_latest_yearly": 0,
            "eps_growth_yearly": 0
        },
        "20123": {
            "year_quarter": 20123,
            "year": 2012,
            "quarter": 3,
            "eps": null,
            "eps_growth_year": null,
            "eps_4q": null,
            "eps_4q_growth_year": null,
            "roe": null,
            "roe_4q": 0,
            "gross_profit": 193584,
            "gross_margin": null,
            "gross_margin_4q_avg": 0,
            "net_income": 145473,
            "revenue": 588133,
            "common_shares": 0,
            "book_valuer_per_share": null,
            "book_valuer_per_share_4q_avg": 31199.38,
            "equity": 1615361,
            "current_ratio": null,
            "debt_ratio": null,
            "inventory_turnover_ratio": null,
            "account_receivable_turnover_ratio": null,
            "reinvestment_rate": null,
            "research_to_sale_ratio": null,
            "price_fair": 0,
            "eps_avg_yearly": 0,
            "eps_latest_yearly": 0,
            "eps_growth_yearly": 0
        },
        "20124": {
            "year_quarter": 20124,
            "year": 2012,
            "quarter": 4,
            "eps": null,
            "eps_growth_year": null,
            "eps_4q": null,
            "eps_4q_growth_year": null,
            "roe": null,
            "roe_4q": 0,
            "gross_profit": 477115,
            "gross_margin": null,
            "gross_margin_4q_avg": 0,
            "net_income": 341251,
            "revenue": 1342385,
            "common_shares": 600000,
            "book_valuer_per_share": 29.86,
            "book_valuer_per_share_4q_avg": 7.47,
            "equity": 1810591,
            "current_ratio": 569.37,
            "debt_ratio": 14.85,
            "inventory_turnover_ratio": null,
            "account_receivable_turnover_ratio": null,
            "reinvestment_rate": null,
            "research_to_sale_ratio": null,
            "price_fair": 0,
            "eps_avg_yearly": 0,
            "eps_latest_yearly": 0,
            "eps_growth_yearly": 0
        },
        "20131": {
            "year_quarter": 20131,
            "year": 2013,
            "quarter": 1,
            "eps": null,
            "eps_growth_year": null,
            "eps_4q": null,
            "eps_4q_growth_year": null,
            "roe": null,
            "roe_4q": 0,
            "gross_profit": 178685,
            "gross_margin": null,
            "gross_margin_4q_avg": 0,
            "net_income": 134218,
            "revenue": 519725,
            "common_shares": 722449,
            "book_valuer_per_share": 35.65,
            "book_valuer_per_share_4q_avg": 16.38,
            "equity": 2575364,
            "current_ratio": 567.01,
            "debt_ratio": 15.76,
            "inventory_turnover_ratio": null,
            "account_receivable_turnover_ratio": null,
            "reinvestment_rate": null,
            "research_to_sale_ratio": null,
            "price_fair": 0,
            "eps_avg_yearly": 0,
            "eps_latest_yearly": 0,
            "eps_growth_yearly": 0
        },
        "20132": {
            "year_quarter": 20132,
            "year": 2013,
            "quarter": 2,
            "eps": 2.17,
            "eps_growth_year": null,
            "eps_4q": 2.17,
            "eps_4q_growth_year": null,
            "roe": 5.87,
            "roe_4q": 5.87,
            "gross_profit": 229935,
            "gross_margin": 36.36,
            "gross_margin_4q_avg": 9.09,
            "net_income": 157025,
            "revenue": 632358,
            "common_shares": 722449,
            "book_valuer_per_share": 38.39,
            "book_valuer_per_share_4q_avg": 25.98,
            "equity": 2773262,
            "current_ratio": 587.7,
            "debt_ratio": 15.21,
            "inventory_turnover_ratio": 14.7,
            "account_receivable_turnover_ratio": 1.35,
            "reinvestment_rate": null,
            "research_to_sale_ratio": null,
            "price_fair": 0,
            "eps_avg_yearly": 0,
            "eps_latest_yearly": 0,
            "eps_growth_yearly": 0
        },
        "20133": {
            "year_quarter": 20133,
            "year": 2013,
            "quarter": 3,
            "eps": 2.82,
            "eps_growth_year": null,
            "eps_4q": 5,
            "eps_4q_growth_year": null,
            "roe": 7.14,
            "roe_4q": 13.01,
            "gross_profit": 275627,
            "gross_margin": 38.18,
            "gross_margin_4q_avg": 18.64,
            "net_income": 203903,
            "revenue": 721971,
            "common_shares": 722449,
            "book_valuer_per_share": 40.65,
            "book_valuer_per_share_4q_avg": 36.14,
            "equity": 2937012,
            "current_ratio": 580.88,
            "debt_ratio": 15.54,
            "inventory_turnover_ratio": 15.89,
            "account_receivable_turnover_ratio": 0.76,
            "reinvestment_rate": null,
            "research_to_sale_ratio": 0.64,
            "price_fair": 394.8,
            "eps_avg_yearly": 11.28,
            "eps_latest_yearly": 11.28,
            "eps_growth_yearly": 119.82
        },
        "20134": {
            "year_quarter": 20134,
            "year": 2013,
            "quarter": 4,
            "eps": 2.85,
            "eps_growth_year": null,
            "eps_4q": 7.85,
            "eps_4q_growth_year": null,
            "roe": 6.72,
            "roe_4q": 19.73,
            "gross_profit": 288260,
            "gross_margin": 36.05,
            "gross_margin_4q_avg": 27.65,
            "net_income": 206233,
            "revenue": 799603,
            "common_shares": 722449,
            "book_valuer_per_share": 44.35,
            "book_valuer_per_share_4q_avg": 39.76,
            "equity": 3204345,
            "current_ratio": 571.93,
            "debt_ratio": 16.12,
            "inventory_turnover_ratio": 19.28,
            "account_receivable_turnover_ratio": 0.76,
            "reinvestment_rate": null,
            "research_to_sale_ratio": 0.53,
            "price_fair": 396.9,
            "eps_avg_yearly": 11.34,
            "eps_latest_yearly": 11.4,
            "eps_growth_yearly": 62.04
        },
        "20141": {
            "year_quarter": 20141,
            "year": 2014,
            "quarter": 1,
            "eps": 2.39,
            "eps_growth_year": null,
            "eps_4q": 9.42,
            "eps_4q_growth_year": null,
            "roe": 4.96,
            "roe_4q": 24.69,
            "gross_profit": 180694,
            "gross_margin": 34.9,
            "gross_margin_4q_avg": 36.37,
            "net_income": 189937,
            "revenue": 517764,
            "common_shares": 803449,
            "book_valuer_per_share": 55.49,
            "book_valuer_per_share_4q_avg": 44.72,
            "equity": 4458412,
            "current_ratio": 1035.37,
            "debt_ratio": 9.24,
            "inventory_turnover_ratio": 13.72,
            "account_receivable_turnover_ratio": 0.52,
            "reinvestment_rate": null,
            "research_to_sale_ratio": 1.02,
            "price_fair": 320.64,
            "eps_avg_yearly": 10.75,
            "eps_latest_yearly": 9.56,
            "eps_growth_yearly": 19.84
        },
        "20142": {
            "year_quarter": 20142,
            "year": 2014,
            "quarter": 2,
            "eps": 2.83,
            "eps_growth_year": 30.2,
            "eps_4q": 9.36,
            "eps_4q_growth_year": 330.69,
            "roe": 5.2,
            "roe_4q": 24.02,
            "gross_profit": 303366,
            "gross_margin": 37.55,
            "gross_margin_4q_avg": 36.67,
            "net_income": 227248,
            "revenue": 807863,
            "common_shares": 803449,
            "book_valuer_per_share": 53.29,
            "book_valuer_per_share_4q_avg": 48.45,
            "equity": 4281198,
            "current_ratio": 559.35,
            "debt_ratio": 17.05,
            "inventory_turnover_ratio": 15.86,
            "account_receivable_turnover_ratio": 0.83,
            "reinvestment_rate": null,
            "research_to_sale_ratio": 0.51,
            "price_fair": 381.15,
            "eps_avg_yearly": 10.89,
            "eps_latest_yearly": 11.32,
            "eps_growth_yearly": 33.29
        },
        "20143": {
            "year_quarter": 20143,
            "year": 2014,
            "quarter": 3,
            "eps": 2.76,
            "eps_growth_year": -2.13,
            "eps_4q": 9.82,
            "eps_4q_growth_year": 96.52,
            "roe": 5.48,
            "roe_4q": 22.36,
            "gross_profit": 320136,
            "gross_margin": 38.1,
            "gross_margin_4q_avg": 36.65,
            "net_income": 244269,
            "revenue": 840208,
            "common_shares": 883794,
            "book_valuer_per_share": 52.48,
            "book_valuer_per_share_4q_avg": 51.4,
            "equity": 4638237,
            "current_ratio": 807.3,
            "debt_ratio": 11.87,
            "inventory_turnover_ratio": 13.85,
            "account_receivable_turnover_ratio": 0.74,
            "reinvestment_rate": null,
            "research_to_sale_ratio": 0.5,
            "price_fair": 378.39,
            "eps_avg_yearly": 10.92,
            "eps_latest_yearly": 11.04,
            "eps_growth_yearly": 24.65
        },
        "20144": {
            "year_quarter": 20144,
            "year": 2014,
            "quarter": 4,
            "eps": 3.09,
            "eps_growth_year": 8.13,
            "eps_4q": 10.57,
            "eps_4q_growth_year": 34.65,
            "roe": 5.62,
            "roe_4q": 21.26,
            "gross_profit": 354867,
            "gross_margin": 38.21,
            "gross_margin_4q_avg": 37.19,
            "net_income": 272802,
            "revenue": 928670,
            "common_shares": 883794,
            "book_valuer_per_share": 57.31,
            "book_valuer_per_share_4q_avg": 54.64,
            "equity": 5064904,
            "current_ratio": 860.32,
            "debt_ratio": 11.14,
            "inventory_turnover_ratio": 20.07,
            "account_receivable_turnover_ratio": 0.75,
            "reinvestment_rate": null,
            "research_to_sale_ratio": 0.53,
            "price_fair": 390.6,
            "eps_avg_yearly": 11.16,
            "eps_latest_yearly": 12.36,
            "eps_growth_yearly": 28.51
        },
        "20151": {
            "year_quarter": 20151,
            "year": 2015,
            "quarter": 1,
            "eps": 1.74,
            "eps_growth_year": -27.2,
            "eps_4q": 10.16,
            "eps_4q_growth_year": 7.79,
            "roe": 3,
            "roe_4q": 19.3,
            "gross_profit": 204541,
            "gross_margin": 34.55,
            "gross_margin_4q_avg": 37.1,
            "net_income": 153403,
            "revenue": 592056,
            "common_shares": 883794,
            "book_valuer_per_share": 58.5,
            "book_valuer_per_share_4q_avg": 55.4,
            "equity": 5170441,
            "current_ratio": 1056.99,
            "debt_ratio": 9.08,
            "inventory_turnover_ratio": 11.55,
            "account_receivable_turnover_ratio": 0.53,
            "reinvestment_rate": null,
            "research_to_sale_ratio": 0.95,
            "price_fair": 31.68,
            "eps_avg_yearly": 10.56,
            "eps_latest_yearly": 6.96,
            "eps_growth_yearly": -0.53
        },
        "20152": {
            "year_quarter": 20152,
            "year": 2015,
            "quarter": 2,
            "eps": 2.51,
            "eps_growth_year": -11.31,
            "eps_4q": 7.77,
            "eps_4q_growth_year": -17.03,
            "roe": 4.3,
            "roe_4q": 18.4,
            "gross_profit": 284483,
            "gross_margin": 34.11,
            "gross_margin_4q_avg": 36.24,
            "net_income": 221916,
            "revenue": 834023,
            "common_shares": 883794,
            "book_valuer_per_share": 58.19,
            "book_valuer_per_share_4q_avg": 56.62,
            "equity": 5142769,
            "current_ratio": 700.66,
            "debt_ratio": 13.68,
            "inventory_turnover_ratio": 10.92,
            "account_receivable_turnover_ratio": 0.8,
            "reinvestment_rate": null,
            "research_to_sale_ratio": 0.66,
            "price_fair": 332.35,
            "eps_avg_yearly": 10.5,
            "eps_latest_yearly": 10.04,
            "eps_growth_yearly": 21.67
        },
        "20153": {
            "year_quarter": 20153,
            "year": 2015,
            "quarter": 3,
            "eps": 2.3,
            "eps_growth_year": -16.67,
            "eps_4q": 7.94,
            "eps_4q_growth_year": -19.12,
            "roe": 4.91,
            "roe_4q": 17.830000000000002,
            "gross_profit": 278647,
            "gross_margin": 32.7,
            "gross_margin_4q_avg": 34.89,
            "net_income": 264154,
            "revenue": 852023,
            "common_shares": 1148932,
            "book_valuer_per_share": 48.95,
            "book_valuer_per_share_4q_avg": 55.74,
            "equity": 5624325,
            "current_ratio": 866.56,
            "debt_ratio": 11.11,
            "inventory_turnover_ratio": 10.77,
            "account_receivable_turnover_ratio": 0.71,
            "reinvestment_rate": null,
            "research_to_sale_ratio": 0.74,
            "price_fair": 264.38,
            "eps_avg_yearly": 10.35,
            "eps_latest_yearly": 9.2,
            "eps_growth_yearly": 15.54
        },
        "20154": {
            "year_quarter": 20154,
            "year": 2015,
            "quarter": 4,
            "eps": 1.94,
            "eps_growth_year": -37.02,
            "eps_4q": 7.51,
            "eps_4q_growth_year": -28.96,
            "roe": 3.96,
            "roe_4q": 16.17,
            "gross_profit": 298039,
            "gross_margin": 32.4,
            "gross_margin_4q_avg": 33.44,
            "net_income": 223340,
            "revenue": 919918,
            "common_shares": 1148932,
            "book_valuer_per_share": 49.15,
            "book_valuer_per_share_4q_avg": 53.7,
            "equity": 5647499,
            "current_ratio": 832.87,
            "debt_ratio": 11.63,
            "inventory_turnover_ratio": 14.43,
            "account_receivable_turnover_ratio": 0.73,
            "reinvestment_rate": null,
            "research_to_sale_ratio": 0.6,
            "price_fair": 178.89,
            "eps_avg_yearly": 10.09,
            "eps_latest_yearly": 7.76,
            "eps_growth_yearly": 7.73
        },
        "20161": {
            "year_quarter": 20161,
            "year": 2016,
            "quarter": 1,
            "eps": 1.51,
            "eps_growth_year": -13.22,
            "eps_4q": 7.68,
            "eps_4q_growth_year": -24.37,
            "roe": 3.03,
            "roe_4q": 16.2,
            "gross_profit": 220620,
            "gross_margin": 33.09,
            "gross_margin_4q_avg": 33.08,
            "net_income": 173201,
            "revenue": 666825,
            "common_shares": 1148932,
            "book_valuer_per_share": 50.41,
            "book_valuer_per_share_4q_avg": 51.68,
            "equity": 5792024,
            "current_ratio": 997.3,
            "debt_ratio": 8.94,
            "inventory_turnover_ratio": 12.29,
            "account_receivable_turnover_ratio": 0.58,
            "reinvestment_rate": null,
            "research_to_sale_ratio": 0.91,
            "price_fair": 29.17,
            "eps_avg_yearly": 9.72,
            "eps_latest_yearly": 6.04,
            "eps_growth_yearly": -1.04
        },
        "20162": {
            "year_quarter": 20162,
            "year": 2016,
            "quarter": 2,
            "eps": 2.37,
            "eps_growth_year": -5.58,
            "eps_4q": 8.12,
            "eps_4q_growth_year": 4.58,
            "roe": 4.7,
            "roe_4q": 16.6,
            "gross_profit": 324704,
            "gross_margin": 35.44,
            "gross_margin_4q_avg": 33.41,
            "net_income": 272597,
            "revenue": 916238,
            "common_shares": 1148932,
            "book_valuer_per_share": 50.45,
            "book_valuer_per_share_4q_avg": 49.74,
            "equity": 5795967,
            "current_ratio": 693.33,
            "debt_ratio": 12.77,
            "inventory_turnover_ratio": 12.76,
            "account_receivable_turnover_ratio": 0.81,
            "reinvestment_rate": -0.08,
            "research_to_sale_ratio": 0.58,
            "price_fair": 272.03,
            "eps_avg_yearly": 9.7,
            "eps_latest_yearly": 9.48,
            "eps_growth_yearly": 18.03
        },
        "20163": {
            "year_quarter": 20163,
            "year": 2016,
            "quarter": 3,
            "eps": 2.18,
            "eps_growth_year": -5.22,
            "eps_4q": 8,
            "eps_4q_growth_year": 0.81,
            "roe": 4.3,
            "roe_4q": 15.989999999999998,
            "gross_profit": 310978,
            "gross_margin": 35.98,
            "gross_margin_4q_avg": 34.23,
            "net_income": 250532,
            "revenue": 864278,
            "common_shares": 1148932,
            "book_valuer_per_share": 51.01,
            "book_valuer_per_share_4q_avg": 50.26,
            "equity": 5860348,
            "current_ratio": 1040.67,
            "debt_ratio": 8.42,
            "inventory_turnover_ratio": 11.02,
            "account_receivable_turnover_ratio": 0.73,
            "reinvestment_rate": 2.44,
            "research_to_sale_ratio": 0.71,
            "price_fair": 232.8,
            "eps_avg_yearly": 9.63,
            "eps_latest_yearly": 8.72,
            "eps_growth_yearly": 14.18
        },
        "20164": {
            "year_quarter": 20164,
            "year": 2016,
            "quarter": 4,
            "eps": 1.62,
            "eps_growth_year": -16.83,
            "eps_4q": 7.68,
            "eps_4q_growth_year": 2.23,
            "roe": 3.15,
            "roe_4q": 15.179999999999998,
            "gross_profit": 271392,
            "gross_margin": 31.74,
            "gross_margin_4q_avg": 34.06,
            "net_income": 185761,
            "revenue": 855071,
            "common_shares": 1148932,
            "book_valuer_per_share": 51.8,
            "book_valuer_per_share_4q_avg": 50.92,
            "equity": 5951618,
            "current_ratio": 1121.81,
            "debt_ratio": 7.76,
            "inventory_turnover_ratio": 16.74,
            "account_receivable_turnover_ratio": 0.79,
            "reinvestment_rate": 7.06,
            "research_to_sale_ratio": 1.27,
            "price_fair": 148.83,
            "eps_avg_yearly": 9.4,
            "eps_latest_yearly": 6.48,
            "eps_growth_yearly": 5.83
        },
        "20171": {
            "year_quarter": 20171,
            "year": 2017,
            "quarter": 1,
            "eps": 0.81,
            "eps_growth_year": -46.36,
            "eps_4q": 6.98,
            "eps_4q_growth_year": -9.08,
            "roe": 1.6,
            "roe_4q": 13.75,
            "gross_profit": 141043,
            "gross_margin": 27.15,
            "gross_margin_4q_avg": 32.58,
            "net_income": 93599,
            "revenue": 519496,
            "common_shares": 1148932,
            "book_valuer_per_share": 50.24,
            "book_valuer_per_share_4q_avg": 50.88,
            "equity": 5771992,
            "current_ratio": 1797.65,
            "debt_ratio": 4.65,
            "inventory_turnover_ratio": 9.81,
            "account_receivable_turnover_ratio": 0.6,
            "reinvestment_rate": 11.05,
            "research_to_sale_ratio": 3.37,
            "price_fair": 26.98,
            "eps_avg_yearly": 8.99,
            "eps_latest_yearly": 3.24,
            "eps_growth_yearly": -7.89
        },
        "20172": {
            "year_quarter": 20172,
            "year": 2017,
            "quarter": 2,
            "eps": 2.13,
            "eps_growth_year": -10.13,
            "eps_4q": 6.13,
            "eps_4q_growth_year": -24.57,
            "roe": 4.16,
            "roe_4q": 13.21,
            "gross_profit": 340926,
            "gross_margin": 34.49,
            "gross_margin_4q_avg": 32.34,
            "net_income": 244528,
            "revenue": 988448,
            "common_shares": 1148932,
            "book_valuer_per_share": 52.07,
            "book_valuer_per_share_4q_avg": 51.28,
            "equity": 5982441,
            "current_ratio": 838.38,
            "debt_ratio": 10.01,
            "inventory_turnover_ratio": 9.96,
            "account_receivable_turnover_ratio": 1.01,
            "reinvestment_rate": 10.65,
            "research_to_sale_ratio": 3.96,
            "price_fair": 313.69,
            "eps_avg_yearly": 8.96,
            "eps_latest_yearly": 8.52,
            "eps_growth_yearly": 33.34
        },
        "20173": {
            "year_quarter": 20173,
            "year": 2017,
            "quarter": 3,
            "eps": 2.21,
            "eps_growth_year": 1.38,
            "eps_4q": 6.36,
            "eps_4q_growth_year": -20.58,
            "roe": 4.53,
            "roe_4q": 13.440000000000001,
            "gross_profit": 377235,
            "gross_margin": 36.79,
            "gross_margin_4q_avg": 32.54,
            "net_income": 279505,
            "revenue": 1025422,
            "common_shares": 1263825,
            "book_valuer_per_share": 50.25,
            "book_valuer_per_share_4q_avg": 51.09,
            "equity": 6350615,
            "current_ratio": 1065.08,
            "debt_ratio": 7.96,
            "inventory_turnover_ratio": 9.26,
            "account_receivable_turnover_ratio": 0.8,
            "reinvestment_rate": 11.15,
            "research_to_sale_ratio": 2.4,
            "price_fair": 308.35,
            "eps_avg_yearly": 8.81,
            "eps_latest_yearly": 8.84,
            "eps_growth_yearly": 26.79
        },
        "20174": {
            "year_quarter": 20174,
            "year": 2017,
            "quarter": 4,
            "eps": 1.72,
            "eps_growth_year": 6.46,
            "eps_4q": 6.61,
            "eps_4q_growth_year": -13.93,
            "roe": 3.36,
            "roe_4q": 13.65,
            "gross_profit": 312248,
            "gross_margin": 35.76,
            "gross_margin_4q_avg": 33.55,
            "net_income": 217535,
            "revenue": 873138,
            "common_shares": 1263825,
            "book_valuer_per_share": 52.13,
            "book_valuer_per_share_4q_avg": 51.17,
            "equity": 6588396,
            "current_ratio": 1447.79,
            "debt_ratio": 5.85,
            "inventory_turnover_ratio": 11.13,
            "account_receivable_turnover_ratio": 0.72,
            "reinvestment_rate": 13.62,
            "research_to_sale_ratio": 3.93,
            "price_fair": 264.2,
            "eps_avg_yearly": 8.53,
            "eps_latest_yearly": 6.88,
            "eps_growth_yearly": 20.98
        },
        "20181": {
            "year_quarter": 20181,
            "year": 2018,
            "quarter": 1,
            "eps": 0.58,
            "eps_growth_year": -28.4,
            "eps_4q": 6.45,
            "eps_4q_growth_year": -7.66,
            "roe": 1.1,
            "roe_4q": 13.15,
            "gross_profit": 140315,
            "gross_margin": 28.59,
            "gross_margin_4q_avg": 33.91,
            "net_income": 73508,
            "revenue": 490794,
            "common_shares": 1263825,
            "book_valuer_per_share": 53.65,
            "book_valuer_per_share_4q_avg": 52.03,
            "equity": 6780824,
            "current_ratio": 2216.37,
            "debt_ratio": 3.7,
            "inventory_turnover_ratio": 7.88,
            "account_receivable_turnover_ratio": 0.54,
            "reinvestment_rate": 17.35,
            "research_to_sale_ratio": 8.99,
            "price_fair": 148.96,
            "eps_avg_yearly": 8.08,
            "eps_latest_yearly": 2.32,
            "eps_growth_yearly": 8.45
        },
        "20182": {
            "year_quarter": 20182,
            "year": 2018,
            "quarter": 2,
            "eps": 0.8,
            "eps_growth_year": -62.44,
            "eps_4q": 4.83,
            "eps_4q_growth_year": -21.11,
            "roe": 1.5,
            "roe_4q": 10.49,
            "gross_profit": 142878,
            "gross_margin": 19.08,
            "gross_margin_4q_avg": 30.06,
            "net_income": 101514,
            "revenue": 748824,
            "common_shares": 1263825,
            "book_valuer_per_share": 53.53,
            "book_valuer_per_share_4q_avg": 52.39,
            "equity": 6764726,
            "current_ratio": 1233.34,
            "debt_ratio": 6.58,
            "inventory_turnover_ratio": 10.86,
            "account_receivable_turnover_ratio": 0.93,
            "reinvestment_rate": 20.24,
            "research_to_sale_ratio": 2.74,
            "price_fair": 176.53,
            "eps_avg_yearly": 7.57,
            "eps_latest_yearly": 3.2,
            "eps_growth_yearly": 13.33
        },
        "20183": {
            "year_quarter": 20183,
            "year": 2018,
            "quarter": 3,
            "eps": 0.21,
            "eps_growth_year": -90.5,
            "eps_4q": 3.03,
            "eps_4q_growth_year": -52.33,
            "roe": 0.43,
            "roe_4q": 6.390000000000001,
            "gross_profit": 73651,
            "gross_margin": 14.68,
            "gross_margin_4q_avg": 24.53,
            "net_income": 28758,
            "revenue": 501627,
            "common_shares": 1390208,
            "book_valuer_per_share": 47.21,
            "book_valuer_per_share_4q_avg": 51.63,
            "equity": 6562936,
            "current_ratio": 1798.57,
            "debt_ratio": 4.52,
            "inventory_turnover_ratio": 8.35,
            "account_receivable_turnover_ratio": 0.66,
            "reinvestment_rate": 22.19,
            "research_to_sale_ratio": 7.04,
            "price_fair": 20.79,
            "eps_avg_yearly": 6.93,
            "eps_latest_yearly": 0.84,
            "eps_growth_yearly": -4.49
        },
        "20184": {
            "year_quarter": 20184,
            "year": 2018,
            "quarter": 4,
            "eps": -0.5,
            "eps_growth_year": -128.87,
            "eps_4q": 0.97,
            "eps_4q_growth_year": -85.34,
            "roe": -1.05,
            "roe_4q": 1.98,
            "gross_profit": -7484,
            "gross_margin": -2.26,
            "gross_margin_4q_avg": 15.02,
            "net_income": -69081,
            "revenue": 330744,
            "common_shares": 1390208,
            "book_valuer_per_share": 47.11,
            "book_valuer_per_share_4q_avg": 50.38,
            "equity": 6549928,
            "current_ratio": 2239.36,
            "debt_ratio": 3.51,
            "inventory_turnover_ratio": 10.88,
            "account_receivable_turnover_ratio": 0.63,
            "reinvestment_rate": 26.86,
            "research_to_sale_ratio": 13.44,
            "price_fair": 19.7,
            "eps_avg_yearly": 6.57,
            "eps_latest_yearly": 0.84,
            "eps_growth_yearly": -7.98
        },
        "20191": {
            "year_quarter": 20191,
            "year": 2019,
            "quarter": 1,
            "eps": -0.27,
            "eps_growth_year": -146.55,
            "eps_4q": 0.17,
            "eps_4q_growth_year": -97.3,
            "roe": -0.56,
            "roe_4q": 0.31999999999999984,
            "gross_profit": -17761,
            "gross_margin": -5.56,
            "gross_margin_4q_avg": 6.49,
            "net_income": -37023,
            "revenue": 319319,
            "common_shares": 1390208,
            "book_valuer_per_share": 47.99,
            "book_valuer_per_share_4q_avg": 48.96,
            "equity": 6670966,
            "current_ratio": 1803.62,
            "debt_ratio": 5.12,
            "inventory_turnover_ratio": 10.69,
            "account_receivable_turnover_ratio": 0.78,
            "reinvestment_rate": 32.6,
            "research_to_sale_ratio": 3.26,
            "price_fair": 91.12,
            "eps_avg_yearly": 6.54,
            "eps_latest_yearly": 0.84,
            "eps_growth_yearly": 3.93
        },
        "20192": {
            "year_quarter": 20192,
            "year": 2019,
            "quarter": 2,
            "eps": -0.52,
            "eps_growth_year": -165,
            "eps_4q": -0.98,
            "eps_4q_growth_year": -120.29,
            "roe": -1.1,
            "roe_4q": -2.28,
            "gross_profit": -43340,
            "gross_margin": -13.18,
            "gross_margin_4q_avg": -1.58,
            "net_income": -72675,
            "revenue": 328830,
            "common_shares": 1390208,
            "book_valuer_per_share": 46.65,
            "book_valuer_per_share_4q_avg": 47.24,
            "equity": 6485126,
            "current_ratio": 1861.55,
            "debt_ratio": 4.74,
            "inventory_turnover_ratio": 7.67,
            "account_receivable_turnover_ratio": 0.8,
            "reinvestment_rate": 38.37,
            "research_to_sale_ratio": 7.56,
            "price_fair": 18.81,
            "eps_avg_yearly": 6.27,
            "eps_latest_yearly": 0.84,
            "eps_growth_yearly": -9.38
        },
        "20193": {
            "year_quarter": 20193,
            "year": 2019,
            "quarter": 3,
            "eps": -0.68,
            "eps_growth_year": -423.81,
            "eps_4q": -1.85,
            "eps_4q_growth_year": -161.1,
            "roe": -1.65,
            "roe_4q": -4.36,
            "gross_profit": -71546,
            "gross_margin": -31.01,
            "gross_margin_4q_avg": -13,
            "net_income": -104399,
            "revenue": 230740,
            "common_shares": 1529229,
            "book_valuer_per_share": 40.14,
            "book_valuer_per_share_4q_avg": 45.47,
            "equity": 6138437,
            "current_ratio": 2085.25,
            "debt_ratio": 4.25,
            "inventory_turnover_ratio": 7.83,
            "account_receivable_turnover_ratio": 0.65,
            "reinvestment_rate": 50.74,
            "research_to_sale_ratio": 10.09,
            "price_fair": 18.08,
            "eps_avg_yearly": 6.03,
            "eps_latest_yearly": 0.84,
            "eps_growth_yearly": -7.37
        },
        "20194": {
            "year_quarter": 20194,
            "year": 2019,
            "quarter": 4,
            "eps": -1.47,
            "eps_growth_year": null,
            "eps_4q": -2.87,
            "eps_4q_growth_year": -395.83,
            "roe": -3.74,
            "roe_4q": -7.050000000000001,
            "gross_profit": -81208,
            "gross_margin": -29.2,
            "gross_margin_4q_avg": -19.74,
            "net_income": -224227,
            "revenue": 278134,
            "common_shares": 1529229,
            "book_valuer_per_share": 38.3,
            "book_valuer_per_share_4q_avg": 43.27,
            "equity": 5856894,
            "current_ratio": 1846.7,
            "debt_ratio": 4.34,
            "inventory_turnover_ratio": 15.89,
            "account_receivable_turnover_ratio": 0.93,
            "reinvestment_rate": 73.34,
            "research_to_sale_ratio": 8.24,
            "price_fair": 17.61,
            "eps_avg_yearly": 5.87,
            "eps_latest_yearly": 0.84,
            "eps_growth_yearly": -2.35
        },
        "20201": {
            "year_quarter": 20201,
            "year": 2020,
            "quarter": 1,
            "eps": -0.58,
            "eps_growth_year": null,
            "eps_4q": -3.2,
            "eps_4q_growth_year": -1943.06,
            "roe": -1.53,
            "roe_4q": -8.02,
            "gross_profit": -66578,
            "gross_margin": -70.55,
            "gross_margin_4q_avg": -35.99,
            "net_income": -88672,
            "revenue": 94371,
            "common_shares": 1529229,
            "book_valuer_per_share": 37.28,
            "book_valuer_per_share_4q_avg": 40.59,
            "equity": 5701329,
            "current_ratio": 3021.38,
            "debt_ratio": 2.87,
            "inventory_turnover_ratio": 9.07,
            "account_receivable_turnover_ratio": 0.44,
            "reinvestment_rate": 83.48,
            "research_to_sale_ratio": 11.96,
            "price_fair": 95.26,
            "eps_avg_yearly": 5.85,
            "eps_latest_yearly": 0.84,
            "eps_growth_yearly": 6.28
        },
        "20202": {
            "year_quarter": 20202,
            "year": 2020,
            "quarter": 2,
            "eps": -0.54,
            "eps_growth_year": null,
            "eps_4q": -3.27,
            "eps_4q_growth_year": null,
            "roe": -1.48,
            "roe_4q": -8.4,
            "gross_profit": -54267,
            "gross_margin": -32.85,
            "gross_margin_4q_avg": -40.9,
            "net_income": -82999,
            "revenue": 165210,
            "common_shares": 1529229,
            "book_valuer_per_share": 36.18,
            "book_valuer_per_share_4q_avg": 37.98,
            "equity": 5532948,
            "current_ratio": 2164.49,
            "debt_ratio": 3.46,
            "inventory_turnover_ratio": 11.43,
            "account_receivable_turnover_ratio": 1.1,
            "reinvestment_rate": 124.91,
            "research_to_sale_ratio": 7.39,
            "price_fair": 16.35,
            "eps_avg_yearly": 5.45,
            "eps_latest_yearly": 0.84,
            "eps_growth_yearly": -18.34
        },
        "20203": {
            "year_quarter": 20203,
            "year": 2020,
            "quarter": 3,
            "eps": -0.66,
            "eps_growth_year": null,
            "eps_4q": -3.25,
            "eps_4q_growth_year": null,
            "roe": -1.81,
            "roe_4q": -8.56,
            "gross_profit": -69948,
            "gross_margin": -32.55,
            "gross_margin_4q_avg": -41.29,
            "net_income": -100403,
            "revenue": 214924,
            "common_shares": 1529229,
            "book_valuer_per_share": 36.2,
            "book_valuer_per_share_4q_avg": 36.99,
            "equity": 5535204,
            "current_ratio": 1948.32,
            "debt_ratio": 3.71,
            "inventory_turnover_ratio": 13.23,
            "account_receivable_turnover_ratio": 1.02,
            "reinvestment_rate": 212.81,
            "research_to_sale_ratio": 6.78,
            "price_fair": 15.12,
            "eps_avg_yearly": 5.04,
            "eps_latest_yearly": 0.84,
            "eps_growth_yearly": -16.62
        },
        "20204": {
            "year_quarter": 20204,
            "year": 2020,
            "quarter": 4,
            "eps": -0.77,
            "eps_growth_year": null,
            "eps_4q": -2.55,
            "eps_4q_growth_year": null,
            "roe": -2.15,
            "roe_4q": -6.97,
            "gross_profit": -68906,
            "gross_margin": -37.88,
            "gross_margin_4q_avg": -43.46,
            "net_income": -117668,
            "revenue": 181901,
            "common_shares": 1529229,
            "book_valuer_per_share": 35.46,
            "book_valuer_per_share_4q_avg": 36.28,
            "equity": 5421970,
            "current_ratio": 2461.02,
            "debt_ratio": 2.58,
            "inventory_turnover_ratio": 15.18,
            "account_receivable_turnover_ratio": 0.86,
            "reinvestment_rate": 673.69,
            "research_to_sale_ratio": 7.99,
            "price_fair": 14.5,
            "eps_avg_yearly": 4.83,
            "eps_latest_yearly": 0.84,
            "eps_growth_yearly": -4.31
        },
        "20211": {
            "year_quarter": 20211,
            "year": 2021,
            "quarter": 1,
            "eps": -0.48,
            "eps_growth_year": null,
            "eps_4q": -2.45,
            "eps_4q_growth_year": null,
            "roe": -1.35,
            "roe_4q": -6.790000000000001,
            "gross_profit": -57491,
            "gross_margin": -48.13,
            "gross_margin_4q_avg": -37.85,
            "net_income": -73048,
            "revenue": 119459,
            "common_shares": 1529229,
            "book_valuer_per_share": 35.4,
            "book_valuer_per_share_4q_avg": 35.81,
            "equity": 5413627,
            "current_ratio": 2076.88,
            "debt_ratio": 3,
            "inventory_turnover_ratio": 13.16,
            "account_receivable_turnover_ratio": 0.87,
            "reinvestment_rate": null,
            "research_to_sale_ratio": 11.42,
            "price_fair": 178.5,
            "eps_avg_yearly": 5.1,
            "eps_latest_yearly": 0.84,
            "eps_growth_yearly": 28.3
        },
        "20212": {
            "year_quarter": 20212,
            "year": 2021,
            "quarter": 2,
            "eps": -0.78,
            "eps_growth_year": null,
            "eps_4q": -2.68,
            "eps_4q_growth_year": null,
            "roe": -2.22,
            "roe_4q": -7.530000000000001,
            "gross_profit": -91438,
            "gross_margin": -55.45,
            "gross_margin_4q_avg": -43.5,
            "net_income": -118740,
            "revenue": 164908,
            "common_shares": 1529229,
            "book_valuer_per_share": 34.41,
            "book_valuer_per_share_4q_avg": 35.37,
            "equity": 5262369,
            "current_ratio": 2413.65,
            "debt_ratio": 2.55,
            "inventory_turnover_ratio": 12.15,
            "account_receivable_turnover_ratio": 1.56,
            "reinvestment_rate": null,
            "research_to_sale_ratio": 6.63,
            "price_fair": 13.25,
            "eps_avg_yearly": 4.42,
            "eps_latest_yearly": 0.84,
            "eps_growth_yearly": -96.41
        },
        "20213": {
            "year_quarter": 20213,
            "year": 2021,
            "quarter": 3,
            "eps": -0.84,
            "eps_growth_year": null,
            "eps_4q": -2.86,
            "eps_4q_growth_year": null,
            "roe": -2.46,
            "roe_4q": -8.18,
            "gross_profit": -101382,
            "gross_margin": -56.71,
            "gross_margin_4q_avg": -49.54,
            "net_income": -127978,
            "revenue": 178783,
            "common_shares": 1529229,
            "book_valuer_per_share": 33.54,
            "book_valuer_per_share_4q_avg": 34.7,
            "equity": 5129578,
            "current_ratio": 1872.67,
            "debt_ratio": 3.05,
            "inventory_turnover_ratio": 12.37,
            "account_receivable_turnover_ratio": 1.34,
            "reinvestment_rate": null,
            "research_to_sale_ratio": 8.26,
            "price_fair": 9.93,
            "eps_avg_yearly": 3.31,
            "eps_latest_yearly": 0.84,
            "eps_growth_yearly": -124.27
        },
        "20214": {
            "year_quarter": 20214,
            "year": 2021,
            "quarter": 4,
            "eps": -1.26,
            "eps_growth_year": null,
            "eps_4q": -3.35,
            "eps_4q_growth_year": null,
            "roe": -3.81,
            "roe_4q": -9.84,
            "gross_profit": -128558,
            "gross_margin": -68.57,
            "gross_margin_4q_avg": -57.22,
            "net_income": -192726,
            "revenue": 187479,
            "common_shares": 1529229,
            "book_valuer_per_share": 32.63,
            "book_valuer_per_share_4q_avg": 34,
            "equity": 4989369,
            "current_ratio": 1759.81,
            "debt_ratio": 3.18,
            "inventory_turnover_ratio": 15.11,
            "account_receivable_turnover_ratio": 1.3,
            "reinvestment_rate": null,
            "research_to_sale_ratio": 8.45,
            "price_fair": 6.36,
            "eps_avg_yearly": 2.12,
            "eps_latest_yearly": 0.84,
            "eps_growth_yearly": -136.13
        },
        "20221": {
            "year_quarter": 20221,
            "year": 2022,
            "quarter": 1,
            "eps": -0.63,
            "eps_growth_year": null,
            "eps_4q": -3.5,
            "eps_4q_growth_year": null,
            "roe": -1.91,
            "roe_4q": -10.4,
            "gross_profit": -75433,
            "gross_margin": -60.39,
            "gross_margin_4q_avg": -60.28,
            "net_income": -96330,
            "revenue": 124914,
            "common_shares": 1529229,
            "book_valuer_per_share": 33.17,
            "book_valuer_per_share_4q_avg": 33.44,
            "equity": 5071777,
            "current_ratio": 1953.13,
            "debt_ratio": 2.69,
            "inventory_turnover_ratio": 8.87,
            "account_receivable_turnover_ratio": 1,
            "reinvestment_rate": null,
            "research_to_sale_ratio": 9.23,
            "price_fair": 6.06,
            "eps_avg_yearly": 2.02,
            "eps_latest_yearly": 0.84,
            "eps_growth_yearly": -71.64
        },
        "20222": {
            "year_quarter": 20222,
            "year": 2022,
            "quarter": 2,
            "eps": -0.68,
            "eps_growth_year": null,
            "eps_4q": -3.41,
            "eps_4q_growth_year": null,
            "roe": -2.1,
            "roe_4q": -10.280000000000001,
            "gross_profit": -70221,
            "gross_margin": -60.93,
            "gross_margin_4q_avg": -61.65,
            "net_income": -104553,
            "revenue": 115250,
            "common_shares": 1529229,
            "book_valuer_per_share": 31.88,
            "book_valuer_per_share_4q_avg": 32.81,
            "equity": 4875044,
            "current_ratio": 1745.25,
            "debt_ratio": 3.15,
            "inventory_turnover_ratio": 10.3,
            "account_receivable_turnover_ratio": 1.12,
            "reinvestment_rate": null,
            "research_to_sale_ratio": 8.78,
            "price_fair": 2.52,
            "eps_avg_yearly": 0.84,
            "eps_latest_yearly": 0.84,
            "eps_growth_yearly": -295
        },
        "20223": {
            "year_quarter": 20223,
            "year": 2022,
            "quarter": 3,
            "eps": -0.77,
            "eps_growth_year": null,
            "eps_4q": -3.34,
            "eps_4q_growth_year": null,
            "roe": -2.42,
            "roe_4q": -10.24,
            "gross_profit": -55962,
            "gross_margin": -46.69,
            "gross_margin_4q_avg": -59.15,
            "net_income": -117089,
            "revenue": 119859,
            "common_shares": 1529229,
            "book_valuer_per_share": 31.28,
            "book_valuer_per_share_4q_avg": 32.24,
            "equity": 4783422,
            "current_ratio": 1661.7,
            "debt_ratio": 3.12,
            "inventory_turnover_ratio": 10.2,
            "account_receivable_turnover_ratio": 1.21,
            "reinvestment_rate": null,
            "research_to_sale_ratio": 8.39,
            "price_fair": 0,
            "eps_avg_yearly": 0,
            "eps_latest_yearly": 0,
            "eps_growth_yearly": 0
        },
        "20224": {
            "year_quarter": 20224,
            "year": 2022,
            "quarter": 4,
            "eps": -0.73,
            "eps_growth_year": null,
            "eps_4q": -2.81,
            "eps_4q_growth_year": null,
            "roe": -2.37,
            "roe_4q": -8.8,
            "gross_profit": -51438,
            "gross_margin": -36.95,
            "gross_margin_4q_avg": -51.24,
            "net_income": -111906,
            "revenue": 139207,
            "common_shares": 1529229,
            "book_valuer_per_share": 30.4,
            "book_valuer_per_share_4q_avg": 31.68,
            "equity": 4648537,
            "current_ratio": 1563.94,
            "debt_ratio": 2.94,
            "inventory_turnover_ratio": 8.03,
            "account_receivable_turnover_ratio": 1.36,
            "reinvestment_rate": null,
            "research_to_sale_ratio": 7.76,
            "price_fair": 0,
            "eps_avg_yearly": 0,
            "eps_latest_yearly": 0,
            "eps_growth_yearly": 0
        },
        "20231": {
            "year_quarter": 20231,
            "year": 2023,
            "quarter": 1,
            "eps": -0.55,
            "eps_growth_year": null,
            "eps_4q": -2.73,
            "eps_4q_growth_year": null,
            "roe": -1.84,
            "roe_4q": -8.73,
            "gross_profit": -42707,
            "gross_margin": -37.93,
            "gross_margin_4q_avg": -45.63,
            "net_income": -84509,
            "revenue": 112590,
            "common_shares": 1529229,
            "book_valuer_per_share": 29.82,
            "book_valuer_per_share_4q_avg": 30.85,
            "equity": 4559911,
            "current_ratio": 1380.99,
            "debt_ratio": 3.17,
            "inventory_turnover_ratio": 5.99,
            "account_receivable_turnover_ratio": 1.01,
            "reinvestment_rate": null,
            "research_to_sale_ratio": 7.37,
            "price_fair": 0,
            "eps_avg_yearly": 0,
            "eps_latest_yearly": 0,
            "eps_growth_yearly": 0
        }
    },
    "months": {
        "2013-12": {
            "month": "2013-12",
            "price": "167.24",
            "revenue": 286405
        },
        "2014-01": {
            "month": "2014-01",
            "price": "143.60",
            "revenue": 106816
        },
        "2014-02": {
            "month": "2014-02",
            "price": "139.50",
            "revenue": 155511
        },
        "2014-03": {
            "month": "2014-03",
            "price": "163.33",
            "revenue": 255437
        },
        "2014-04": {
            "month": "2014-04",
            "price": "149.24",
            "revenue": 269342
        },
        "2014-05": {
            "month": "2014-05",
            "price": "133.19",
            "revenue": 262767
        },
        "2014-06": {
            "month": "2014-06",
            "price": "129.05",
            "revenue": 275754
        },
        "2014-07": {
            "month": "2014-07",
            "price": "122.36",
            "revenue": 268607
        },
        "2014-08": {
            "month": "2014-08",
            "price": "120.71",
            "revenue": 276334
        },
        "2014-09": {
            "month": "2014-09",
            "price": "112.05",
            "revenue": 295267
        },
        "2014-10": {
            "month": "2014-10",
            "price": "100.46",
            "revenue": 298176
        },
        "2014-11": {
            "month": "2014-11",
            "price": "100.95",
            "revenue": 287375
        },
        "2014-12": {
            "month": "2014-12",
            "price": "104.62",
            "revenue": 331986
        },
        "2015-01": {
            "month": "2015-01",
            "price": "105.82",
            "revenue": 199563
        },
        "2015-02": {
            "month": "2015-02",
            "price": "103.58",
            "revenue": 123589
        },
        "2015-03": {
            "month": "2015-03",
            "price": "109.16",
            "revenue": 268960
        },
        "2015-04": {
            "month": "2015-04",
            "price": "106.90",
            "revenue": 272127
        },
        "2015-05": {
            "month": "2015-05",
            "price": "98.34",
            "revenue": 280776
        },
        "2015-06": {
            "month": "2015-06",
            "price": "85.69",
            "revenue": 281063
        },
        "2015-07": {
            "month": "2015-07",
            "price": "85.00",
            "revenue": 262799
        },
        "2015-08": {
            "month": "2015-08",
            "price": "68.87",
            "revenue": 283077
        },
        "2015-09": {
            "month": "2015-09",
            "price": "61.30",
            "revenue": 306147
        },
        "2015-10": {
            "month": "2015-10",
            "price": "71.04",
            "revenue": 312891
        },
        "2015-11": {
            "month": "2015-11",
            "price": "73.38",
            "revenue": 286867
        },
        "2015-12": {
            "month": "2015-12",
            "price": "67.31",
            "revenue": 320160
        },
        "2016-01": {
            "month": "2016-01",
            "price": "60.16",
            "revenue": 316678
        },
        "2016-02": {
            "month": "2016-02",
            "price": "66.72",
            "revenue": 68491
        },
        "2016-03": {
            "month": "2016-03",
            "price": "71.27",
            "revenue": 281657
        },
        "2016-04": {
            "month": "2016-04",
            "price": "71.01",
            "revenue": 320872
        },
        "2016-05": {
            "month": "2016-05",
            "price": "66.40",
            "revenue": 330893
        },
        "2016-06": {
            "month": "2016-06",
            "price": "63.21",
            "revenue": 264474
        },
        "2016-07": {
            "month": "2016-07",
            "price": "60.44",
            "revenue": 275790
        },
        "2016-08": {
            "month": "2016-08",
            "price": "61.20",
            "revenue": 282999
        },
        "2016-09": {
            "month": "2016-09",
            "price": "60.94",
            "revenue": 305489
        },
        "2016-10": {
            "month": "2016-10",
            "price": "58.23",
            "revenue": 287800
        },
        "2016-11": {
            "month": "2016-11",
            "price": "55.54",
            "revenue": 257221
        },
        "2016-12": {
            "month": "2016-12",
            "price": "55.50",
            "revenue": 310050
        },
        "2017-01": {
            "month": "2017-01",
            "price": "55.95",
            "revenue": 176643
        },
        "2017-02": {
            "month": "2017-02",
            "price": "56.56",
            "revenue": 95877
        },
        "2017-03": {
            "month": "2017-03",
            "price": "56.57",
            "revenue": 246975
        },
        "2017-04": {
            "month": "2017-04",
            "price": "51.99",
            "revenue": 310674
        },
        "2017-05": {
            "month": "2017-05",
            "price": "47.32",
            "revenue": 331965
        },
        "2017-06": {
            "month": "2017-06",
            "price": "51.72",
            "revenue": 345810
        },
        "2017-07": {
            "month": "2017-07",
            "price": "52.70",
            "revenue": 345414
        },
        "2017-08": {
            "month": "2017-08",
            "price": "53.15",
            "revenue": 336127
        },
        "2017-09": {
            "month": "2017-09",
            "price": "48.60",
            "revenue": 343881
        },
        "2017-10": {
            "month": "2017-10",
            "price": "47.70",
            "revenue": 298548
        },
        "2017-11": {
            "month": "2017-11",
            "price": "48.27",
            "revenue": 271098
        },
        "2017-12": {
            "month": "2017-12",
            "price": "46.04",
            "revenue": 303492
        },
        "2018-01": {
            "month": "2018-01",
            "price": "46.26",
            "revenue": 217103
        },
        "2018-02": {
            "month": "2018-02",
            "price": "44.28",
            "revenue": 91653
        },
        "2018-03": {
            "month": "2018-03",
            "price": "45.67",
            "revenue": 182038
        },
        "2018-04": {
            "month": "2018-04",
            "price": "45.85",
            "revenue": 236195
        },
        "2018-05": {
            "month": "2018-05",
            "price": "42.78",
            "revenue": 253570
        },
        "2018-06": {
            "month": "2018-06",
            "price": "41.08",
            "revenue": 259059
        },
        "2018-07": {
            "month": "2018-07",
            "price": "37.24",
            "revenue": 160433
        },
        "2018-08": {
            "month": "2018-08",
            "price": "33.13",
            "revenue": 188382
        },
        "2018-09": {
            "month": "2018-09",
            "price": "28.17",
            "revenue": 152812
        },
        "2018-10": {
            "month": "2018-10",
            "price": "23.73",
            "revenue": 105775
        },
        "2018-11": {
            "month": "2018-11",
            "price": "19.77",
            "revenue": 94480
        },
        "2018-12": {
            "month": "2018-12",
            "price": "18.24",
            "revenue": 130490
        },
        "2019-01": {
            "month": "2019-01",
            "price": "17.34",
            "revenue": 101253
        },
        "2019-02": {
            "month": "2019-02",
            "price": "18.60",
            "revenue": 31486
        },
        "2019-03": {
            "month": "2019-03",
            "price": "18.24",
            "revenue": 186580
        },
        "2019-04": {
            "month": "2019-04",
            "price": "19.72",
            "revenue": 126134
        },
        "2019-05": {
            "month": "2019-05",
            "price": "20.24",
            "revenue": 83337
        },
        "2019-06": {
            "month": "2019-06",
            "price": "18.23",
            "revenue": 119358
        },
        "2019-07": {
            "month": "2019-07",
            "price": "19.01",
            "revenue": 75269
        },
        "2019-08": {
            "month": "2019-08",
            "price": "17.07",
            "revenue": 64311
        },
        "2019-09": {
            "month": "2019-09",
            "price": "16.39",
            "revenue": 91160
        },
        "2019-10": {
            "month": "2019-10",
            "price": "16.07",
            "revenue": 93568
        },
        "2019-11": {
            "month": "2019-11",
            "price": "15.65",
            "revenue": 94317
        },
        "2019-12": {
            "month": "2019-12",
            "price": "15.66",
            "revenue": 90249
        },
        "2020-01": {
            "month": "2020-01",
            "price": "15.55",
            "revenue": 59363
        },
        "2020-02": {
            "month": "2020-02",
            "price": "13.48",
            "revenue": 0
        },
        "2020-03": {
            "month": "2020-03",
            "price": "10.06",
            "revenue": 35008
        },
        "2020-04": {
            "month": "2020-04",
            "price": "9.30",
            "revenue": 55854
        },
        "2020-05": {
            "month": "2020-05",
            "price": "10.13",
            "revenue": 51258
        },
        "2020-06": {
            "month": "2020-06",
            "price": "10.22",
            "revenue": 58098
        },
        "2020-07": {
            "month": "2020-07",
            "price": "11.14",
            "revenue": 61364
        },
        "2020-08": {
            "month": "2020-08",
            "price": "10.57",
            "revenue": 71979
        },
        "2020-09": {
            "month": "2020-09",
            "price": "11.80",
            "revenue": 81580
        },
        "2020-10": {
            "month": "2020-10",
            "price": "12.41",
            "revenue": 63877
        },
        "2020-11": {
            "month": "2020-11",
            "price": "12.50",
            "revenue": 69788
        },
        "2020-12": {
            "month": "2020-12",
            "price": "12.64",
            "revenue": 46900
        },
        "2021-01": {
            "month": "2021-01",
            "price": "11.17",
            "revenue": 57252
        },
        "2021-02": {
            "month": "2021-02",
            "price": "10.41",
            "revenue": 15929
        },
        "2021-03": {
            "month": "2021-03",
            "price": "10.68",
            "revenue": 46278
        },
        "2021-04": {
            "month": "2021-04",
            "price": "11.59",
            "revenue": 53832
        },
        "2021-05": {
            "month": "2021-05",
            "price": "10.80",
            "revenue": 54400
        },
        "2021-06": {
            "month": "2021-06",
            "price": "11.43",
            "revenue": 56676
        },
        "2021-07": {
            "month": "2021-07",
            "price": "11.78",
            "revenue": 54795
        },
        "2021-08": {
            "month": "2021-08",
            "price": "10.71",
            "revenue": 60628
        },
        "2021-09": {
            "month": "2021-09",
            "price": "10.36",
            "revenue": 63355
        },
        "2021-10": {
            "month": "2021-10",
            "price": "10.40",
            "revenue": 57076
        },
        "2021-11": {
            "month": "2021-11",
            "price": "11.24",
            "revenue": 61047
        },
        "2021-12": {
            "month": "2021-12",
            "price": "11.26",
            "revenue": 69361
        },
        "2022-01": {
            "month": "2022-01",
            "price": "11.39",
            "revenue": 35025
        },
        "2022-02": {
            "month": "2022-02",
            "price": "11.11",
            "revenue": 45863
        },
        "2022-03": {
            "month": "2022-03",
            "price": "10.55",
            "revenue": 44026
        },
        "2022-04": {
            "month": "2022-04",
            "price": "10.30",
            "revenue": 25347
        },
        "2022-05": {
            "month": "2022-05",
            "price": "10.26",
            "revenue": 40106
        },
        "2022-06": {
            "month": "2022-06",
            "price": "10.41",
            "revenue": 49798
        },
        "2022-07": {
            "month": "2022-07",
            "price": "10.01",
            "revenue": 36383
        },
        "2022-08": {
            "month": "2022-08",
            "price": "10.14",
            "revenue": 40342
        },
        "2022-09": {
            "month": "2022-09",
            "price": "10.11",
            "revenue": 43352
        },
        "2022-10": {
            "month": "2022-10",
            "price": "9.93",
            "revenue": 41769
        },
        "2022-11": {
            "month": "2022-11",
            "price": "9.95",
            "revenue": 45137
        },
        "2022-12": {
            "month": "2022-12",
            "price": "10.01",
            "revenue": 52082
        },
        "2023-01": {
            "month": "2023-01",
            "price": "9.96",
            "revenue": 11642
        },
        "2023-02": {
            "month": "2023-02",
            "price": "10.65",
            "revenue": 44007
        },
        "2023-03": {
            "month": "2023-03",
            "price": "10.74",
            "revenue": 56942
        },
        "2023-04": {
            "month": "2023-04",
            "price": "11.11",
            "revenue": 59275
        }
    }
}
