{
    "summary": {
        "stock_name": "遠東新",
        "stock_id": "1402",
        "category": "紡織纖維",
        "main_business": "石化纖維原料、半成品及製成品。<br>纖維紗(布)、混紡紗(布)、假撚絲、棉布、被單。<br>紡織成衣、針織成衣。",
        "website_url": "http://www.fenc.com",
        "ceo": "吳高山,鄭澄宇",
        "pe_ratio": 26,
        "report_year_from": 2001,
        "report_year_to": 2023,
        "age": 22,
        "eps_negative_percentage": 0,
        "eps_growth_avg": {
            "last_all": 15.87,
            "last_2y": -6.25,
            "last_4y": 3.97,
            "last_8y": 5.69,
            "last_12y": 3.88,
            "last_16y": 4.85,
            "last_20y": 15.87,
            "at_2006_last_3y": 36.07,
            "at_2007_last_3y": 26.5,
            "at_2008_last_3y": -13.38,
            "at_2009_last_3y": 7.98,
            "at_2010_last_3y": 23.35,
            "at_2011_last_3y": 12.02,
            "at_2012_last_3y": 20.9,
            "at_2013_last_3y": -0.19,
            "at_2014_last_3y": -0.37,
            "at_2015_last_3y": -3.72,
            "at_2016_last_3y": -3.5,
            "at_2017_last_3y": 7.84,
            "at_2018_last_3y": 6.89,
            "at_2019_last_3y": 11.19,
            "at_2020_last_3y": 10.92,
            "at_2021_last_3y": 8.61,
            "at_2022_last_3y": -7.62,
            "at_2023_last_3y": -7.62,
            "at_2006_last_all": 48.85,
            "at_2007_last_all": 45.68,
            "at_2008_last_all": 30.65,
            "at_2009_last_all": 35.35,
            "at_2010_last_all": 37.52,
            "at_2011_last_all": 32.22,
            "at_2012_last_all": 27.1,
            "at_2013_last_all": 23.5,
            "at_2014_last_all": 25.86,
            "at_2015_last_all": 21.95,
            "at_2016_last_all": 18.94,
            "at_2017_last_all": 19.59,
            "at_2018_last_all": 21.4,
            "at_2019_last_all": 19.56,
            "at_2020_last_all": 17.25,
            "at_2021_last_all": 17.39,
            "at_2022_last_all": 15.87,
            "at_2023_last_all": 15.87
        },
        "latest_eps": 1.28,
        "latest_price": 32.95,
        "latest_roe": 4.45,
        "latest_gross_margin": 18.24,
        "latest_equity": 275479529,
        "latest_revenue": 61539147,
        "latest_gross_profit": 11223090,
        "latest_net_income": 3028293,
        "latest_debt_ratio": 58.66,
        "latest_current_ratio": 111.8,
        "latest_account_receivable_turnover_ratio": 2.06,
        "latest_inventory_turnover_ratio": 0.94,
        "latest_reinvestment_rate": 48.56,
        "latest_research_to_sale_ratio": 0.41
    },
    "eps_dividends": {
        "1991": {
            "cash": 1,
            "stock": 0.5,
            "eps": 0
        },
        "1992": {
            "cash": 1.2,
            "stock": 0.8,
            "eps": 0
        },
        "1993": {
            "cash": 1,
            "stock": 0.5,
            "eps": 0
        },
        "1994": {
            "cash": 0.4,
            "stock": 0.8,
            "eps": 0
        },
        "1995": {
            "cash": 0.3,
            "stock": 1.5,
            "eps": 0
        },
        "1996": {
            "cash": 0.3,
            "stock": 0.9,
            "eps": 0
        },
        "1997": {
            "cash": 0.2,
            "stock": 0.8,
            "eps": 0
        },
        "1998": {
            "cash": 0.3,
            "stock": 1.2,
            "eps": 0
        },
        "1999": {
            "cash": 0.3,
            "stock": 0.7,
            "eps": 0
        },
        "2000": {
            "cash": 0.3,
            "stock": 1.2,
            "eps": 0
        },
        "2001": {
            "cash": 0.2,
            "stock": 0.41,
            "eps": 0.23
        },
        "2002": {
            "cash": 0.2,
            "stock": 0.5,
            "eps": 0.72
        },
        "2003": {
            "cash": 0.3,
            "stock": 0.7,
            "eps": 1.21
        },
        "2004": {
            "cash": 0.5,
            "stock": 0.7,
            "eps": 2.56
        },
        "2005": {
            "cash": 1,
            "stock": 0.8,
            "eps": 2.12
        },
        "2006": {
            "cash": 1,
            "stock": 0.6,
            "eps": 1.98
        },
        "2007": {
            "cash": 1.3,
            "stock": 0.3,
            "eps": 2.57
        },
        "2008": {
            "cash": 1.8,
            "stock": 0.2,
            "eps": 1.04
        },
        "2009": {
            "cash": 0.8,
            "stock": 0.2,
            "eps": 1.75
        },
        "2010": {
            "cash": 1.3,
            "stock": 0.2,
            "eps": 2.71
        },
        "2011": {
            "cash": 3.7,
            "stock": 0.6,
            "eps": 2.29
        },
        "2012": {
            "cash": 0,
            "stock": 0,
            "eps": 1.74
        },
        "2013": {
            "cash": 1.3,
            "stock": 0.2,
            "eps": 1.46
        },
        "2014": {
            "cash": 1.3,
            "stock": 0.2,
            "eps": 2.25
        },
        "2015": {
            "cash": 1.2,
            "stock": 0.2,
            "eps": 1.6
        },
        "2016": {
            "cash": 1,
            "stock": 0,
            "eps": 1.23
        },
        "2017": {
            "cash": 0.8,
            "stock": 0,
            "eps": 1.59
        },
        "2018": {
            "cash": 1.2,
            "stock": 0,
            "eps": 2.39
        },
        "2019": {
            "cash": 1.8,
            "stock": 0,
            "eps": 2.11
        },
        "2020": {
            "cash": 1.5,
            "stock": 0,
            "eps": 1.6
        },
        "2021": {
            "cash": 1.35,
            "stock": 0,
            "eps": 1.92
        },
        "2022": {
            "cash": 1.5,
            "stock": 0,
            "eps": 1.64
        },
        "2023": {
            "cash": 1.35,
            "stock": 0,
            "eps": 0.29
        }
    },
    "dividends": {
        "1991-04-26": {
            "cash": 1,
            "stock": 0.5
        },
        "1992-05-12": {
            "cash": 1.2,
            "stock": 0.8
        },
        "1993-05-14": {
            "cash": 1,
            "stock": 0.5
        },
        "1994-05-09": {
            "cash": 0.4,
            "stock": 0.8
        },
        "1995-05-04": {
            "cash": 0.3,
            "stock": 1.5
        },
        "1996-05-27": {
            "cash": 0.3,
            "stock": 0.9
        },
        "1997-05-23": {
            "cash": 0.2,
            "stock": 0.8
        },
        "1998-05-22": {
            "cash": 0.3,
            "stock": 1.2
        },
        "1999-05-21": {
            "cash": 0.3,
            "stock": 0.7
        },
        "2000-05-15": {
            "cash": 0.3,
            "stock": 1.2
        },
        "2001-05-18": {
            "cash": 0.2,
            "stock": 0.41
        },
        "2002-06-12": {
            "cash": 0.2,
            "stock": 0.5
        },
        "2003-03-13": {
            "cash": 0.3,
            "stock": 0.7
        },
        "2004-03-10": {
            "cash": 0.5,
            "stock": 0.7
        },
        "2005-03-23": {
            "cash": 1,
            "stock": 0.8
        },
        "2006-03-24": {
            "cash": 1,
            "stock": 0.6
        },
        "2007-03-21": {
            "cash": 1.3,
            "stock": 0.3
        },
        "2008-03-26": {
            "cash": 1.8,
            "stock": 0.2
        },
        "2009-03-27": {
            "cash": 0.8,
            "stock": 0.2
        },
        "2010-03-24": {
            "cash": 1.3,
            "stock": 0.2
        },
        "2011-01-01": {
            "cash": 1.7,
            "stock": 0.3
        },
        "2011-03-22": {
            "cash": 2,
            "stock": 0.3
        },
        "2013-03-27": {
            "cash": 1.3,
            "stock": 0.2
        },
        "2014-09-26": {
            "cash": 1.3,
            "stock": 0.2
        },
        "2015-08-28": {
            "cash": 1.2,
            "stock": 0.2
        },
        "2016-08-12": {
            "cash": 1,
            "stock": 0
        },
        "2017-08-18": {
            "cash": 0.8,
            "stock": 0
        },
        "2018-08-17": {
            "cash": 1.2,
            "stock": 0
        },
        "2019-08-16": {
            "cash": 1.8,
            "stock": 0
        },
        "2020-08-20": {
            "cash": 1.5,
            "stock": 0
        },
        "2021-08-26": {
            "cash": 1.35,
            "stock": 0
        },
        "2022-08-24": {
            "cash": 1.5,
            "stock": 0
        },
        "2023-03-08": {
            "cash": 1.35,
            "stock": 0
        }
    },
    "prices": {
        "200101": "24.54",
        "200102": "27.67",
        "200103": "23.79",
        "200104": "21.08",
        "200105": "18.94",
        "200106": "19.80",
        "200107": "16.57",
        "200108": "14.71",
        "200109": "11.96",
        "200110": "9.68",
        "200111": "11.16",
        "200112": "13.81",
        "200201": "12.89",
        "200202": "13.33",
        "200203": "14.25",
        "200204": "15.36",
        "200205": "15.16",
        "200206": "15.08",
        "200207": "13.84",
        "200208": "12.36",
        "200209": "10.89",
        "200210": "10.08",
        "200211": "11.90",
        "200212": "12.50",
        "200301": "15.38",
        "200302": "14.14",
        "200303": "12.65",
        "200304": "12.28",
        "200305": "11.15",
        "200306": "13.45",
        "200307": "14.53",
        "200308": "14.73",
        "200309": "14.63",
        "200310": "17.15",
        "200311": "17.48",
        "200312": "17.11",
        "200401": "19.07",
        "200402": "22.70",
        "200403": "22.61",
        "200404": "22.31",
        "200405": "18.43",
        "200406": "18.67",
        "200407": "18.51",
        "200408": "18.24",
        "200409": "21.85",
        "200410": "24.08",
        "200411": "24.50",
        "200412": "25.21",
        "200501": "23.83",
        "200502": "23.13",
        "200503": "22.46",
        "200504": "20.04",
        "200505": "21.94",
        "200506": "24.13",
        "200507": "24.60",
        "200508": "23.94",
        "200509": "20.33",
        "200510": "18.97",
        "200511": "19.98",
        "200512": "21.58",
        "200601": "22.08",
        "200602": "23.69",
        "200603": "23.15",
        "200604": "25.08",
        "200605": "27.24",
        "200606": "25.31",
        "200607": "24.87",
        "200608": "23.99",
        "200609": "24.22",
        "200610": "26.09",
        "200611": "26.51",
        "200612": "28.26",
        "200701": "27.62",
        "200702": "28.35",
        "200703": "26.68",
        "200704": "29.76",
        "200705": "32.26",
        "200706": "32.12",
        "200707": "38.30",
        "200708": "36.16",
        "200709": "39.53",
        "200710": "44.09",
        "200711": "39.49",
        "200712": "37.56",
        "200801": "43.08",
        "200802": "47.84",
        "200803": "52.47",
        "200804": "51.36",
        "200805": "49.16",
        "200806": "45.14",
        "200807": "38.82",
        "200808": "35.27",
        "200809": "24.57",
        "200810": "19.80",
        "200811": "20.02",
        "200812": "22.19",
        "200901": "22.44",
        "200902": "21.37",
        "200903": "23.00",
        "200904": "29.09",
        "200905": "36.58",
        "200906": "36.25",
        "200907": "38.47",
        "200908": "34.83",
        "200909": "36.55",
        "200910": "39.84",
        "200911": "39.55",
        "200912": "38.88",
        "201001": "39.17",
        "201002": "33.59",
        "201003": "35.75",
        "201004": "35.73",
        "201005": "32.19",
        "201006": "33.63",
        "201007": "35.26",
        "201008": "38.28",
        "201009": "39.39",
        "201010": "44.50",
        "201011": "46.61",
        "201012": "47.94",
        "201101": "49.04",
        "201102": "47.91",
        "201103": "44.37",
        "201104": "46.18",
        "201105": "44.92",
        "201106": "44.20",
        "201107": "44.05",
        "201108": "41.76",
        "201109": "33.37",
        "201110": "32.08",
        "201111": "34.17",
        "201112": "33.72",
        "201201": "35.71",
        "201202": "37.24",
        "201203": "34.63",
        "201204": "33.27",
        "201205": "31.60",
        "201206": "29.85",
        "201207": "32.40",
        "201208": "33.41",
        "201209": "32.70",
        "201210": "31.86",
        "201211": "31.57",
        "201212": "33.67",
        "201301": "33.65",
        "201302": "33.92",
        "201303": "31.50",
        "201304": "31.15",
        "201305": "32.27",
        "201306": "31.35",
        "201307": "33.12",
        "201308": "32.80",
        "201309": "32.37",
        "201310": "33.67",
        "201311": "32.91",
        "201312": "33.85",
        "201401": "32.96",
        "201402": "31.52",
        "201403": "31.52",
        "201404": "31.92",
        "201405": "31.26",
        "201406": "31.56",
        "201407": "33.31",
        "201408": "33.20",
        "201409": "31.67",
        "201410": "30.94",
        "201411": "31.11",
        "201412": "30.48",
        "201501": "31.34",
        "201502": "32.28",
        "201503": "32.14",
        "201504": "32.48",
        "201505": "33.72",
        "201506": "32.33",
        "201507": "31.93",
        "201508": "28.97",
        "201509": "29.26",
        "201510": "30.08",
        "201511": "28.05",
        "201512": "25.75",
        "201601": "24.29",
        "201602": "24.77",
        "201603": "27.00",
        "201604": "24.88",
        "201605": "22.93",
        "201606": "23.20",
        "201607": "24.47",
        "201608": "24.32",
        "201609": "23.84",
        "201610": "23.85",
        "201611": "23.47",
        "201612": "24.23",
        "201701": "24.93",
        "201702": "27.34",
        "201703": "26.90",
        "201704": "25.46",
        "201705": "24.51",
        "201706": "24.29",
        "201707": "24.90",
        "201708": "24.40",
        "201709": "24.42",
        "201710": "24.98",
        "201711": "25.73",
        "201712": "25.70",
        "201801": "26.69",
        "201802": "25.28",
        "201803": "25.98",
        "201804": "26.99",
        "201805": "28.47",
        "201806": "29.11",
        "201807": "31.81",
        "201808": "33.47",
        "201809": "35.57",
        "201810": "32.51",
        "201811": "30.04",
        "201812": "28.28",
        "201901": "29.11",
        "201902": "30.55",
        "201903": "30.40",
        "201904": "32.40",
        "201905": "32.11",
        "201906": "33.12",
        "201907": "32.60",
        "201908": "28.36",
        "201909": "28.95",
        "201910": "29.01",
        "201911": "30.01",
        "201912": "29.78",
        "202001": "29.30",
        "202002": "28.67",
        "202003": "24.43",
        "202004": "24.39",
        "202005": "27.10",
        "202006": "27.76",
        "202007": "28.65",
        "202008": "26.22",
        "202009": "26.09",
        "202010": "25.98",
        "202011": "27.36",
        "202012": "27.87",
        "202101": "27.50",
        "202102": "27.49",
        "202103": "29.50",
        "202104": "31.75",
        "202105": "31.44",
        "202106": "31.72",
        "202107": "32.38",
        "202108": "29.55",
        "202109": "29.54",
        "202110": "29.40",
        "202111": "29.25",
        "202112": "28.64",
        "202201": "29.09",
        "202202": "29.64",
        "202203": "30.34",
        "202204": "30.24",
        "202205": "30.83",
        "202206": "31.20",
        "202207": "31.71",
        "202208": "30.63",
        "202209": "32.23",
        "202210": "31.64",
        "202211": "31.96",
        "202212": "32.32",
        "202301": "32.34",
        "202302": "32.28",
        "202303": "31.46",
        "202304": "31.68",
        "202305": "32.08",
        "202306": "32.49"
    },
    "quarters": {
        "20011": {
            "year_quarter": 20011,
            "year": 2001,
            "quarter": 1,
            "eps": 0.07,
            "eps_growth_year": -77.42,
            "eps_4q": -0.14,
            "eps_4q_growth_year": -111.79,
            "roe": 0.34,
            "roe_4q": 0.34,
            "gross_profit": 492166,
            "gross_margin": 6.05,
            "gross_margin_4q_avg": 6.05,
            "net_income": 201538,
            "revenue": 8139257,
            "common_shares": 30803829,
            "book_valuer_per_share": 16.56,
            "book_valuer_per_share_4q_avg": 16.56,
            "equity": 51025325,
            "current_ratio": 70.3,
            "debt_ratio": 48.52,
            "inventory_turnover_ratio": 1.32,
            "account_receivable_turnover_ratio": null,
            "reinvestment_rate": null,
            "research_to_sale_ratio": null,
            "price_fair": 0,
            "eps_avg_yearly": 0,
            "eps_latest_yearly": 0,
            "eps_growth_yearly": 0
        },
        "20012": {
            "year_quarter": 20012,
            "year": 2001,
            "quarter": 2,
            "eps": 0.05,
            "eps_growth_year": null,
            "eps_4q": -0.08,
            "eps_4q_growth_year": -112.93,
            "roe": 0.32,
            "roe_4q": 0.66,
            "gross_profit": 876577,
            "gross_margin": 10.91,
            "gross_margin_4q_avg": 8.48,
            "net_income": 160669,
            "revenue": 8032186,
            "common_shares": 30803829,
            "book_valuer_per_share": 16.33,
            "book_valuer_per_share_4q_avg": 16.45,
            "equity": 50299463,
            "current_ratio": 113.95,
            "debt_ratio": 50.15,
            "inventory_turnover_ratio": 1.44,
            "account_receivable_turnover_ratio": null,
            "reinvestment_rate": null,
            "research_to_sale_ratio": null,
            "price_fair": 0,
            "eps_avg_yearly": 0,
            "eps_latest_yearly": 0,
            "eps_growth_yearly": 0
        },
        "20013": {
            "year_quarter": 20013,
            "year": 2001,
            "quarter": 3,
            "eps": 0.01,
            "eps_growth_year": null,
            "eps_4q": 0.03,
            "eps_4q_growth_year": -90.27,
            "roe": 0.08,
            "roe_4q": 0.74,
            "gross_profit": 653969,
            "gross_margin": 7.96,
            "gross_margin_4q_avg": 8.31,
            "net_income": 37917,
            "revenue": 8215286,
            "common_shares": 32035232,
            "book_valuer_per_share": 15.67,
            "book_valuer_per_share_4q_avg": 16.19,
            "equity": 50186868,
            "current_ratio": 94.2,
            "debt_ratio": 49.63,
            "inventory_turnover_ratio": 1.46,
            "account_receivable_turnover_ratio": null,
            "reinvestment_rate": null,
            "research_to_sale_ratio": null,
            "price_fair": 0,
            "eps_avg_yearly": 0,
            "eps_latest_yearly": 0,
            "eps_growth_yearly": 0
        },
        "20014": {
            "year_quarter": 20014,
            "year": 2001,
            "quarter": 4,
            "eps": 0.1,
            "eps_growth_year": null,
            "eps_4q": 0.22,
            "eps_4q_growth_year": 2621.88,
            "roe": 0.54,
            "roe_4q": 1.28,
            "gross_profit": 417699,
            "gross_margin": 5.57,
            "gross_margin_4q_avg": 7.62,
            "net_income": 323506,
            "revenue": 7496081,
            "common_shares": 32035233,
            "book_valuer_per_share": 15.74,
            "book_valuer_per_share_4q_avg": 16.08,
            "equity": 68932331,
            "current_ratio": 86.27,
            "debt_ratio": 56.98,
            "inventory_turnover_ratio": 1.16,
            "account_receivable_turnover_ratio": null,
            "reinvestment_rate": null,
            "research_to_sale_ratio": null,
            "price_fair": 0,
            "eps_avg_yearly": 0,
            "eps_latest_yearly": 0,
            "eps_growth_yearly": 0
        },
        "20021": {
            "year_quarter": 20021,
            "year": 2002,
            "quarter": 1,
            "eps": 0.23,
            "eps_growth_year": 228.57,
            "eps_4q": 0.39,
            "eps_4q_growth_year": null,
            "roe": 1.23,
            "roe_4q": 2.17,
            "gross_profit": 663735,
            "gross_margin": 9.04,
            "gross_margin_4q_avg": 8.37,
            "net_income": 735718,
            "revenue": 7344283,
            "common_shares": 32035233,
            "book_valuer_per_share": 15.95,
            "book_valuer_per_share_4q_avg": 15.92,
            "equity": 51090303,
            "current_ratio": 90.95,
            "debt_ratio": 49.09,
            "inventory_turnover_ratio": 1.18,
            "account_receivable_turnover_ratio": null,
            "reinvestment_rate": null,
            "research_to_sale_ratio": null,
            "price_fair": 32.2,
            "eps_avg_yearly": 0.92,
            "eps_latest_yearly": 0.92,
            "eps_growth_yearly": 520
        },
        "20022": {
            "year_quarter": 20022,
            "year": 2002,
            "quarter": 2,
            "eps": 0.22,
            "eps_growth_year": 340,
            "eps_4q": 0.55,
            "eps_4q_growth_year": null,
            "roe": 1.41,
            "roe_4q": 3.26,
            "gross_profit": 910108,
            "gross_margin": 11.15,
            "gross_margin_4q_avg": 8.43,
            "net_income": 721181,
            "revenue": 8161493,
            "common_shares": 32035233,
            "book_valuer_per_share": 15.94,
            "book_valuer_per_share_4q_avg": 15.83,
            "equity": 51063536,
            "current_ratio": 105.4,
            "debt_ratio": 49.47,
            "inventory_turnover_ratio": 1.6,
            "account_receivable_turnover_ratio": null,
            "reinvestment_rate": null,
            "research_to_sale_ratio": null,
            "price_fair": 31.5,
            "eps_avg_yearly": 0.9,
            "eps_latest_yearly": 0.88,
            "eps_growth_yearly": 251.3
        },
        "20023": {
            "year_quarter": 20023,
            "year": 2002,
            "quarter": 3,
            "eps": 0.12,
            "eps_growth_year": 1100,
            "eps_4q": 0.68,
            "eps_4q_growth_year": 2143.88,
            "roe": 0.75,
            "roe_4q": 3.93,
            "gross_profit": 678433,
            "gross_margin": 8.44,
            "gross_margin_4q_avg": 8.55,
            "net_income": 383632,
            "revenue": 8042056,
            "common_shares": 33610246,
            "book_valuer_per_share": 15.29,
            "book_valuer_per_share_4q_avg": 15.73,
            "equity": 51385566,
            "current_ratio": 105,
            "debt_ratio": 48.98,
            "inventory_turnover_ratio": 1.45,
            "account_receivable_turnover_ratio": null,
            "reinvestment_rate": null,
            "research_to_sale_ratio": null,
            "price_fair": 26.6,
            "eps_avg_yearly": 0.76,
            "eps_latest_yearly": 0.48,
            "eps_growth_yearly": 106.93
        },
        "20024": {
            "year_quarter": 20024,
            "year": 2002,
            "quarter": 4,
            "eps": 0.15,
            "eps_growth_year": 50,
            "eps_4q": 0.71,
            "eps_4q_growth_year": 219.12,
            "roe": 0.77,
            "roe_4q": 4.16,
            "gross_profit": 661518,
            "gross_margin": 7.55,
            "gross_margin_4q_avg": 9.05,
            "net_income": 489663,
            "revenue": 8758853,
            "common_shares": 33610247,
            "book_valuer_per_share": 15.52,
            "book_valuer_per_share_4q_avg": 15.68,
            "equity": 75588375,
            "current_ratio": 79.84,
            "debt_ratio": 55.13,
            "inventory_turnover_ratio": 1.25,
            "account_receivable_turnover_ratio": null,
            "reinvestment_rate": 426.92,
            "research_to_sale_ratio": null,
            "price_fair": 25.2,
            "eps_avg_yearly": 0.72,
            "eps_latest_yearly": 0.6,
            "eps_growth_yearly": 105.2
        },
        "20031": {
            "year_quarter": 20031,
            "year": 2003,
            "quarter": 1,
            "eps": 0.31,
            "eps_growth_year": 34.78,
            "eps_4q": 0.79,
            "eps_4q_growth_year": 101.05,
            "roe": 1.6,
            "roe_4q": 4.53,
            "gross_profit": 654689,
            "gross_margin": 8.35,
            "gross_margin_4q_avg": 8.87,
            "net_income": 1028539,
            "revenue": 7840347,
            "common_shares": 33610247,
            "book_valuer_per_share": 15.83,
            "book_valuer_per_share_4q_avg": 15.65,
            "equity": 53202649,
            "current_ratio": 99.7,
            "debt_ratio": 48.65,
            "inventory_turnover_ratio": 1.08,
            "account_receivable_turnover_ratio": null,
            "reinvestment_rate": -30.89,
            "research_to_sale_ratio": null,
            "price_fair": 28.84,
            "eps_avg_yearly": 0.82,
            "eps_latest_yearly": 1.24,
            "eps_growth_yearly": 169.49
        },
        "20032": {
            "year_quarter": 20032,
            "year": 2003,
            "quarter": 2,
            "eps": 0.34,
            "eps_growth_year": 54.55,
            "eps_4q": 0.91,
            "eps_4q_growth_year": 63.91,
            "roe": 2.13,
            "roe_4q": 5.25,
            "gross_profit": 850246,
            "gross_margin": 10.27,
            "gross_margin_4q_avg": 8.65,
            "net_income": 1136050,
            "revenue": 8281429,
            "common_shares": 33610247,
            "book_valuer_per_share": 15.84,
            "book_valuer_per_share_4q_avg": 15.62,
            "equity": 53229984,
            "current_ratio": 100.25,
            "debt_ratio": 49.57,
            "inventory_turnover_ratio": 1.28,
            "account_receivable_turnover_ratio": null,
            "reinvestment_rate": -48.05,
            "research_to_sale_ratio": null,
            "price_fair": 31.97,
            "eps_avg_yearly": 0.91,
            "eps_latest_yearly": 1.36,
            "eps_growth_yearly": 147.69
        },
        "20033": {
            "year_quarter": 20033,
            "year": 2003,
            "quarter": 3,
            "eps": 0.31,
            "eps_growth_year": 158.33,
            "eps_4q": 1.07,
            "eps_4q_growth_year": 57.78,
            "roe": 1.92,
            "roe_4q": 6.42,
            "gross_profit": 406408,
            "gross_margin": 4.64,
            "gross_margin_4q_avg": 7.7,
            "net_income": 1085438,
            "revenue": 8767052,
            "common_shares": 35906776,
            "book_valuer_per_share": 16.74,
            "book_valuer_per_share_4q_avg": 15.98,
            "equity": 60095290,
            "current_ratio": 121.6,
            "debt_ratio": 39.52,
            "inventory_turnover_ratio": 1.42,
            "account_receivable_turnover_ratio": null,
            "reinvestment_rate": -103.6,
            "research_to_sale_ratio": null,
            "price_fair": 33.6,
            "eps_avg_yearly": 0.96,
            "eps_latest_yearly": 1.24,
            "eps_growth_yearly": 121.55
        },
        "20034": {
            "year_quarter": 20034,
            "year": 2003,
            "quarter": 4,
            "eps": 0.25,
            "eps_growth_year": 66.67,
            "eps_4q": 1.18,
            "eps_4q_growth_year": 65.3,
            "roe": 1.27,
            "roe_4q": 6.92,
            "gross_profit": 675000,
            "gross_margin": 7.35,
            "gross_margin_4q_avg": 7.65,
            "net_income": 873711,
            "revenue": 9179894,
            "common_shares": 35906776,
            "book_valuer_per_share": 17.11,
            "book_valuer_per_share_4q_avg": 16.38,
            "equity": 77180255,
            "current_ratio": 107.45,
            "debt_ratio": 58.41,
            "inventory_turnover_ratio": 1.15,
            "account_receivable_turnover_ratio": null,
            "reinvestment_rate": 438.57,
            "research_to_sale_ratio": null,
            "price_fair": 33.78,
            "eps_avg_yearly": 0.97,
            "eps_latest_yearly": 1,
            "eps_growth_yearly": 96.68
        },
        "20041": {
            "year_quarter": 20041,
            "year": 2004,
            "quarter": 1,
            "eps": 0.7,
            "eps_growth_year": 125.81,
            "eps_4q": 1.57,
            "eps_4q_growth_year": 98.73,
            "roe": 3.52,
            "roe_4q": 8.84,
            "gross_profit": 876827,
            "gross_margin": 9.67,
            "gross_margin_4q_avg": 7.98,
            "net_income": 2487138,
            "revenue": 9067924,
            "common_shares": 35906776,
            "book_valuer_per_share": 17.81,
            "book_valuer_per_share_4q_avg": 16.88,
            "equity": 63943035,
            "current_ratio": 110.5,
            "debt_ratio": 41.04,
            "inventory_turnover_ratio": 1.07,
            "account_receivable_turnover_ratio": null,
            "reinvestment_rate": -95.14,
            "research_to_sale_ratio": null,
            "price_fair": 40.91,
            "eps_avg_yearly": 1.17,
            "eps_latest_yearly": 2.8,
            "eps_growth_yearly": 165.94
        },
        "20042": {
            "year_quarter": 20042,
            "year": 2004,
            "quarter": 2,
            "eps": 1.1,
            "eps_growth_year": 223.53,
            "eps_4q": 2.36,
            "eps_4q_growth_year": 159.06,
            "roe": 5.97,
            "roe_4q": 12.68,
            "gross_profit": 637040,
            "gross_margin": 6.81,
            "gross_margin_4q_avg": 7.12,
            "net_income": 3895968,
            "revenue": 9355384,
            "common_shares": 35906776,
            "book_valuer_per_share": 18.53,
            "book_valuer_per_share_4q_avg": 17.55,
            "equity": 66544159,
            "current_ratio": 115.28,
            "debt_ratio": 41.37,
            "inventory_turnover_ratio": 1.36,
            "account_receivable_turnover_ratio": null,
            "reinvestment_rate": -69.06,
            "research_to_sale_ratio": null,
            "price_fair": 52.22,
            "eps_avg_yearly": 1.49,
            "eps_latest_yearly": 4.4,
            "eps_growth_yearly": 172.2
        },
        "20043": {
            "year_quarter": 20043,
            "year": 2004,
            "quarter": 3,
            "eps": 0.52,
            "eps_growth_year": 67.74,
            "eps_4q": 2.44,
            "eps_4q_growth_year": 128.41,
            "roe": 2.91,
            "roe_4q": 13.669999999999998,
            "gross_profit": 357556,
            "gross_margin": 3.53,
            "gross_margin_4q_avg": 6.84,
            "net_income": 1965830,
            "revenue": 10127940,
            "common_shares": 37996605,
            "book_valuer_per_share": 18.08,
            "book_valuer_per_share_4q_avg": 17.88,
            "equity": 68688827,
            "current_ratio": 126.29,
            "debt_ratio": 37.68,
            "inventory_turnover_ratio": 1.56,
            "account_receivable_turnover_ratio": null,
            "reinvestment_rate": -63.3,
            "research_to_sale_ratio": null,
            "price_fair": 54.09,
            "eps_avg_yearly": 1.55,
            "eps_latest_yearly": 2.08,
            "eps_growth_yearly": 137.37
        },
        "20044": {
            "year_quarter": 20044,
            "year": 2004,
            "quarter": 4,
            "eps": 0.24,
            "eps_growth_year": -4,
            "eps_4q": 2.47,
            "eps_4q_growth_year": 109.25,
            "roe": 1.02,
            "roe_4q": 13.42,
            "gross_profit": 656201,
            "gross_margin": 6.76,
            "gross_margin_4q_avg": 6.69,
            "net_income": 898933,
            "revenue": 9712066,
            "common_shares": 37996605,
            "book_valuer_per_share": 18.43,
            "book_valuer_per_share_4q_avg": 18.21,
            "equity": 108428998,
            "current_ratio": 77.07,
            "debt_ratio": 52.09,
            "inventory_turnover_ratio": 1.07,
            "account_receivable_turnover_ratio": null,
            "reinvestment_rate": 269.65,
            "research_to_sale_ratio": null,
            "price_fair": 52.38,
            "eps_avg_yearly": 1.5,
            "eps_latest_yearly": 0.96,
            "eps_growth_yearly": 107.98
        },
        "20051": {
            "year_quarter": 20051,
            "year": 2005,
            "quarter": 1,
            "eps": 0.72,
            "eps_growth_year": 2.86,
            "eps_4q": 2.49,
            "eps_4q_growth_year": 58.42,
            "roe": 3.03,
            "roe_4q": 12.93,
            "gross_profit": 813749,
            "gross_margin": 8.64,
            "gross_margin_4q_avg": 6.44,
            "net_income": 2751602,
            "revenue": 9423588,
            "common_shares": 37996605,
            "book_valuer_per_share": 19.34,
            "book_valuer_per_share_4q_avg": 18.6,
            "equity": 73471029,
            "current_ratio": 115.03,
            "debt_ratio": 35.91,
            "inventory_turnover_ratio": 1,
            "account_receivable_turnover_ratio": null,
            "reinvestment_rate": -53.86,
            "research_to_sale_ratio": null,
            "price_fair": 56.11,
            "eps_avg_yearly": 1.6,
            "eps_latest_yearly": 2.88,
            "eps_growth_yearly": 161.21
        },
        "20052": {
            "year_quarter": 20052,
            "year": 2005,
            "quarter": 2,
            "eps": 0.45,
            "eps_growth_year": -59.09,
            "eps_4q": 1.93,
            "eps_4q_growth_year": -18.18,
            "roe": 2.35,
            "roe_4q": 9.31,
            "gross_profit": 639154,
            "gross_margin": 6.83,
            "gross_margin_4q_avg": 6.44,
            "net_income": 1710969,
            "revenue": 9353664,
            "common_shares": 37996605,
            "book_valuer_per_share": 18.98,
            "book_valuer_per_share_4q_avg": 18.71,
            "equity": 72116519,
            "current_ratio": 118.52,
            "debt_ratio": 38.56,
            "inventory_turnover_ratio": 1.41,
            "account_receivable_turnover_ratio": null,
            "reinvestment_rate": -50.33,
            "research_to_sale_ratio": null,
            "price_fair": 56.6,
            "eps_avg_yearly": 1.62,
            "eps_latest_yearly": 1.8,
            "eps_growth_yearly": 138.98
        },
        "20053": {
            "year_quarter": 20053,
            "year": 2005,
            "quarter": 3,
            "eps": 0.5,
            "eps_growth_year": -3.85,
            "eps_4q": 1.8,
            "eps_4q_growth_year": -26.1,
            "roe": 2.81,
            "roe_4q": 9.209999999999999,
            "gross_profit": 822873,
            "gross_margin": 8.72,
            "gross_margin_4q_avg": 7.74,
            "net_income": 2057719,
            "revenue": 9441222,
            "common_shares": 41036333,
            "book_valuer_per_share": 18.06,
            "book_valuer_per_share_4q_avg": 18.7,
            "equity": 74126469,
            "current_ratio": 120.18,
            "debt_ratio": 36.17,
            "inventory_turnover_ratio": 1.44,
            "account_receivable_turnover_ratio": null,
            "reinvestment_rate": -46.4,
            "research_to_sale_ratio": null,
            "price_fair": 57.49,
            "eps_avg_yearly": 1.64,
            "eps_latest_yearly": 2,
            "eps_growth_yearly": 132.68
        },
        "20054": {
            "year_quarter": 20054,
            "year": 2005,
            "quarter": 4,
            "eps": 0.45,
            "eps_growth_year": 87.5,
            "eps_4q": 2.02,
            "eps_4q_growth_year": -17.99,
            "roe": 1.9,
            "roe_4q": 10.09,
            "gross_profit": 1103577,
            "gross_margin": 10.96,
            "gross_margin_4q_avg": 8.79,
            "net_income": 1863064,
            "revenue": 10068108,
            "common_shares": 41036333,
            "book_valuer_per_share": 18.48,
            "book_valuer_per_share_4q_avg": 18.72,
            "equity": 121675043,
            "current_ratio": 93.13,
            "debt_ratio": 50.6,
            "inventory_turnover_ratio": 0.86,
            "account_receivable_turnover_ratio": null,
            "reinvestment_rate": 194.45,
            "research_to_sale_ratio": null,
            "price_fair": 57.84,
            "eps_avg_yearly": 1.65,
            "eps_latest_yearly": 1.8,
            "eps_growth_yearly": 121.89
        },
        "20061": {
            "year_quarter": 20061,
            "year": 2006,
            "quarter": 1,
            "eps": 0.65,
            "eps_growth_year": -9.72,
            "eps_4q": 2.03,
            "eps_4q_growth_year": -18.46,
            "roe": 2.65,
            "roe_4q": 9.709999999999999,
            "gross_profit": 806763,
            "gross_margin": 9.5,
            "gross_margin_4q_avg": 9,
            "net_income": 2653477,
            "revenue": 8489876,
            "common_shares": 41036333,
            "book_valuer_per_share": 19.17,
            "book_valuer_per_share_4q_avg": 18.67,
            "equity": 78678623,
            "current_ratio": 106.47,
            "debt_ratio": 37.42,
            "inventory_turnover_ratio": 0.74,
            "account_receivable_turnover_ratio": null,
            "reinvestment_rate": -35.47,
            "research_to_sale_ratio": null,
            "price_fair": 61.51,
            "eps_avg_yearly": 1.76,
            "eps_latest_yearly": 2.6,
            "eps_growth_yearly": 100.5
        },
        "20062": {
            "year_quarter": 20062,
            "year": 2006,
            "quarter": 2,
            "eps": 0.48,
            "eps_growth_year": 6.67,
            "eps_4q": 2.07,
            "eps_4q_growth_year": 7.53,
            "roe": 2.55,
            "roe_4q": 9.91,
            "gross_profit": 789420,
            "gross_margin": 7.91,
            "gross_margin_4q_avg": 9.27,
            "net_income": 1981964,
            "revenue": 9983226,
            "common_shares": 41036333,
            "book_valuer_per_share": 18.7,
            "book_valuer_per_share_4q_avg": 18.6,
            "equity": 76748482,
            "current_ratio": 156.47,
            "debt_ratio": 39.8,
            "inventory_turnover_ratio": 1.61,
            "account_receivable_turnover_ratio": null,
            "reinvestment_rate": -30.08,
            "research_to_sale_ratio": null,
            "price_fair": 63.79,
            "eps_avg_yearly": 1.82,
            "eps_latest_yearly": 1.92,
            "eps_growth_yearly": 95.05
        },
        "20063": {
            "year_quarter": 20063,
            "year": 2006,
            "quarter": 3,
            "eps": 0.63,
            "eps_growth_year": 26,
            "eps_4q": 2.13,
            "eps_4q_growth_year": 17.97,
            "roe": 3.51,
            "roe_4q": 10.61,
            "gross_profit": 666912,
            "gross_margin": 6.53,
            "gross_margin_4q_avg": 8.73,
            "net_income": 2735445,
            "revenue": 10220530,
            "common_shares": 43498513,
            "book_valuer_per_share": 18.21,
            "book_valuer_per_share_4q_avg": 18.64,
            "equity": 79190485,
            "current_ratio": 118.28,
            "debt_ratio": 37.44,
            "inventory_turnover_ratio": 1.62,
            "account_receivable_turnover_ratio": null,
            "reinvestment_rate": -26.69,
            "research_to_sale_ratio": null,
            "price_fair": 68.25,
            "eps_avg_yearly": 1.95,
            "eps_latest_yearly": 2.52,
            "eps_growth_yearly": 114.22
        },
        "20064": {
            "year_quarter": 20064,
            "year": 2006,
            "quarter": 4,
            "eps": 0.22,
            "eps_growth_year": -51.11,
            "eps_4q": 1.9,
            "eps_4q_growth_year": -6.26,
            "roe": 0.93,
            "roe_4q": 9.639999999999999,
            "gross_profit": 913089,
            "gross_margin": 8.35,
            "gross_margin_4q_avg": 8.07,
            "net_income": 966297,
            "revenue": 10935908,
            "common_shares": 43498513,
            "book_valuer_per_share": 18.91,
            "book_valuer_per_share_4q_avg": 18.75,
            "equity": 128334132,
            "current_ratio": 106.06,
            "debt_ratio": 48.78,
            "inventory_turnover_ratio": 0.88,
            "account_receivable_turnover_ratio": null,
            "reinvestment_rate": 154.69,
            "research_to_sale_ratio": null,
            "price_fair": 68.86,
            "eps_avg_yearly": 1.97,
            "eps_latest_yearly": 0.88,
            "eps_growth_yearly": 91.7
        },
        "20071": {
            "year_quarter": 20071,
            "year": 2007,
            "quarter": 1,
            "eps": 0.81,
            "eps_growth_year": 24.62,
            "eps_4q": 2.11,
            "eps_4q_growth_year": 3.97,
            "roe": 3.3,
            "roe_4q": 10.29,
            "gross_profit": 1273860,
            "gross_margin": 11.38,
            "gross_margin_4q_avg": 8.54,
            "net_income": 3540775,
            "revenue": 11193590,
            "common_shares": 43498513,
            "book_valuer_per_share": 19.82,
            "book_valuer_per_share_4q_avg": 18.91,
            "equity": 86228520,
            "current_ratio": 193.16,
            "debt_ratio": 35.24,
            "inventory_turnover_ratio": 0.88,
            "account_receivable_turnover_ratio": null,
            "reinvestment_rate": -23.69,
            "research_to_sale_ratio": null,
            "price_fair": 73.24,
            "eps_avg_yearly": 2.09,
            "eps_latest_yearly": 3.24,
            "eps_growth_yearly": 132.08
        },
        "20072": {
            "year_quarter": 20072,
            "year": 2007,
            "quarter": 2,
            "eps": 0.69,
            "eps_growth_year": 43.75,
            "eps_4q": 2.34,
            "eps_4q_growth_year": 13.13,
            "roe": 3.56,
            "roe_4q": 11.299999999999999,
            "gross_profit": 1427582,
            "gross_margin": 11.44,
            "gross_margin_4q_avg": 9.43,
            "net_income": 3020844,
            "revenue": 12477415,
            "common_shares": 43498513,
            "book_valuer_per_share": 19.19,
            "book_valuer_per_share_4q_avg": 19.03,
            "equity": 83459121,
            "current_ratio": 126.64,
            "debt_ratio": 39.51,
            "inventory_turnover_ratio": 1.82,
            "account_receivable_turnover_ratio": null,
            "reinvestment_rate": -22.12,
            "research_to_sale_ratio": null,
            "price_fair": 76.3,
            "eps_avg_yearly": 2.18,
            "eps_latest_yearly": 2.76,
            "eps_growth_yearly": 125.96
        },
        "20073": {
            "year_quarter": 20073,
            "year": 2007,
            "quarter": 3,
            "eps": 0.54,
            "eps_growth_year": -14.29,
            "eps_4q": 2.23,
            "eps_4q_growth_year": 4.67,
            "roe": 2.83,
            "roe_4q": 10.620000000000001,
            "gross_profit": 1410717,
            "gross_margin": 11.05,
            "gross_margin_4q_avg": 10.56,
            "net_income": 2411119,
            "revenue": 12771575,
            "common_shares": 44803469,
            "book_valuer_per_share": 19.45,
            "book_valuer_per_share_4q_avg": 19.34,
            "equity": 87127439,
            "current_ratio": 117.14,
            "debt_ratio": 37.47,
            "inventory_turnover_ratio": 1.84,
            "account_receivable_turnover_ratio": null,
            "reinvestment_rate": -9.77,
            "research_to_sale_ratio": null,
            "price_fair": 78.31,
            "eps_avg_yearly": 2.24,
            "eps_latest_yearly": 2.16,
            "eps_growth_yearly": 122.73
        },
        "20074": {
            "year_quarter": 20074,
            "year": 2007,
            "quarter": 4,
            "eps": 0.53,
            "eps_growth_year": 140.91,
            "eps_4q": 2.52,
            "eps_4q_growth_year": 32.56,
            "roe": 2.08,
            "roe_4q": 11.77,
            "gross_profit": 1346577,
            "gross_margin": 10.59,
            "gross_margin_4q_avg": 11.12,
            "net_income": 2394359,
            "revenue": 12711410,
            "common_shares": 44803469,
            "book_valuer_per_share": 20.52,
            "book_valuer_per_share_4q_avg": 19.75,
            "equity": 142931101,
            "current_ratio": 119.7,
            "debt_ratio": 47.63,
            "inventory_turnover_ratio": 0.88,
            "account_receivable_turnover_ratio": null,
            "reinvestment_rate": 82.47,
            "research_to_sale_ratio": null,
            "price_fair": 80.76,
            "eps_avg_yearly": 2.31,
            "eps_latest_yearly": 2.12,
            "eps_growth_yearly": 127.1
        },
        "20081": {
            "year_quarter": 20081,
            "year": 2008,
            "quarter": 1,
            "eps": 0.77,
            "eps_growth_year": -4.94,
            "eps_4q": 1.69,
            "eps_4q_growth_year": -19.95,
            "roe": 3.59,
            "roe_4q": 12.06,
            "gross_profit": 9587148,
            "gross_margin": 22.39,
            "gross_margin_4q_avg": 13.87,
            "net_income": 5147666,
            "revenue": 42812945,
            "common_shares": 44803469,
            "book_valuer_per_share": 21.31,
            "book_valuer_per_share_4q_avg": 20.12,
            "equity": 144041448,
            "current_ratio": 115.48,
            "debt_ratio": 47.8,
            "inventory_turnover_ratio": 1.67,
            "account_receivable_turnover_ratio": null,
            "reinvestment_rate": 237.15,
            "research_to_sale_ratio": null,
            "price_fair": 81.38,
            "eps_avg_yearly": 2.33,
            "eps_latest_yearly": 3.08,
            "eps_growth_yearly": 93.43
        },
        "20082": {
            "year_quarter": 20082,
            "year": 2008,
            "quarter": 2,
            "eps": 0.35,
            "eps_growth_year": -49.28,
            "eps_4q": 1.11,
            "eps_4q_growth_year": -52.7,
            "roe": 2.26,
            "roe_4q": 10.76,
            "gross_profit": 9460180,
            "gross_margin": 21.55,
            "gross_margin_4q_avg": 16.4,
            "net_income": 3101657,
            "revenue": 43908603,
            "common_shares": 44803469,
            "book_valuer_per_share": 19.28,
            "book_valuer_per_share_4q_avg": 20.14,
            "equity": 130115638,
            "current_ratio": 103.51,
            "debt_ratio": 53.2,
            "inventory_turnover_ratio": 1.63,
            "account_receivable_turnover_ratio": null,
            "reinvestment_rate": 239.55,
            "research_to_sale_ratio": null,
            "price_fair": 74.81,
            "eps_avg_yearly": 2.14,
            "eps_latest_yearly": 1.4,
            "eps_growth_yearly": 65.5
        },
        "20083": {
            "year_quarter": 20083,
            "year": 2008,
            "quarter": 3,
            "eps": 0.14,
            "eps_growth_year": -74.07,
            "eps_4q": 0.64,
            "eps_4q_growth_year": -71.47,
            "roe": 1.36,
            "roe_4q": 9.29,
            "gross_profit": 8951404,
            "gross_margin": 21.61,
            "gross_margin_4q_avg": 19.04,
            "net_income": 1771927,
            "revenue": 41417019,
            "common_shares": 45699538,
            "book_valuer_per_share": 18.77,
            "book_valuer_per_share_4q_avg": 19.97,
            "equity": 131195401,
            "current_ratio": 106.87,
            "debt_ratio": 50.73,
            "inventory_turnover_ratio": 1.51,
            "account_receivable_turnover_ratio": null,
            "reinvestment_rate": 246.49,
            "research_to_sale_ratio": null,
            "price_fair": 71.49,
            "eps_avg_yearly": 2.04,
            "eps_latest_yearly": 0.56,
            "eps_growth_yearly": 63.68
        },
        "20084": {
            "year_quarter": 20084,
            "year": 2008,
            "quarter": 4,
            "eps": -0.22,
            "eps_growth_year": -141.51,
            "eps_4q": 0.45,
            "eps_4q_growth_year": -82.02,
            "roe": 0.22,
            "roe_4q": 7.43,
            "gross_profit": 8014302,
            "gross_margin": 19.18,
            "gross_margin_4q_avg": 21.18,
            "net_income": 296349,
            "revenue": 41783930,
            "common_shares": 45699538,
            "book_valuer_per_share": 18.5,
            "book_valuer_per_share_4q_avg": 19.47,
            "equity": 132814120,
            "current_ratio": 102.45,
            "debt_ratio": 50.96,
            "inventory_turnover_ratio": 1.77,
            "account_receivable_turnover_ratio": 3.34,
            "reinvestment_rate": 26.21,
            "research_to_sale_ratio": null,
            "price_fair": 74.01,
            "eps_avg_yearly": 2.11,
            "eps_latest_yearly": 0.56,
            "eps_growth_yearly": 82.29
        },
        "20091": {
            "year_quarter": 20091,
            "year": 2009,
            "quarter": 1,
            "eps": 0.33,
            "eps_growth_year": -57.14,
            "eps_4q": 0.28,
            "eps_4q_growth_year": -83.38,
            "roe": 2.33,
            "roe_4q": 6.17,
            "gross_profit": 8935390,
            "gross_margin": 24.67,
            "gross_margin_4q_avg": 21.75,
            "net_income": 3148593,
            "revenue": 36214612,
            "common_shares": 45699538,
            "book_valuer_per_share": 19.09,
            "book_valuer_per_share_4q_avg": 18.91,
            "equity": 137615122,
            "current_ratio": 102.59,
            "debt_ratio": 48.79,
            "inventory_turnover_ratio": 1.59,
            "account_receivable_turnover_ratio": 1.61,
            "reinvestment_rate": 261.09,
            "research_to_sale_ratio": null,
            "price_fair": 72.1,
            "eps_avg_yearly": 2.06,
            "eps_latest_yearly": 0.56,
            "eps_growth_yearly": 31.02
        },
        "20092": {
            "year_quarter": 20092,
            "year": 2009,
            "quarter": 2,
            "eps": 0.62,
            "eps_growth_year": 77.14,
            "eps_4q": 0.57,
            "eps_4q_growth_year": -48.66,
            "roe": 3.18,
            "roe_4q": 7.09,
            "gross_profit": 8953962,
            "gross_margin": 21.74,
            "gross_margin_4q_avg": 21.8,
            "net_income": 4294030,
            "revenue": 41190127,
            "common_shares": 45699538,
            "book_valuer_per_share": 19.02,
            "book_valuer_per_share_4q_avg": 18.85,
            "equity": 132561498,
            "current_ratio": 94.49,
            "debt_ratio": 50.53,
            "inventory_turnover_ratio": 1.92,
            "account_receivable_turnover_ratio": 1.95,
            "reinvestment_rate": 247.07,
            "research_to_sale_ratio": null,
            "price_fair": 73.8,
            "eps_avg_yearly": 2.11,
            "eps_latest_yearly": 2.48,
            "eps_growth_yearly": 66.85
        },
        "20093": {
            "year_quarter": 20093,
            "year": 2009,
            "quarter": 3,
            "eps": 0.33,
            "eps_growth_year": 135.71,
            "eps_4q": 0.5,
            "eps_4q_growth_year": -21.43,
            "roe": 2.4,
            "roe_4q": 8.13,
            "gross_profit": 9318095,
            "gross_margin": 22.41,
            "gross_margin_4q_avg": 22,
            "net_income": 3221668,
            "revenue": 41580590,
            "common_shares": 46613529,
            "book_valuer_per_share": 18.96,
            "book_valuer_per_share_4q_avg": 18.89,
            "equity": 136035945,
            "current_ratio": 98.59,
            "debt_ratio": 47.35,
            "inventory_turnover_ratio": 1.98,
            "account_receivable_turnover_ratio": 1.82,
            "reinvestment_rate": 245.88,
            "research_to_sale_ratio": null,
            "price_fair": 72.1,
            "eps_avg_yearly": 2.06,
            "eps_latest_yearly": 1.32,
            "eps_growth_yearly": 50.31
        },
        "20094": {
            "year_quarter": 20094,
            "year": 2009,
            "quarter": 4,
            "eps": 0.47,
            "eps_growth_year": null,
            "eps_4q": 1.74,
            "eps_4q_growth_year": 283.53,
            "roe": 2.85,
            "roe_4q": 10.76,
            "gross_profit": 10236410,
            "gross_margin": 22.04,
            "gross_margin_4q_avg": 22.72,
            "net_income": 3959478,
            "revenue": 46438545,
            "common_shares": 46613529,
            "book_valuer_per_share": 19.85,
            "book_valuer_per_share_4q_avg": 19.23,
            "equity": 141507770,
            "current_ratio": 105.58,
            "debt_ratio": 47.08,
            "inventory_turnover_ratio": 2.53,
            "account_receivable_turnover_ratio": 3.94,
            "reinvestment_rate": 119.92,
            "research_to_sale_ratio": null,
            "price_fair": 72.3,
            "eps_avg_yearly": 2.07,
            "eps_latest_yearly": 1.88,
            "eps_growth_yearly": 65.29
        },
        "20101": {
            "year_quarter": 20101,
            "year": 2010,
            "quarter": 1,
            "eps": 0.43,
            "eps_growth_year": 30.3,
            "eps_4q": 1.84,
            "eps_4q_growth_year": 555.12,
            "roe": 2.63,
            "roe_4q": 11.06,
            "gross_profit": 10348318,
            "gross_margin": 23.26,
            "gross_margin_4q_avg": 22.36,
            "net_income": 3747930,
            "revenue": 44487518,
            "common_shares": 46613529,
            "book_valuer_per_share": 20.1,
            "book_valuer_per_share_4q_avg": 19.48,
            "equity": 144014453,
            "current_ratio": 109.71,
            "debt_ratio": 48.01,
            "inventory_turnover_ratio": 2.41,
            "account_receivable_turnover_ratio": 1.6,
            "reinvestment_rate": 398.92,
            "research_to_sale_ratio": 0.33,
            "price_fair": 70.1,
            "eps_avg_yearly": 2,
            "eps_latest_yearly": 1.72,
            "eps_growth_yearly": 50.16
        },
        "20102": {
            "year_quarter": 20102,
            "year": 2010,
            "quarter": 2,
            "eps": 0.68,
            "eps_growth_year": 10.22,
            "eps_4q": 1.89,
            "eps_4q_growth_year": 232.73,
            "roe": 3.43,
            "roe_4q": 11.31,
            "gross_profit": 11190944,
            "gross_margin": 22.79,
            "gross_margin_4q_avg": 22.63,
            "net_income": 4826451,
            "revenue": 49105704,
            "common_shares": 46613529,
            "book_valuer_per_share": 19.41,
            "book_valuer_per_share_4q_avg": 19.58,
            "equity": 137063414,
            "current_ratio": 103.6,
            "debt_ratio": 52.29,
            "inventory_turnover_ratio": 2.5,
            "account_receivable_turnover_ratio": 1.48,
            "reinvestment_rate": 389.22,
            "research_to_sale_ratio": 0.31,
            "price_fair": 72.1,
            "eps_avg_yearly": 2.06,
            "eps_latest_yearly": 2.72,
            "eps_growth_yearly": 74.24
        },
        "20103": {
            "year_quarter": 20103,
            "year": 2010,
            "quarter": 3,
            "eps": 0.74,
            "eps_growth_year": 123.11,
            "eps_4q": 2.3,
            "eps_4q_growth_year": 361.67,
            "roe": 3.9,
            "roe_4q": 12.81,
            "gross_profit": 11679509,
            "gross_margin": 22.88,
            "gross_margin_4q_avg": 22.74,
            "net_income": 5510295,
            "revenue": 51045370,
            "common_shares": 47545800,
            "book_valuer_per_share": 20.08,
            "book_valuer_per_share_4q_avg": 19.86,
            "equity": 145523095,
            "current_ratio": 103.04,
            "debt_ratio": 49.28,
            "inventory_turnover_ratio": 2.73,
            "account_receivable_turnover_ratio": 1.65,
            "reinvestment_rate": 400.02,
            "research_to_sale_ratio": 0.36,
            "price_fair": 73.2,
            "eps_avg_yearly": 2.09,
            "eps_latest_yearly": 2.96,
            "eps_growth_yearly": 67.83
        },
        "20104": {
            "year_quarter": 20104,
            "year": 2010,
            "quarter": 4,
            "eps": 0.86,
            "eps_growth_year": 83.02,
            "eps_4q": 2.7,
            "eps_4q_growth_year": 55.75,
            "roe": 3.95,
            "roe_4q": 13.91,
            "gross_profit": 14215901,
            "gross_margin": 25.58,
            "gross_margin_4q_avg": 23.63,
            "net_income": 5844116,
            "revenue": 55565636,
            "common_shares": 47545799,
            "book_valuer_per_share": 20.73,
            "book_valuer_per_share_4q_avg": 20.08,
            "equity": 150048024,
            "current_ratio": 115.07,
            "debt_ratio": 48.91,
            "inventory_turnover_ratio": 2.75,
            "account_receivable_turnover_ratio": 2.02,
            "reinvestment_rate": 137.57,
            "research_to_sale_ratio": 0.36,
            "price_fair": 79.6,
            "eps_avg_yearly": 2.27,
            "eps_latest_yearly": 3.44,
            "eps_growth_yearly": 91.06
        },
        "20111": {
            "year_quarter": 20111,
            "year": 2011,
            "quarter": 1,
            "eps": 1,
            "eps_growth_year": 132.56,
            "eps_4q": 3.28,
            "eps_4q_growth_year": 78.42,
            "roe": 4.39,
            "roe_4q": 15.67,
            "gross_profit": 13405369,
            "gross_margin": 23.14,
            "gross_margin_4q_avg": 23.6,
            "net_income": 6722223,
            "revenue": 57937161,
            "common_shares": 47545799,
            "book_valuer_per_share": 21.72,
            "book_valuer_per_share_4q_avg": 20.49,
            "equity": 156208700,
            "current_ratio": 117.89,
            "debt_ratio": 48.5,
            "inventory_turnover_ratio": 2.47,
            "account_receivable_turnover_ratio": 1.91,
            "reinvestment_rate": 365.4,
            "research_to_sale_ratio": 0.27,
            "price_fair": 67.73,
            "eps_avg_yearly": 2.33,
            "eps_latest_yearly": 4,
            "eps_growth_yearly": 19.09
        },
        "20112": {
            "year_quarter": 20112,
            "year": 2011,
            "quarter": 2,
            "eps": 0.68,
            "eps_growth_year": 0.03,
            "eps_4q": 3.21,
            "eps_4q_growth_year": 69.31,
            "roe": 3.21,
            "roe_4q": 15.450000000000001,
            "gross_profit": 11494395,
            "gross_margin": 19.17,
            "gross_margin_4q_avg": 22.69,
            "net_income": 4839052,
            "revenue": 59970594,
            "common_shares": 47545799,
            "book_valuer_per_share": 20.45,
            "book_valuer_per_share_4q_avg": 20.75,
            "equity": 145621320,
            "current_ratio": 110.95,
            "debt_ratio": 53.05,
            "inventory_turnover_ratio": 2.38,
            "account_receivable_turnover_ratio": 1.77,
            "reinvestment_rate": 360.1,
            "research_to_sale_ratio": 0.31,
            "price_fair": 56.23,
            "eps_avg_yearly": 2.33,
            "eps_latest_yearly": 2.72,
            "eps_growth_yearly": 14.18
        },
        "20113": {
            "year_quarter": 20113,
            "year": 2011,
            "quarter": 3,
            "eps": 0.44,
            "eps_growth_year": -40.18,
            "eps_4q": 2.93,
            "eps_4q_growth_year": 27.28,
            "roe": 2.59,
            "roe_4q": 14.14,
            "gross_profit": 10594623,
            "gross_margin": 18.15,
            "gross_margin_4q_avg": 21.51,
            "net_income": 3828093,
            "revenue": 58384931,
            "common_shares": 48972173,
            "book_valuer_per_share": 20.51,
            "book_valuer_per_share_4q_avg": 20.85,
            "equity": 149779597,
            "current_ratio": 110.49,
            "debt_ratio": 51.85,
            "inventory_turnover_ratio": 2.31,
            "account_receivable_turnover_ratio": 1.71,
            "reinvestment_rate": 376.41,
            "research_to_sale_ratio": 0.3,
            "price_fair": 46.64,
            "eps_avg_yearly": 2.3,
            "eps_latest_yearly": 1.76,
            "eps_growth_yearly": 10.31
        },
        "20114": {
            "year_quarter": 20114,
            "year": 2011,
            "quarter": 4,
            "eps": 0.17,
            "eps_growth_year": -80.63,
            "eps_4q": 2.26,
            "eps_4q_growth_year": -16.22,
            "roe": 1.44,
            "roe_4q": 11.629999999999999,
            "gross_profit": 10816663,
            "gross_margin": 18.25,
            "gross_margin_4q_avg": 19.68,
            "net_income": 2285035,
            "revenue": 59268560,
            "common_shares": 48972173,
            "book_valuer_per_share": 22.78,
            "book_valuer_per_share_4q_avg": 21.37,
            "equity": 168410224,
            "current_ratio": 118.9,
            "debt_ratio": 48.81,
            "inventory_turnover_ratio": 2.18,
            "account_receivable_turnover_ratio": 1.75,
            "reinvestment_rate": 201.86,
            "research_to_sale_ratio": 0.36,
            "price_fair": 6.58,
            "eps_avg_yearly": 2.19,
            "eps_latest_yearly": 0.68,
            "eps_growth_yearly": -6.7
        },
        "20121": {
            "year_quarter": 20121,
            "year": 2012,
            "quarter": 1,
            "eps": 0.6,
            "eps_growth_year": -40,
            "eps_4q": 1.89,
            "eps_4q_growth_year": -42.32,
            "roe": 2.81,
            "roe_4q": 10.05,
            "gross_profit": 13463083,
            "gross_margin": 22,
            "gross_margin_4q_avg": 19.39,
            "net_income": 4790003,
            "revenue": 61200934,
            "common_shares": 48972173,
            "book_valuer_per_share": 23.13,
            "book_valuer_per_share_4q_avg": 21.72,
            "equity": 172261415,
            "current_ratio": 123.84,
            "debt_ratio": 47.78,
            "inventory_turnover_ratio": 2.06,
            "account_receivable_turnover_ratio": 1.84,
            "reinvestment_rate": 222.82,
            "research_to_sale_ratio": 0.26,
            "price_fair": 75.1,
            "eps_avg_yearly": 2.15,
            "eps_latest_yearly": 2.4,
            "eps_growth_yearly": 52.63
        },
        "20122": {
            "year_quarter": 20122,
            "year": 2012,
            "quarter": 2,
            "eps": 0.67,
            "eps_growth_year": -1.82,
            "eps_4q": 1.85,
            "eps_4q_growth_year": -42.45,
            "roe": 2.83,
            "roe_4q": 9.67,
            "gross_profit": 13204534,
            "gross_margin": 21.01,
            "gross_margin_4q_avg": 19.85,
            "net_income": 4761614,
            "revenue": 62844517,
            "common_shares": 48972173,
            "book_valuer_per_share": 21.97,
            "book_valuer_per_share_4q_avg": 22.1,
            "equity": 164642936,
            "current_ratio": 124.71,
            "debt_ratio": 52.4,
            "inventory_turnover_ratio": 2.21,
            "account_receivable_turnover_ratio": 1.93,
            "reinvestment_rate": 218.12,
            "research_to_sale_ratio": 0.28,
            "price_fair": 78.3,
            "eps_avg_yearly": 2.24,
            "eps_latest_yearly": 2.68,
            "eps_growth_yearly": 71.55
        },
        "20123": {
            "year_quarter": 20123,
            "year": 2012,
            "quarter": 3,
            "eps": 0.2,
            "eps_growth_year": -54.31,
            "eps_4q": 1.62,
            "eps_4q_growth_year": -44.79,
            "roe": 1.64,
            "roe_4q": 8.719999999999999,
            "gross_profit": 11320281,
            "gross_margin": 19.43,
            "gross_margin_4q_avg": 20.17,
            "net_income": 2716671,
            "revenue": 58257645,
            "common_shares": 50441338,
            "book_valuer_per_share": 21.52,
            "book_valuer_per_share_4q_avg": 22.35,
            "equity": 167636120,
            "current_ratio": 123.62,
            "debt_ratio": 49.84,
            "inventory_turnover_ratio": 2.19,
            "account_receivable_turnover_ratio": 1.86,
            "reinvestment_rate": 218.17,
            "research_to_sale_ratio": 0.3,
            "price_fair": 78.9,
            "eps_avg_yearly": 2.25,
            "eps_latest_yearly": 0.8,
            "eps_growth_yearly": 68.65
        },
        "20124": {
            "year_quarter": 20124,
            "year": 2012,
            "quarter": 4,
            "eps": 0.27,
            "eps_growth_year": 62.15,
            "eps_4q": 1.73,
            "eps_4q_growth_year": -23.7,
            "roe": 1.6,
            "roe_4q": 8.88,
            "gross_profit": 10416588,
            "gross_margin": 17.92,
            "gross_margin_4q_avg": 20.09,
            "net_income": 2720428,
            "revenue": 58113926,
            "common_shares": 50441338,
            "book_valuer_per_share": 21.88,
            "book_valuer_per_share_4q_avg": 22.13,
            "equity": 171825097,
            "current_ratio": 124.97,
            "debt_ratio": 49.34,
            "inventory_turnover_ratio": 2.29,
            "account_receivable_turnover_ratio": 1.93,
            "reinvestment_rate": 206.92,
            "research_to_sale_ratio": 0.33,
            "price_fair": 76.16,
            "eps_avg_yearly": 2.18,
            "eps_latest_yearly": 1.08,
            "eps_growth_yearly": 73.41
        },
        "20131": {
            "year_quarter": 20131,
            "year": 2013,
            "quarter": 1,
            "eps": 0.37,
            "eps_growth_year": -38.33,
            "eps_4q": 1.51,
            "eps_4q_growth_year": -20.05,
            "roe": 2.05,
            "roe_4q": 8.120000000000001,
            "gross_profit": 10936835,
            "gross_margin": 18.98,
            "gross_margin_4q_avg": 19.34,
            "net_income": 3567095,
            "revenue": 57620493,
            "common_shares": 50441338,
            "book_valuer_per_share": 22.41,
            "book_valuer_per_share_4q_avg": 21.95,
            "equity": 176421188,
            "current_ratio": 128.79,
            "debt_ratio": 50.15,
            "inventory_turnover_ratio": 2.04,
            "account_receivable_turnover_ratio": 1.98,
            "reinvestment_rate": 130.05,
            "research_to_sale_ratio": 0.3,
            "price_fair": 74.64,
            "eps_avg_yearly": 2.13,
            "eps_latest_yearly": 1.48,
            "eps_growth_yearly": 78.08
        },
        "20132": {
            "year_quarter": 20132,
            "year": 2013,
            "quarter": 2,
            "eps": 0.43,
            "eps_growth_year": -35.92,
            "eps_4q": 1.22,
            "eps_4q_growth_year": -33.82,
            "roe": 2.29,
            "roe_4q": 7.579999999999999,
            "gross_profit": 11584523,
            "gross_margin": 18.97,
            "gross_margin_4q_avg": 18.83,
            "net_income": 3934307,
            "revenue": 61080543,
            "common_shares": 50441338,
            "book_valuer_per_share": 21.56,
            "book_valuer_per_share_4q_avg": 21.84,
            "equity": 167369274,
            "current_ratio": 114.33,
            "debt_ratio": 54.1,
            "inventory_turnover_ratio": 2.05,
            "account_receivable_turnover_ratio": 2.09,
            "reinvestment_rate": 141,
            "research_to_sale_ratio": 0.24,
            "price_fair": 72.98,
            "eps_avg_yearly": 2.09,
            "eps_latest_yearly": 1.72,
            "eps_growth_yearly": 60.16
        },
        "20133": {
            "year_quarter": 20133,
            "year": 2013,
            "quarter": 3,
            "eps": 0.33,
            "eps_growth_year": 63.99,
            "eps_4q": 1.33,
            "eps_4q_growth_year": -17.69,
            "roe": 2.07,
            "roe_4q": 8.01,
            "gross_profit": 12706045,
            "gross_margin": 21.01,
            "gross_margin_4q_avg": 19.22,
            "net_income": 3493642,
            "revenue": 60480479,
            "common_shares": 51450165,
            "book_valuer_per_share": 21.45,
            "book_valuer_per_share_4q_avg": 21.83,
            "equity": 170742732,
            "current_ratio": 114.39,
            "debt_ratio": 53.09,
            "inventory_turnover_ratio": 2,
            "account_receivable_turnover_ratio": 1.99,
            "reinvestment_rate": 150.29,
            "research_to_sale_ratio": 0.28,
            "price_fair": 72.98,
            "eps_avg_yearly": 2.09,
            "eps_latest_yearly": 1.32,
            "eps_growth_yearly": 66.04
        },
        "20134": {
            "year_quarter": 20134,
            "year": 2013,
            "quarter": 4,
            "eps": 0.33,
            "eps_growth_year": 23.3,
            "eps_4q": 1.4,
            "eps_4q_growth_year": -18.91,
            "roe": 1.9,
            "roe_4q": 8.309999999999999,
            "gross_profit": 11257069,
            "gross_margin": 18.87,
            "gross_margin_4q_avg": 19.46,
            "net_income": 3289495,
            "revenue": 59659142,
            "common_shares": 51450165,
            "book_valuer_per_share": 21.93,
            "book_valuer_per_share_4q_avg": 21.84,
            "equity": 175680659,
            "current_ratio": 113.85,
            "debt_ratio": 54.53,
            "inventory_turnover_ratio": 2,
            "account_receivable_turnover_ratio": 2.05,
            "reinvestment_rate": 40.06,
            "research_to_sale_ratio": 0.31,
            "price_fair": 71.75,
            "eps_avg_yearly": 2.05,
            "eps_latest_yearly": 1.32,
            "eps_growth_yearly": 55.44
        },
        "20141": {
            "year_quarter": 20141,
            "year": 2014,
            "quarter": 1,
            "eps": 0.39,
            "eps_growth_year": 5.41,
            "eps_4q": 1.4,
            "eps_4q_growth_year": -7.6,
            "roe": 1.65,
            "roe_4q": 7.909999999999999,
            "gross_profit": 11936925,
            "gross_margin": 20.49,
            "gross_margin_4q_avg": 19.84,
            "net_income": 3592372,
            "revenue": 58243539,
            "common_shares": 51450165,
            "book_valuer_per_share": 37.8,
            "book_valuer_per_share_4q_avg": 25.69,
            "equity": 260893912,
            "current_ratio": 118.92,
            "debt_ratio": 45.93,
            "inventory_turnover_ratio": 2,
            "account_receivable_turnover_ratio": 2.08,
            "reinvestment_rate": 76.8,
            "research_to_sale_ratio": 0.28,
            "price_fair": 71.4,
            "eps_avg_yearly": 2.04,
            "eps_latest_yearly": 1.56,
            "eps_growth_yearly": 62.11
        },
        "20142": {
            "year_quarter": 20142,
            "year": 2014,
            "quarter": 2,
            "eps": 0.92,
            "eps_growth_year": 113.95,
            "eps_4q": 1.83,
            "eps_4q_growth_year": 49.86,
            "roe": 2.52,
            "roe_4q": 8.14,
            "gross_profit": 12598067,
            "gross_margin": 21.51,
            "gross_margin_4q_avg": 20.47,
            "net_income": 6458594,
            "revenue": 58576151,
            "common_shares": 51450165,
            "book_valuer_per_share": 37.01,
            "book_valuer_per_share_4q_avg": 29.55,
            "equity": 251309536,
            "current_ratio": 111.87,
            "debt_ratio": 49.46,
            "inventory_turnover_ratio": 2.07,
            "account_receivable_turnover_ratio": 2.04,
            "reinvestment_rate": 62.09,
            "research_to_sale_ratio": 0.31,
            "price_fair": 73.5,
            "eps_avg_yearly": 2.1,
            "eps_latest_yearly": 3.68,
            "eps_growth_yearly": 81.55
        },
        "20143": {
            "year_quarter": 20143,
            "year": 2014,
            "quarter": 3,
            "eps": 0.59,
            "eps_growth_year": 78.79,
            "eps_4q": 2.08,
            "eps_4q_growth_year": 56.05,
            "roe": 1.78,
            "roe_4q": 7.85,
            "gross_profit": 12384577,
            "gross_margin": 20.85,
            "gross_margin_4q_avg": 20.43,
            "net_income": 4542383,
            "revenue": 59400821,
            "common_shares": 52479168,
            "book_valuer_per_share": 37.21,
            "book_valuer_per_share_4q_avg": 33.49,
            "equity": 258006025,
            "current_ratio": 107.7,
            "debt_ratio": 47.59,
            "inventory_turnover_ratio": 2.06,
            "account_receivable_turnover_ratio": 2.03,
            "reinvestment_rate": 61.86,
            "research_to_sale_ratio": 0.32,
            "price_fair": 72.19,
            "eps_avg_yearly": 2.06,
            "eps_latest_yearly": 2.36,
            "eps_growth_yearly": 70.38
        },
        "20144": {
            "year_quarter": 20144,
            "year": 2014,
            "quarter": 4,
            "eps": 0.35,
            "eps_growth_year": 4.94,
            "eps_4q": 2.1,
            "eps_4q_growth_year": 50.09,
            "roe": 1,
            "roe_4q": 6.950000000000001,
            "gross_profit": 10943484,
            "gross_margin": 18.46,
            "gross_margin_4q_avg": 20.33,
            "net_income": 2594953,
            "revenue": 59286128,
            "common_shares": 52479168,
            "book_valuer_per_share": 38.02,
            "book_valuer_per_share_4q_avg": 37.51,
            "equity": 263318754,
            "current_ratio": 111.35,
            "debt_ratio": 46.98,
            "inventory_turnover_ratio": 2.14,
            "account_receivable_turnover_ratio": 2.07,
            "reinvestment_rate": 85.13,
            "research_to_sale_ratio": 0.34,
            "price_fair": 67.73,
            "eps_avg_yearly": 1.94,
            "eps_latest_yearly": 1.4,
            "eps_growth_yearly": 56.15
        },
        "20151": {
            "year_quarter": 20151,
            "year": 2015,
            "quarter": 1,
            "eps": 0.54,
            "eps_growth_year": 38.46,
            "eps_4q": 2.25,
            "eps_4q_growth_year": 60.88,
            "roe": 1.74,
            "roe_4q": 7.040000000000001,
            "gross_profit": 12846493,
            "gross_margin": 24,
            "gross_margin_4q_avg": 21.21,
            "net_income": 4626504,
            "revenue": 53529552,
            "common_shares": 52479168,
            "book_valuer_per_share": 38.7,
            "book_valuer_per_share_4q_avg": 37.74,
            "equity": 268839560,
            "current_ratio": 113.89,
            "debt_ratio": 47.3,
            "inventory_turnover_ratio": 1.76,
            "account_receivable_turnover_ratio": 2,
            "reinvestment_rate": 98.38,
            "research_to_sale_ratio": 0.35,
            "price_fair": 63.7,
            "eps_avg_yearly": 1.82,
            "eps_latest_yearly": 2.16,
            "eps_growth_yearly": 65.65
        },
        "20152": {
            "year_quarter": 20152,
            "year": 2015,
            "quarter": 2,
            "eps": 0.73,
            "eps_growth_year": -20.65,
            "eps_4q": 2.06,
            "eps_4q_growth_year": 12.63,
            "roe": 2.11,
            "roe_4q": 6.63,
            "gross_profit": 13224261,
            "gross_margin": 23.85,
            "gross_margin_4q_avg": 21.79,
            "net_income": 5566081,
            "revenue": 55445564,
            "common_shares": 52479168,
            "book_valuer_per_share": 37.92,
            "book_valuer_per_share_4q_avg": 37.96,
            "equity": 259168870,
            "current_ratio": 108.5,
            "debt_ratio": 50.57,
            "inventory_turnover_ratio": 1.7,
            "account_receivable_turnover_ratio": 2.09,
            "reinvestment_rate": 92.85,
            "research_to_sale_ratio": 0.36,
            "price_fair": 64.14,
            "eps_avg_yearly": 1.83,
            "eps_latest_yearly": 2.92,
            "eps_growth_yearly": 82.45
        },
        "20153": {
            "year_quarter": 20153,
            "year": 2015,
            "quarter": 3,
            "eps": 0.15,
            "eps_growth_year": -74.58,
            "eps_4q": 1.67,
            "eps_4q_growth_year": -19.91,
            "roe": 0.91,
            "roe_4q": 5.76,
            "gross_profit": 12922193,
            "gross_margin": 24.9,
            "gross_margin_4q_avg": 22.8,
            "net_income": 2378812,
            "revenue": 51905237,
            "common_shares": 53528751,
            "book_valuer_per_share": 37.63,
            "book_valuer_per_share_4q_avg": 38.07,
            "equity": 263999126,
            "current_ratio": 105.25,
            "debt_ratio": 48.95,
            "inventory_turnover_ratio": 1.59,
            "account_receivable_turnover_ratio": 2.07,
            "reinvestment_rate": 90.68,
            "research_to_sale_ratio": 0.36,
            "price_fair": 61.6,
            "eps_avg_yearly": 1.76,
            "eps_latest_yearly": 0.6,
            "eps_growth_yearly": 71.41
        },
        "20154": {
            "year_quarter": 20154,
            "year": 2015,
            "quarter": 4,
            "eps": 0.18,
            "eps_growth_year": -48.98,
            "eps_4q": 1.5,
            "eps_4q_growth_year": -28.61,
            "roe": 0.81,
            "roe_4q": 5.57,
            "gross_profit": 11490890,
            "gross_margin": 20.14,
            "gross_margin_4q_avg": 23.22,
            "net_income": 2114972,
            "revenue": 57067849,
            "common_shares": 53528751,
            "book_valuer_per_share": 36.86,
            "book_valuer_per_share_4q_avg": 37.78,
            "equity": 260397003,
            "current_ratio": 119.83,
            "debt_ratio": 49.8,
            "inventory_turnover_ratio": 1.9,
            "account_receivable_turnover_ratio": 2.47,
            "reinvestment_rate": 32.34,
            "research_to_sale_ratio": 0.37,
            "price_fair": 61.69,
            "eps_avg_yearly": 1.76,
            "eps_latest_yearly": 0.72,
            "eps_growth_yearly": 91.75
        },
        "20161": {
            "year_quarter": 20161,
            "year": 2016,
            "quarter": 1,
            "eps": 0.17,
            "eps_growth_year": -68.52,
            "eps_4q": 1.16,
            "eps_4q_growth_year": -48.24,
            "roe": 0.99,
            "roe_4q": 4.82,
            "gross_profit": 12729222,
            "gross_margin": 24.67,
            "gross_margin_4q_avg": 23.39,
            "net_income": 2566862,
            "revenue": 51595906,
            "common_shares": 53528751,
            "book_valuer_per_share": 36.54,
            "book_valuer_per_share_4q_avg": 37.24,
            "equity": 260367516,
            "current_ratio": 108.52,
            "debt_ratio": 49.98,
            "inventory_turnover_ratio": 1.61,
            "account_receivable_turnover_ratio": 2.27,
            "reinvestment_rate": 26.07,
            "research_to_sale_ratio": 0.41,
            "price_fair": 57.93,
            "eps_avg_yearly": 1.66,
            "eps_latest_yearly": 0.68,
            "eps_growth_yearly": 27.13
        },
        "20162": {
            "year_quarter": 20162,
            "year": 2016,
            "quarter": 2,
            "eps": 0.34,
            "eps_growth_year": -53.42,
            "eps_4q": 0.8,
            "eps_4q_growth_year": -61.14,
            "roe": 1.38,
            "roe_4q": 4.09,
            "gross_profit": 13300015,
            "gross_margin": 24.2,
            "gross_margin_4q_avg": 23.48,
            "net_income": 3511286,
            "revenue": 54969479,
            "common_shares": 53528751,
            "book_valuer_per_share": 35.57,
            "book_valuer_per_share_4q_avg": 36.65,
            "equity": 249210307,
            "current_ratio": 109.78,
            "debt_ratio": 52.63,
            "inventory_turnover_ratio": 1.82,
            "account_receivable_turnover_ratio": 2.39,
            "reinvestment_rate": 25.86,
            "research_to_sale_ratio": 0.37,
            "price_fair": 55.04,
            "eps_avg_yearly": 1.57,
            "eps_latest_yearly": 1.36,
            "eps_growth_yearly": 49.21
        },
        "20163": {
            "year_quarter": 20163,
            "year": 2016,
            "quarter": 3,
            "eps": 0.27,
            "eps_growth_year": 80,
            "eps_4q": 0.9,
            "eps_4q_growth_year": -45.67,
            "roe": 1.26,
            "roe_4q": 4.4399999999999995,
            "gross_profit": 13154154,
            "gross_margin": 24.87,
            "gross_margin_4q_avg": 23.47,
            "net_income": 3150760,
            "revenue": 52889669,
            "common_shares": 53528751,
            "book_valuer_per_share": 35.48,
            "book_valuer_per_share_4q_avg": 36.11,
            "equity": 250374530,
            "current_ratio": 108.9,
            "debt_ratio": 51.59,
            "inventory_turnover_ratio": 1.84,
            "account_receivable_turnover_ratio": 2.25,
            "reinvestment_rate": 19.09,
            "research_to_sale_ratio": 0.41,
            "price_fair": 55.65,
            "eps_avg_yearly": 1.59,
            "eps_latest_yearly": 1.08,
            "eps_growth_yearly": 61.6
        },
        "20164": {
            "year_quarter": 20164,
            "year": 2016,
            "quarter": 4,
            "eps": 0.45,
            "eps_growth_year": 153.42,
            "eps_4q": 1.18,
            "eps_4q_growth_year": -21.49,
            "roe": 1.38,
            "roe_4q": 5.01,
            "gross_profit": 11988286,
            "gross_margin": 21.25,
            "gross_margin_4q_avg": 23.75,
            "net_income": 3473782,
            "revenue": 56402672,
            "common_shares": 53528751,
            "book_valuer_per_share": 35.67,
            "book_valuer_per_share_4q_avg": 35.82,
            "equity": 252192652,
            "current_ratio": 100.33,
            "debt_ratio": 50.88,
            "inventory_turnover_ratio": 2.06,
            "account_receivable_turnover_ratio": 2.36,
            "reinvestment_rate": 7.12,
            "research_to_sale_ratio": 0.43,
            "price_fair": 57.23,
            "eps_avg_yearly": 1.64,
            "eps_latest_yearly": 1.8,
            "eps_growth_yearly": 69.52
        },
        "20171": {
            "year_quarter": 20171,
            "year": 2017,
            "quarter": 1,
            "eps": 0.26,
            "eps_growth_year": 52.94,
            "eps_4q": 1.26,
            "eps_4q_growth_year": 8.41,
            "roe": 1.14,
            "roe_4q": 5.159999999999999,
            "gross_profit": 12303734,
            "gross_margin": 24.42,
            "gross_margin_4q_avg": 23.69,
            "net_income": 2871891,
            "revenue": 50383416,
            "common_shares": 53528751,
            "book_valuer_per_share": 35.56,
            "book_valuer_per_share_4q_avg": 35.57,
            "equity": 253031897,
            "current_ratio": 97.24,
            "debt_ratio": 49.51,
            "inventory_turnover_ratio": 1.62,
            "account_receivable_turnover_ratio": 2.1,
            "reinvestment_rate": 105.98,
            "research_to_sale_ratio": 0.4,
            "price_fair": 56.26,
            "eps_avg_yearly": 1.61,
            "eps_latest_yearly": 1.04,
            "eps_growth_yearly": 49.7
        },
        "20172": {
            "year_quarter": 20172,
            "year": 2017,
            "quarter": 2,
            "eps": 0.31,
            "eps_growth_year": -8.82,
            "eps_4q": 1.23,
            "eps_4q_growth_year": 53.47,
            "roe": 1.24,
            "roe_4q": 5.02,
            "gross_profit": 11550171,
            "gross_margin": 21.83,
            "gross_margin_4q_avg": 23.09,
            "net_income": 3089039,
            "revenue": 52908263,
            "common_shares": 53528751,
            "book_valuer_per_share": 35.18,
            "book_valuer_per_share_4q_avg": 35.47,
            "equity": 245441778,
            "current_ratio": 104.59,
            "debt_ratio": 52.56,
            "inventory_turnover_ratio": 1.7,
            "account_receivable_turnover_ratio": 2.21,
            "reinvestment_rate": 113.56,
            "research_to_sale_ratio": 0.38,
            "price_fair": 55.21,
            "eps_avg_yearly": 1.58,
            "eps_latest_yearly": 1.24,
            "eps_growth_yearly": 50.46
        },
        "20173": {
            "year_quarter": 20173,
            "year": 2017,
            "quarter": 3,
            "eps": 0.72,
            "eps_growth_year": 166.67,
            "eps_4q": 1.65,
            "eps_4q_growth_year": 82.81,
            "roe": 2.16,
            "roe_4q": 5.92,
            "gross_profit": 14313135,
            "gross_margin": 25.39,
            "gross_margin_4q_avg": 23.22,
            "net_income": 5358688,
            "revenue": 56373797,
            "common_shares": 53528751,
            "book_valuer_per_share": 35.88,
            "book_valuer_per_share_4q_avg": 35.57,
            "equity": 251348996,
            "current_ratio": 96.1,
            "debt_ratio": 50.32,
            "inventory_turnover_ratio": 1.75,
            "account_receivable_turnover_ratio": 2.26,
            "reinvestment_rate": 112.26,
            "research_to_sale_ratio": 0.34,
            "price_fair": 58.63,
            "eps_avg_yearly": 1.68,
            "eps_latest_yearly": 2.88,
            "eps_growth_yearly": 89.34
        },
        "20174": {
            "year_quarter": 20174,
            "year": 2017,
            "quarter": 4,
            "eps": 0.3,
            "eps_growth_year": -32.54,
            "eps_4q": 1.51,
            "eps_4q_growth_year": 27.88,
            "roe": 1.14,
            "roe_4q": 5.68,
            "gross_profit": 11531720,
            "gross_margin": 19.82,
            "gross_margin_4q_avg": 22.87,
            "net_income": 2881719,
            "revenue": 58183153,
            "common_shares": 53528751,
            "book_valuer_per_share": 36.31,
            "book_valuer_per_share_4q_avg": 35.73,
            "equity": 255539093,
            "current_ratio": 98.44,
            "debt_ratio": 50.55,
            "inventory_turnover_ratio": 1.84,
            "account_receivable_turnover_ratio": 2.28,
            "reinvestment_rate": 96.57,
            "research_to_sale_ratio": 0.37,
            "price_fair": 58.36,
            "eps_avg_yearly": 1.67,
            "eps_latest_yearly": 1.2,
            "eps_growth_yearly": 74.75
        },
        "20181": {
            "year_quarter": 20181,
            "year": 2018,
            "quarter": 1,
            "eps": 0.49,
            "eps_growth_year": 88.46,
            "eps_4q": 1.73,
            "eps_4q_growth_year": 36.86,
            "roe": 1.57,
            "roe_4q": 6.11,
            "gross_profit": 10766051,
            "gross_margin": 20.92,
            "gross_margin_4q_avg": 21.99,
            "net_income": 4102368,
            "revenue": 51457884,
            "common_shares": 53528751,
            "book_valuer_per_share": 37.33,
            "book_valuer_per_share_4q_avg": 36.18,
            "equity": 266423351,
            "current_ratio": 98.37,
            "debt_ratio": 50.99,
            "inventory_turnover_ratio": 1.54,
            "account_receivable_turnover_ratio": 1.9,
            "reinvestment_rate": 64.57,
            "research_to_sale_ratio": 0.36,
            "price_fair": 59.24,
            "eps_avg_yearly": 1.69,
            "eps_latest_yearly": 1.96,
            "eps_growth_yearly": 86.04
        },
        "20182": {
            "year_quarter": 20182,
            "year": 2018,
            "quarter": 2,
            "eps": 0.98,
            "eps_growth_year": 216.13,
            "eps_4q": 2.36,
            "eps_4q_growth_year": 91.57,
            "roe": 2.55,
            "roe_4q": 7.42,
            "gross_profit": 12261855,
            "gross_margin": 22.73,
            "gross_margin_4q_avg": 22.22,
            "net_income": 6710682,
            "revenue": 53938585,
            "common_shares": 53528751,
            "book_valuer_per_share": 37.3,
            "book_valuer_per_share_4q_avg": 36.71,
            "equity": 260914937,
            "current_ratio": 102.27,
            "debt_ratio": 52.92,
            "inventory_turnover_ratio": 1.58,
            "account_receivable_turnover_ratio": 1.83,
            "reinvestment_rate": 71.22,
            "research_to_sale_ratio": 0.38,
            "price_fair": 59.76,
            "eps_avg_yearly": 1.71,
            "eps_latest_yearly": 3.92,
            "eps_growth_yearly": 77.07
        },
        "20183": {
            "year_quarter": 20183,
            "year": 2018,
            "quarter": 3,
            "eps": 0.7,
            "eps_growth_year": -2.78,
            "eps_4q": 2.33,
            "eps_4q_growth_year": 41.01,
            "roe": 2.07,
            "roe_4q": 7.329999999999999,
            "gross_profit": 12258597,
            "gross_margin": 19.84,
            "gross_margin_4q_avg": 20.83,
            "net_income": 5438333,
            "revenue": 61798670,
            "common_shares": 53528751,
            "book_valuer_per_share": 37.78,
            "book_valuer_per_share_4q_avg": 37.18,
            "equity": 265297532,
            "current_ratio": 103.73,
            "debt_ratio": 51.43,
            "inventory_turnover_ratio": 1.67,
            "account_receivable_turnover_ratio": 2,
            "reinvestment_rate": 51.67,
            "research_to_sale_ratio": 0.36,
            "price_fair": 60.73,
            "eps_avg_yearly": 1.74,
            "eps_latest_yearly": 2.8,
            "eps_growth_yearly": 78.89
        },
        "20184": {
            "year_quarter": 20184,
            "year": 2018,
            "quarter": 4,
            "eps": 0.22,
            "eps_growth_year": -27.92,
            "eps_4q": 2.25,
            "eps_4q_growth_year": 49.12,
            "roe": 0.8,
            "roe_4q": 6.99,
            "gross_profit": 9113609,
            "gross_margin": 14.83,
            "gross_margin_4q_avg": 19.58,
            "net_income": 2140219,
            "revenue": 61466794,
            "common_shares": 53528751,
            "book_valuer_per_share": 38.03,
            "book_valuer_per_share_4q_avg": 37.61,
            "equity": 267729437,
            "current_ratio": 100.24,
            "debt_ratio": 52.66,
            "inventory_turnover_ratio": 1.57,
            "account_receivable_turnover_ratio": 2.03,
            "reinvestment_rate": 69.89,
            "research_to_sale_ratio": 0.36,
            "price_fair": 59.59,
            "eps_avg_yearly": 1.7,
            "eps_latest_yearly": 0.88,
            "eps_growth_yearly": 71.92
        },
        "20191": {
            "year_quarter": 20191,
            "year": 2019,
            "quarter": 1,
            "eps": 0.4,
            "eps_growth_year": -18.37,
            "eps_4q": 2.16,
            "eps_4q_growth_year": 25.13,
            "roe": 1.26,
            "roe_4q": 6.68,
            "gross_profit": 10873732,
            "gross_margin": 17.56,
            "gross_margin_4q_avg": 18.74,
            "net_income": 3441689,
            "revenue": 61919917,
            "common_shares": 53528751,
            "book_valuer_per_share": 38.81,
            "book_valuer_per_share_4q_avg": 37.98,
            "equity": 276606650,
            "current_ratio": 100.31,
            "debt_ratio": 51.88,
            "inventory_turnover_ratio": 1.55,
            "account_receivable_turnover_ratio": 2.1,
            "reinvestment_rate": 60.06,
            "research_to_sale_ratio": 0.4,
            "price_fair": 58.36,
            "eps_avg_yearly": 1.67,
            "eps_latest_yearly": 1.6,
            "eps_growth_yearly": 78.8
        },
        "20192": {
            "year_quarter": 20192,
            "year": 2019,
            "quarter": 2,
            "eps": 0.7,
            "eps_growth_year": -28.57,
            "eps_4q": 1.9,
            "eps_4q_growth_year": -19.31,
            "roe": 1.86,
            "roe_4q": 5.99,
            "gross_profit": 12584417,
            "gross_margin": 18.86,
            "gross_margin_4q_avg": 17.77,
            "net_income": 5042514,
            "revenue": 66726582,
            "common_shares": 53528751,
            "book_valuer_per_share": 37.67,
            "book_valuer_per_share_4q_avg": 38.07,
            "equity": 264558635,
            "current_ratio": 96.11,
            "debt_ratio": 54.55,
            "inventory_turnover_ratio": 1.79,
            "account_receivable_turnover_ratio": 2.17,
            "reinvestment_rate": 66.26,
            "research_to_sale_ratio": 0.4,
            "price_fair": 58.1,
            "eps_avg_yearly": 1.66,
            "eps_latest_yearly": 2.8,
            "eps_growth_yearly": 88.75
        },
        "20193": {
            "year_quarter": 20193,
            "year": 2019,
            "quarter": 3,
            "eps": 0.59,
            "eps_growth_year": -15.71,
            "eps_4q": 1.8,
            "eps_4q_growth_year": -22.76,
            "roe": 1.7,
            "roe_4q": 5.62,
            "gross_profit": 11556612,
            "gross_margin": 18.73,
            "gross_margin_4q_avg": 17.5,
            "net_income": 4519750,
            "revenue": 61710428,
            "common_shares": 53528751,
            "book_valuer_per_share": 37.87,
            "book_valuer_per_share_4q_avg": 38.1,
            "equity": 266988228,
            "current_ratio": 82.18,
            "debt_ratio": 51.73,
            "inventory_turnover_ratio": 1.76,
            "account_receivable_turnover_ratio": 2.03,
            "reinvestment_rate": 51.91,
            "research_to_sale_ratio": 0.49,
            "price_fair": 61.95,
            "eps_avg_yearly": 1.77,
            "eps_latest_yearly": 2.36,
            "eps_growth_yearly": 104.69
        },
        "20194": {
            "year_quarter": 20194,
            "year": 2019,
            "quarter": 4,
            "eps": 0.42,
            "eps_growth_year": 92.62,
            "eps_4q": 2.01,
            "eps_4q_growth_year": -10.77,
            "roe": 1.27,
            "roe_4q": 6.09,
            "gross_profit": 9732369,
            "gross_margin": 16.28,
            "gross_margin_4q_avg": 17.86,
            "net_income": 3431210,
            "revenue": 59794147,
            "common_shares": 53528751,
            "book_valuer_per_share": 38.21,
            "book_valuer_per_share_4q_avg": 38.14,
            "equity": 271321183,
            "current_ratio": 103.59,
            "debt_ratio": 52.9,
            "inventory_turnover_ratio": 1.8,
            "account_receivable_turnover_ratio": 2.14,
            "reinvestment_rate": 58.86,
            "research_to_sale_ratio": 0.4,
            "price_fair": 64.05,
            "eps_avg_yearly": 1.83,
            "eps_latest_yearly": 1.68,
            "eps_growth_yearly": 92.48
        },
        "20201": {
            "year_quarter": 20201,
            "year": 2020,
            "quarter": 1,
            "eps": 0.3,
            "eps_growth_year": -25,
            "eps_4q": 1.91,
            "eps_4q_growth_year": -11.7,
            "roe": 1.06,
            "roe_4q": 5.890000000000001,
            "gross_profit": 9501829,
            "gross_margin": 18.19,
            "gross_margin_4q_avg": 18.02,
            "net_income": 2883463,
            "revenue": 52236311,
            "common_shares": 53528751,
            "book_valuer_per_share": 38.12,
            "book_valuer_per_share_4q_avg": 37.97,
            "equity": 272061542,
            "current_ratio": 85.12,
            "debt_ratio": 56.13,
            "inventory_turnover_ratio": 1.69,
            "account_receivable_turnover_ratio": 1.96,
            "reinvestment_rate": 54.42,
            "research_to_sale_ratio": 0.42,
            "price_fair": 65.19,
            "eps_avg_yearly": 1.86,
            "eps_latest_yearly": 1.2,
            "eps_growth_yearly": 86.73
        },
        "20202": {
            "year_quarter": 20202,
            "year": 2020,
            "quarter": 2,
            "eps": 0.44,
            "eps_growth_year": -37.14,
            "eps_4q": 1.66,
            "eps_4q_growth_year": -12.52,
            "roe": 1.29,
            "roe_4q": 5.32,
            "gross_profit": 9614645,
            "gross_margin": 19.64,
            "gross_margin_4q_avg": 18.21,
            "net_income": 3438787,
            "revenue": 48943592,
            "common_shares": 53528751,
            "book_valuer_per_share": 36.91,
            "book_valuer_per_share_4q_avg": 37.78,
            "equity": 259987693,
            "current_ratio": 97.61,
            "debt_ratio": 58,
            "inventory_turnover_ratio": 1.77,
            "account_receivable_turnover_ratio": 1.95,
            "reinvestment_rate": 54.82,
            "research_to_sale_ratio": 0.44,
            "price_fair": 66.06,
            "eps_avg_yearly": 1.89,
            "eps_latest_yearly": 1.76,
            "eps_growth_yearly": 73.4
        },
        "20203": {
            "year_quarter": 20203,
            "year": 2020,
            "quarter": 3,
            "eps": 0.6,
            "eps_growth_year": 1.69,
            "eps_4q": 1.67,
            "eps_4q_growth_year": -7.42,
            "roe": 1.61,
            "roe_4q": 5.23,
            "gross_profit": 10416464,
            "gross_margin": 21.02,
            "gross_margin_4q_avg": 18.78,
            "net_income": 4211022,
            "revenue": 49553952,
            "common_shares": 53528751,
            "book_valuer_per_share": 37.53,
            "book_valuer_per_share_4q_avg": 37.69,
            "equity": 264684587,
            "current_ratio": 83.17,
            "debt_ratio": 56.34,
            "inventory_turnover_ratio": 1.89,
            "account_receivable_turnover_ratio": 2.03,
            "reinvestment_rate": 68.66,
            "research_to_sale_ratio": 0.43,
            "price_fair": 68.95,
            "eps_avg_yearly": 1.97,
            "eps_latest_yearly": 2.4,
            "eps_growth_yearly": 87.63
        },
        "20204": {
            "year_quarter": 20204,
            "year": 2020,
            "quarter": 4,
            "eps": 0.26,
            "eps_growth_year": -38.15,
            "eps_4q": 1.51,
            "eps_4q_growth_year": -24.88,
            "roe": 0.92,
            "roe_4q": 4.880000000000001,
            "gross_profit": 10862738,
            "gross_margin": 19.39,
            "gross_margin_4q_avg": 19.56,
            "net_income": 2447267,
            "revenue": 56035426,
            "common_shares": 53528751,
            "book_valuer_per_share": 38.12,
            "book_valuer_per_share_4q_avg": 37.67,
            "equity": 269424640,
            "current_ratio": 103.94,
            "debt_ratio": 56.33,
            "inventory_turnover_ratio": 2.14,
            "account_receivable_turnover_ratio": 2.17,
            "reinvestment_rate": 79.05,
            "research_to_sale_ratio": 0.39,
            "price_fair": 67.29,
            "eps_avg_yearly": 1.92,
            "eps_latest_yearly": 1.04,
            "eps_growth_yearly": 56.8
        },
        "20211": {
            "year_quarter": 20211,
            "year": 2021,
            "quarter": 1,
            "eps": 0.54,
            "eps_growth_year": 80,
            "eps_4q": 1.73,
            "eps_4q_growth_year": -9.26,
            "roe": 1.44,
            "roe_4q": 5.26,
            "gross_profit": 11903027,
            "gross_margin": 21.16,
            "gross_margin_4q_avg": 20.3,
            "net_income": 3918962,
            "revenue": 56248001,
            "common_shares": 53528751,
            "book_valuer_per_share": 38.58,
            "book_valuer_per_share_4q_avg": 37.79,
            "equity": 272996855,
            "current_ratio": 92.01,
            "debt_ratio": 56.57,
            "inventory_turnover_ratio": 1.86,
            "account_receivable_turnover_ratio": 2.06,
            "reinvestment_rate": 88.28,
            "research_to_sale_ratio": 0.42,
            "price_fair": 69.74,
            "eps_avg_yearly": 1.99,
            "eps_latest_yearly": 2.16,
            "eps_growth_yearly": 94.28
        },
        "20212": {
            "year_quarter": 20212,
            "year": 2021,
            "quarter": 2,
            "eps": 0.71,
            "eps_growth_year": 61.36,
            "eps_4q": 1.98,
            "eps_4q_growth_year": 19.15,
            "roe": 1.7,
            "roe_4q": 5.67,
            "gross_profit": 11831162,
            "gross_margin": 20.23,
            "gross_margin_4q_avg": 20.45,
            "net_income": 4557016,
            "revenue": 58493983,
            "common_shares": 53528751,
            "book_valuer_per_share": 37.86,
            "book_valuer_per_share_4q_avg": 38.02,
            "equity": 263666989,
            "current_ratio": 108,
            "debt_ratio": 58.37,
            "inventory_turnover_ratio": 1.32,
            "account_receivable_turnover_ratio": 2.07,
            "reinvestment_rate": 71.27,
            "research_to_sale_ratio": 0.33,
            "price_fair": 73.24,
            "eps_avg_yearly": 2.09,
            "eps_latest_yearly": 2.84,
            "eps_growth_yearly": 97.34
        },
        "20213": {
            "year_quarter": 20213,
            "year": 2021,
            "quarter": 3,
            "eps": 0.45,
            "eps_growth_year": -25,
            "eps_4q": 1.85,
            "eps_4q_growth_year": 10.79,
            "roe": 1.55,
            "roe_4q": 5.609999999999999,
            "gross_profit": 10817513,
            "gross_margin": 18.51,
            "gross_margin_4q_avg": 19.82,
            "net_income": 4106281,
            "revenue": 58445527,
            "common_shares": 53528751,
            "book_valuer_per_share": 38.16,
            "book_valuer_per_share_4q_avg": 38.18,
            "equity": 266407079,
            "current_ratio": 101.8,
            "debt_ratio": 58.11,
            "inventory_turnover_ratio": 1.03,
            "account_receivable_turnover_ratio": 1.96,
            "reinvestment_rate": 70.03,
            "research_to_sale_ratio": 0.37,
            "price_fair": 70.88,
            "eps_avg_yearly": 2.03,
            "eps_latest_yearly": 1.8,
            "eps_growth_yearly": 55.12
        },
        "20214": {
            "year_quarter": 20214,
            "year": 2021,
            "quarter": 4,
            "eps": 0.22,
            "eps_growth_year": -14.68,
            "eps_4q": 1.81,
            "eps_4q_growth_year": 20.12,
            "roe": 0.84,
            "roe_4q": 5.529999999999999,
            "gross_profit": 11933998,
            "gross_margin": 18.19,
            "gross_margin_4q_avg": 19.52,
            "net_income": 2262226,
            "revenue": 65618706,
            "common_shares": 53528751,
            "book_valuer_per_share": 38.5,
            "book_valuer_per_share_4q_avg": 38.28,
            "equity": 269414918,
            "current_ratio": 116.06,
            "debt_ratio": 57.59,
            "inventory_turnover_ratio": 1.11,
            "account_receivable_turnover_ratio": 2.18,
            "reinvestment_rate": 71,
            "research_to_sale_ratio": 0.35,
            "price_fair": 70.18,
            "eps_avg_yearly": 2.01,
            "eps_latest_yearly": 0.88,
            "eps_growth_yearly": 56.93
        },
        "20221": {
            "year_quarter": 20221,
            "year": 2022,
            "quarter": 1,
            "eps": 0.55,
            "eps_growth_year": 1.85,
            "eps_4q": 1.82,
            "eps_4q_growth_year": 4.86,
            "roe": 1.49,
            "roe_4q": 5.58,
            "gross_profit": 13444233,
            "gross_margin": 21.21,
            "gross_margin_4q_avg": 19.54,
            "net_income": 4067499,
            "revenue": 63384251,
            "common_shares": 53528751,
            "book_valuer_per_share": 39.67,
            "book_valuer_per_share_4q_avg": 38.55,
            "equity": 277091161,
            "current_ratio": 110.9,
            "debt_ratio": 57.23,
            "inventory_turnover_ratio": 0.96,
            "account_receivable_turnover_ratio": 2.09,
            "reinvestment_rate": 75.44,
            "research_to_sale_ratio": 0.35,
            "price_fair": 70.7,
            "eps_avg_yearly": 2.02,
            "eps_latest_yearly": 2.2,
            "eps_growth_yearly": 78.6
        },
        "20222": {
            "year_quarter": 20222,
            "year": 2022,
            "quarter": 2,
            "eps": 0.62,
            "eps_growth_year": -12.68,
            "eps_4q": 1.74,
            "eps_4q_growth_year": -12.43,
            "roe": 1.68,
            "roe_4q": 5.56,
            "gross_profit": 14682598,
            "gross_margin": 21.19,
            "gross_margin_4q_avg": 19.78,
            "net_income": 4565679,
            "revenue": 69296305,
            "common_shares": 53528751,
            "book_valuer_per_share": 38.54,
            "book_valuer_per_share_4q_avg": 38.72,
            "equity": 266319936,
            "current_ratio": 104.08,
            "debt_ratio": 59.82,
            "inventory_turnover_ratio": 0.96,
            "account_receivable_turnover_ratio": 2.07,
            "reinvestment_rate": 68.91,
            "research_to_sale_ratio": 0.33,
            "price_fair": 67.55,
            "eps_avg_yearly": 1.93,
            "eps_latest_yearly": 2.48,
            "eps_growth_yearly": 56.78
        },
        "20223": {
            "year_quarter": 20223,
            "year": 2022,
            "quarter": 3,
            "eps": 0.46,
            "eps_growth_year": 2.22,
            "eps_4q": 1.74,
            "eps_4q_growth_year": -5.7,
            "roe": 1.31,
            "roe_4q": 5.32,
            "gross_profit": 11648849,
            "gross_margin": 17.34,
            "gross_margin_4q_avg": 19.48,
            "net_income": 3538019,
            "revenue": 67195255,
            "common_shares": 53528751,
            "book_valuer_per_share": 39.42,
            "book_valuer_per_share_4q_avg": 39.03,
            "equity": 272197116,
            "current_ratio": 99.99,
            "debt_ratio": 58.83,
            "inventory_turnover_ratio": 0.97,
            "account_receivable_turnover_ratio": 1.95,
            "reinvestment_rate": 84.65,
            "research_to_sale_ratio": 0.38,
            "price_fair": 65.45,
            "eps_avg_yearly": 1.87,
            "eps_latest_yearly": 1.84,
            "eps_growth_yearly": 57.47
        },
        "20224": {
            "year_quarter": 20224,
            "year": 2022,
            "quarter": 4,
            "eps": 0.01,
            "eps_growth_year": -97.55,
            "eps_4q": 1.52,
            "eps_4q_growth_year": -15.74,
            "roe": 0.43,
            "roe_4q": 4.91,
            "gross_profit": 10244771,
            "gross_margin": 15.99,
            "gross_margin_4q_avg": 18.93,
            "net_income": 1169953,
            "revenue": 64068714,
            "common_shares": 53528751,
            "book_valuer_per_share": 39.05,
            "book_valuer_per_share_4q_avg": 39.17,
            "equity": 271672077,
            "current_ratio": 102.33,
            "debt_ratio": 58.7,
            "inventory_turnover_ratio": 0.98,
            "account_receivable_turnover_ratio": 2.06,
            "reinvestment_rate": 58.85,
            "research_to_sale_ratio": 0.44,
            "price_fair": 63.61,
            "eps_avg_yearly": 1.82,
            "eps_latest_yearly": 0.04,
            "eps_growth_yearly": 50.16
        },
        "20231": {
            "year_quarter": 20231,
            "year": 2023,
            "quarter": 1,
            "eps": 0.29,
            "eps_growth_year": -47.27,
            "eps_4q": 1.28,
            "eps_4q_growth_year": -29.37,
            "roe": 1.11,
            "roe_4q": 4.53,
            "gross_profit": 11223090,
            "gross_margin": 18.24,
            "gross_margin_4q_avg": 18.19,
            "net_income": 3028293,
            "revenue": 61539147,
            "common_shares": 53528751,
            "book_valuer_per_share": 39.46,
            "book_valuer_per_share_4q_avg": 39.12,
            "equity": 275479529,
            "current_ratio": 111.8,
            "debt_ratio": 58.66,
            "inventory_turnover_ratio": 0.94,
            "account_receivable_turnover_ratio": 2.06,
            "reinvestment_rate": 48.56,
            "research_to_sale_ratio": 0.41,
            "price_fair": 62.65,
            "eps_avg_yearly": 1.79,
            "eps_latest_yearly": 1.16,
            "eps_growth_yearly": 729.7
        }
    },
    "months": {
        "2001-06": {
            "month": "2001-06",
            "price": "19.80",
            "revenue": 2551502
        },
        "2001-07": {
            "month": "2001-07",
            "price": "16.57",
            "revenue": 2825270
        },
        "2001-08": {
            "month": "2001-08",
            "price": "14.71",
            "revenue": 2988076
        },
        "2001-09": {
            "month": "2001-09",
            "price": "11.96",
            "revenue": 2401939
        },
        "2001-10": {
            "month": "2001-10",
            "price": "9.68",
            "revenue": 2535907
        },
        "2001-11": {
            "month": "2001-11",
            "price": "11.16",
            "revenue": 2507674
        },
        "2001-12": {
            "month": "2001-12",
            "price": "13.81",
            "revenue": 2452501
        },
        "2002-01": {
            "month": "2002-01",
            "price": "12.89",
            "revenue": 2429992
        },
        "2002-02": {
            "month": "2002-02",
            "price": "13.33",
            "revenue": 1969652
        },
        "2002-03": {
            "month": "2002-03",
            "price": "14.25",
            "revenue": 2944639
        },
        "2002-04": {
            "month": "2002-04",
            "price": "15.36",
            "revenue": 2829355
        },
        "2002-05": {
            "month": "2002-05",
            "price": "15.16",
            "revenue": 2886511
        },
        "2002-06": {
            "month": "2002-06",
            "price": "15.08",
            "revenue": 2445626
        },
        "2002-07": {
            "month": "2002-07",
            "price": "13.84",
            "revenue": 2643154
        },
        "2002-08": {
            "month": "2002-08",
            "price": "12.36",
            "revenue": 2777017
        },
        "2002-09": {
            "month": "2002-09",
            "price": "10.89",
            "revenue": 2621885
        },
        "2002-10": {
            "month": "2002-10",
            "price": "10.08",
            "revenue": 2904228
        },
        "2002-11": {
            "month": "2002-11",
            "price": "11.90",
            "revenue": 2664366
        },
        "2002-12": {
            "month": "2002-12",
            "price": "12.50",
            "revenue": 3190259
        },
        "2003-01": {
            "month": "2003-01",
            "price": "15.38",
            "revenue": 2480455
        },
        "2003-02": {
            "month": "2003-02",
            "price": "14.14",
            "revenue": 2769864
        },
        "2003-03": {
            "month": "2003-03",
            "price": "12.65",
            "revenue": 2590028
        },
        "2003-04": {
            "month": "2003-04",
            "price": "12.28",
            "revenue": 2825189
        },
        "2003-05": {
            "month": "2003-05",
            "price": "11.15",
            "revenue": 2667690
        },
        "2003-06": {
            "month": "2003-06",
            "price": "13.45",
            "revenue": 2788550
        },
        "2003-07": {
            "month": "2003-07",
            "price": "14.53",
            "revenue": 2899500
        },
        "2003-08": {
            "month": "2003-08",
            "price": "14.73",
            "revenue": 2908081
        },
        "2003-09": {
            "month": "2003-09",
            "price": "14.63",
            "revenue": 2959471
        },
        "2003-10": {
            "month": "2003-10",
            "price": "17.15",
            "revenue": 3062722
        },
        "2003-11": {
            "month": "2003-11",
            "price": "17.48",
            "revenue": 2893220
        },
        "2003-12": {
            "month": "2003-12",
            "price": "17.11",
            "revenue": 3223952
        },
        "2004-01": {
            "month": "2004-01",
            "price": "19.07",
            "revenue": 2870658
        },
        "2004-02": {
            "month": "2004-02",
            "price": "22.70",
            "revenue": 3088157
        },
        "2004-03": {
            "month": "2004-03",
            "price": "22.61",
            "revenue": 3109109
        },
        "2004-04": {
            "month": "2004-04",
            "price": "22.31",
            "revenue": 3253042
        },
        "2004-05": {
            "month": "2004-05",
            "price": "18.43",
            "revenue": 3111022
        },
        "2004-06": {
            "month": "2004-06",
            "price": "18.67",
            "revenue": 2991321
        },
        "2004-07": {
            "month": "2004-07",
            "price": "18.51",
            "revenue": 3225280
        },
        "2004-08": {
            "month": "2004-08",
            "price": "18.24",
            "revenue": 3450086
        },
        "2004-09": {
            "month": "2004-09",
            "price": "21.85",
            "revenue": 3452574
        },
        "2004-10": {
            "month": "2004-10",
            "price": "24.08",
            "revenue": 3515152
        },
        "2004-11": {
            "month": "2004-11",
            "price": "24.50",
            "revenue": 3141753
        },
        "2004-12": {
            "month": "2004-12",
            "price": "25.21",
            "revenue": 3055162
        },
        "2005-01": {
            "month": "2005-01",
            "price": "23.83",
            "revenue": 3272161
        },
        "2005-02": {
            "month": "2005-02",
            "price": "23.13",
            "revenue": 2668279
        },
        "2005-03": {
            "month": "2005-03",
            "price": "22.46",
            "revenue": 3483148
        },
        "2005-04": {
            "month": "2005-04",
            "price": "20.04",
            "revenue": 3154520
        },
        "2005-05": {
            "month": "2005-05",
            "price": "21.94",
            "revenue": 3095223
        },
        "2005-06": {
            "month": "2005-06",
            "price": "24.13",
            "revenue": 3103921
        },
        "2005-07": {
            "month": "2005-07",
            "price": "24.60",
            "revenue": 3006497
        },
        "2005-08": {
            "month": "2005-08",
            "price": "23.94",
            "revenue": 3176348
        },
        "2005-09": {
            "month": "2005-09",
            "price": "20.33",
            "revenue": 3258376
        },
        "2005-10": {
            "month": "2005-10",
            "price": "18.97",
            "revenue": 3263448
        },
        "2005-11": {
            "month": "2005-11",
            "price": "19.98",
            "revenue": 3305793
        },
        "2005-12": {
            "month": "2005-12",
            "price": "21.58",
            "revenue": 3498867
        },
        "2006-01": {
            "month": "2006-01",
            "price": "22.08",
            "revenue": 2706855
        },
        "2006-02": {
            "month": "2006-02",
            "price": "23.69",
            "revenue": 2884307
        },
        "2006-03": {
            "month": "2006-03",
            "price": "23.15",
            "revenue": 2898714
        },
        "2006-04": {
            "month": "2006-04",
            "price": "25.08",
            "revenue": 3291353
        },
        "2006-05": {
            "month": "2006-05",
            "price": "27.24",
            "revenue": 3154697
        },
        "2006-06": {
            "month": "2006-06",
            "price": "25.31",
            "revenue": 3537175
        },
        "2006-07": {
            "month": "2006-07",
            "price": "24.87",
            "revenue": 3112546
        },
        "2006-08": {
            "month": "2006-08",
            "price": "23.99",
            "revenue": 3835561
        },
        "2006-09": {
            "month": "2006-09",
            "price": "24.22",
            "revenue": 3272423
        },
        "2006-10": {
            "month": "2006-10",
            "price": "26.09",
            "revenue": 3537858
        },
        "2006-11": {
            "month": "2006-11",
            "price": "26.51",
            "revenue": 3771480
        },
        "2006-12": {
            "month": "2006-12",
            "price": "28.26",
            "revenue": 3626570
        },
        "2007-01": {
            "month": "2007-01",
            "price": "27.62",
            "revenue": 3587412
        },
        "2007-02": {
            "month": "2007-02",
            "price": "28.35",
            "revenue": 3093027
        },
        "2007-03": {
            "month": "2007-03",
            "price": "26.68",
            "revenue": 4513151
        },
        "2007-04": {
            "month": "2007-04",
            "price": "29.76",
            "revenue": 4260234
        },
        "2007-05": {
            "month": "2007-05",
            "price": "32.26",
            "revenue": 4343666
        },
        "2007-06": {
            "month": "2007-06",
            "price": "32.12",
            "revenue": 3873515
        },
        "2007-07": {
            "month": "2007-07",
            "price": "38.30",
            "revenue": 4374692
        },
        "2007-08": {
            "month": "2007-08",
            "price": "36.16",
            "revenue": 4230435
        },
        "2007-09": {
            "month": "2007-09",
            "price": "39.53",
            "revenue": 4166449
        },
        "2007-10": {
            "month": "2007-10",
            "price": "44.09",
            "revenue": 4552673
        },
        "2007-11": {
            "month": "2007-11",
            "price": "39.49",
            "revenue": 4328075
        },
        "2007-12": {
            "month": "2007-12",
            "price": "37.56",
            "revenue": 3830661
        },
        "2008-01": {
            "month": "2008-01",
            "price": "43.08",
            "revenue": 14848368
        },
        "2008-02": {
            "month": "2008-02",
            "price": "47.84",
            "revenue": 13685714
        },
        "2008-03": {
            "month": "2008-03",
            "price": "52.47",
            "revenue": 16209503
        },
        "2008-04": {
            "month": "2008-04",
            "price": "51.36",
            "revenue": 13533160
        },
        "2008-05": {
            "month": "2008-05",
            "price": "49.16",
            "revenue": 15495054
        },
        "2008-06": {
            "month": "2008-06",
            "price": "45.14",
            "revenue": 15637448
        },
        "2008-07": {
            "month": "2008-07",
            "price": "38.82",
            "revenue": 14272886
        },
        "2008-08": {
            "month": "2008-08",
            "price": "35.27",
            "revenue": 14097566
        },
        "2008-09": {
            "month": "2008-09",
            "price": "24.57",
            "revenue": 13367158
        },
        "2008-10": {
            "month": "2008-10",
            "price": "19.80",
            "revenue": 13797830
        },
        "2008-11": {
            "month": "2008-11",
            "price": "20.02",
            "revenue": 13232250
        },
        "2008-12": {
            "month": "2008-12",
            "price": "22.19",
            "revenue": 14197031
        },
        "2009-01": {
            "month": "2009-01",
            "price": "22.44",
            "revenue": 11143456
        },
        "2009-02": {
            "month": "2009-02",
            "price": "21.37",
            "revenue": 12058626
        },
        "2009-03": {
            "month": "2009-03",
            "price": "23.00",
            "revenue": 13488979
        },
        "2009-04": {
            "month": "2009-04",
            "price": "29.09",
            "revenue": 13782983
        },
        "2009-05": {
            "month": "2009-05",
            "price": "36.58",
            "revenue": 14066297
        },
        "2009-06": {
            "month": "2009-06",
            "price": "36.25",
            "revenue": 14379136
        },
        "2009-07": {
            "month": "2009-07",
            "price": "38.47",
            "revenue": 13026177
        },
        "2009-08": {
            "month": "2009-08",
            "price": "34.83",
            "revenue": 14515816
        },
        "2009-09": {
            "month": "2009-09",
            "price": "36.55",
            "revenue": 13650998
        },
        "2009-10": {
            "month": "2009-10",
            "price": "39.84",
            "revenue": 14195593
        },
        "2009-11": {
            "month": "2009-11",
            "price": "39.55",
            "revenue": 14751628
        },
        "2009-12": {
            "month": "2009-12",
            "price": "38.88",
            "revenue": 16325955
        },
        "2010-01": {
            "month": "2010-01",
            "price": "39.17",
            "revenue": 14387962
        },
        "2010-02": {
            "month": "2010-02",
            "price": "33.59",
            "revenue": 13519519
        },
        "2010-03": {
            "month": "2010-03",
            "price": "35.75",
            "revenue": 16580037
        },
        "2010-04": {
            "month": "2010-04",
            "price": "35.73",
            "revenue": 15617639
        },
        "2010-05": {
            "month": "2010-05",
            "price": "32.19",
            "revenue": 15608016
        },
        "2010-06": {
            "month": "2010-06",
            "price": "33.63",
            "revenue": 17880051
        },
        "2010-07": {
            "month": "2010-07",
            "price": "35.26",
            "revenue": 16599043
        },
        "2010-08": {
            "month": "2010-08",
            "price": "38.28",
            "revenue": 17182892
        },
        "2010-09": {
            "month": "2010-09",
            "price": "39.39",
            "revenue": 17603162
        },
        "2010-10": {
            "month": "2010-10",
            "price": "44.50",
            "revenue": 16592652
        },
        "2010-11": {
            "month": "2010-11",
            "price": "46.61",
            "revenue": 18589319
        },
        "2010-12": {
            "month": "2010-12",
            "price": "47.94",
            "revenue": 20039272
        },
        "2011-01": {
            "month": "2011-01",
            "price": "49.04",
            "revenue": 19298903
        },
        "2011-02": {
            "month": "2011-02",
            "price": "47.91",
            "revenue": 16665325
        },
        "2011-03": {
            "month": "2011-03",
            "price": "44.37",
            "revenue": 22105949
        },
        "2011-04": {
            "month": "2011-04",
            "price": "46.18",
            "revenue": 19851465
        },
        "2011-05": {
            "month": "2011-05",
            "price": "44.92",
            "revenue": 19639144
        },
        "2011-06": {
            "month": "2011-06",
            "price": "44.20",
            "revenue": 20521138
        },
        "2011-07": {
            "month": "2011-07",
            "price": "44.05",
            "revenue": 18527754
        },
        "2011-08": {
            "month": "2011-08",
            "price": "41.76",
            "revenue": 20006500
        },
        "2011-09": {
            "month": "2011-09",
            "price": "33.37",
            "revenue": 19283665
        },
        "2011-10": {
            "month": "2011-10",
            "price": "32.08",
            "revenue": 19124427
        },
        "2011-11": {
            "month": "2011-11",
            "price": "34.17",
            "revenue": 19445726
        },
        "2011-12": {
            "month": "2011-12",
            "price": "33.72",
            "revenue": 21132697
        },
        "2012-01": {
            "month": "2012-01",
            "price": "35.71",
            "revenue": 19616421
        },
        "2012-02": {
            "month": "2012-02",
            "price": "37.24",
            "revenue": 19897641
        },
        "2012-03": {
            "month": "2012-03",
            "price": "34.63",
            "revenue": 21801772
        },
        "2012-04": {
            "month": "2012-04",
            "price": "33.27",
            "revenue": 19311307
        },
        "2012-05": {
            "month": "2012-05",
            "price": "31.60",
            "revenue": 20699478
        },
        "2012-06": {
            "month": "2012-06",
            "price": "29.85",
            "revenue": 22752391
        },
        "2012-07": {
            "month": "2012-07",
            "price": "32.40",
            "revenue": 19694319
        },
        "2012-08": {
            "month": "2012-08",
            "price": "33.41",
            "revenue": 19470410
        },
        "2012-09": {
            "month": "2012-09",
            "price": "32.70",
            "revenue": 18687037
        },
        "2012-10": {
            "month": "2012-10",
            "price": "31.86",
            "revenue": 18974020
        },
        "2012-11": {
            "month": "2012-11",
            "price": "31.57",
            "revenue": 19016084
        },
        "2012-12": {
            "month": "2012-12",
            "price": "33.67",
            "revenue": 20554495
        },
        "2013-01": {
            "month": "2013-01",
            "price": "33.65",
            "revenue": 20245463
        },
        "2013-02": {
            "month": "2013-02",
            "price": "33.92",
            "revenue": 17252878
        },
        "2013-03": {
            "month": "2013-03",
            "price": "31.50",
            "revenue": 20295002
        },
        "2013-04": {
            "month": "2013-04",
            "price": "31.15",
            "revenue": 19926277
        },
        "2013-05": {
            "month": "2013-05",
            "price": "32.27",
            "revenue": 20817977
        },
        "2013-06": {
            "month": "2013-06",
            "price": "31.35",
            "revenue": 20195767
        },
        "2013-07": {
            "month": "2013-07",
            "price": "33.12",
            "revenue": 19936379
        },
        "2013-08": {
            "month": "2013-08",
            "price": "32.80",
            "revenue": 20803252
        },
        "2013-09": {
            "month": "2013-09",
            "price": "32.37",
            "revenue": 19547404
        },
        "2013-10": {
            "month": "2013-10",
            "price": "33.67",
            "revenue": 19735696
        },
        "2013-11": {
            "month": "2013-11",
            "price": "32.91",
            "revenue": 18997488
        },
        "2013-12": {
            "month": "2013-12",
            "price": "33.85",
            "revenue": 20949664
        },
        "2014-01": {
            "month": "2014-01",
            "price": "32.96",
            "revenue": 20454635
        },
        "2014-02": {
            "month": "2014-02",
            "price": "31.52",
            "revenue": 18034621
        },
        "2014-03": {
            "month": "2014-03",
            "price": "31.52",
            "revenue": 19770964
        },
        "2014-04": {
            "month": "2014-04",
            "price": "31.92",
            "revenue": 18946158
        },
        "2014-05": {
            "month": "2014-05",
            "price": "31.26",
            "revenue": 19547161
        },
        "2014-06": {
            "month": "2014-06",
            "price": "31.56",
            "revenue": 20064223
        },
        "2014-07": {
            "month": "2014-07",
            "price": "33.31",
            "revenue": 19486324
        },
        "2014-08": {
            "month": "2014-08",
            "price": "33.20",
            "revenue": 19443025
        },
        "2014-09": {
            "month": "2014-09",
            "price": "31.67",
            "revenue": 20495476
        },
        "2014-10": {
            "month": "2014-10",
            "price": "30.94",
            "revenue": 19188103
        },
        "2014-11": {
            "month": "2014-11",
            "price": "31.11",
            "revenue": 18963914
        },
        "2014-12": {
            "month": "2014-12",
            "price": "30.48",
            "revenue": 21156384
        },
        "2015-01": {
            "month": "2015-01",
            "price": "31.34",
            "revenue": 18046515
        },
        "2015-02": {
            "month": "2015-02",
            "price": "32.28",
            "revenue": 16979979
        },
        "2015-03": {
            "month": "2015-03",
            "price": "32.14",
            "revenue": 18546090
        },
        "2015-04": {
            "month": "2015-04",
            "price": "32.48",
            "revenue": 18865899
        },
        "2015-05": {
            "month": "2015-05",
            "price": "33.72",
            "revenue": 17984391
        },
        "2015-06": {
            "month": "2015-06",
            "price": "32.33",
            "revenue": 18551613
        },
        "2015-07": {
            "month": "2015-07",
            "price": "31.93",
            "revenue": 17257221
        },
        "2015-08": {
            "month": "2015-08",
            "price": "28.97",
            "revenue": 16812007
        },
        "2015-09": {
            "month": "2015-09",
            "price": "29.26",
            "revenue": 17521804
        },
        "2015-10": {
            "month": "2015-10",
            "price": "30.08",
            "revenue": 19789494
        },
        "2015-11": {
            "month": "2015-11",
            "price": "28.05",
            "revenue": 17718060
        },
        "2015-12": {
            "month": "2015-12",
            "price": "25.75",
            "revenue": 19807162
        },
        "2016-01": {
            "month": "2016-01",
            "price": "24.29",
            "revenue": 17841430
        },
        "2016-02": {
            "month": "2016-02",
            "price": "24.77",
            "revenue": 15158546
        },
        "2016-03": {
            "month": "2016-03",
            "price": "27.00",
            "revenue": 18647674
        },
        "2016-04": {
            "month": "2016-04",
            "price": "24.88",
            "revenue": 18014292
        },
        "2016-05": {
            "month": "2016-05",
            "price": "22.93",
            "revenue": 18227706
        },
        "2016-06": {
            "month": "2016-06",
            "price": "23.20",
            "revenue": 18654776
        },
        "2016-07": {
            "month": "2016-07",
            "price": "24.47",
            "revenue": 17647796
        },
        "2016-08": {
            "month": "2016-08",
            "price": "24.32",
            "revenue": 17983108
        },
        "2016-09": {
            "month": "2016-09",
            "price": "23.84",
            "revenue": 17283161
        },
        "2016-10": {
            "month": "2016-10",
            "price": "23.85",
            "revenue": 18223348
        },
        "2016-11": {
            "month": "2016-11",
            "price": "23.47",
            "revenue": 18205417
        },
        "2016-12": {
            "month": "2016-12",
            "price": "24.23",
            "revenue": 19987537
        },
        "2017-01": {
            "month": "2017-01",
            "price": "24.93",
            "revenue": 16392590
        },
        "2017-02": {
            "month": "2017-02",
            "price": "27.34",
            "revenue": 16342337
        },
        "2017-03": {
            "month": "2017-03",
            "price": "26.90",
            "revenue": 17630313
        },
        "2017-04": {
            "month": "2017-04",
            "price": "25.46",
            "revenue": 16923687
        },
        "2017-05": {
            "month": "2017-05",
            "price": "24.51",
            "revenue": 17710843
        },
        "2017-06": {
            "month": "2017-06",
            "price": "24.29",
            "revenue": 18280696
        },
        "2017-07": {
            "month": "2017-07",
            "price": "24.90",
            "revenue": 17416729
        },
        "2017-08": {
            "month": "2017-08",
            "price": "24.40",
            "revenue": 19914242
        },
        "2017-09": {
            "month": "2017-09",
            "price": "24.42",
            "revenue": 19051418
        },
        "2017-10": {
            "month": "2017-10",
            "price": "24.98",
            "revenue": 18506751
        },
        "2017-11": {
            "month": "2017-11",
            "price": "25.73",
            "revenue": 19453831
        },
        "2017-12": {
            "month": "2017-12",
            "price": "25.70",
            "revenue": 20202085
        },
        "2018-01": {
            "month": "2018-01",
            "price": "26.69",
            "revenue": 18817633
        },
        "2018-02": {
            "month": "2018-02",
            "price": "25.28",
            "revenue": 15829489
        },
        "2018-03": {
            "month": "2018-03",
            "price": "25.98",
            "revenue": 16832612
        },
        "2018-04": {
            "month": "2018-04",
            "price": "26.99",
            "revenue": 16960937
        },
        "2018-05": {
            "month": "2018-05",
            "price": "28.47",
            "revenue": 18475002
        },
        "2018-06": {
            "month": "2018-06",
            "price": "29.11",
            "revenue": 18396972
        },
        "2018-07": {
            "month": "2018-07",
            "price": "31.81",
            "revenue": 19467926
        },
        "2018-08": {
            "month": "2018-08",
            "price": "33.47",
            "revenue": 20938571
        },
        "2018-09": {
            "month": "2018-09",
            "price": "35.57",
            "revenue": 21467242
        },
        "2018-10": {
            "month": "2018-10",
            "price": "32.51",
            "revenue": 20682552
        },
        "2018-11": {
            "month": "2018-11",
            "price": "30.04",
            "revenue": 20407968
        },
        "2018-12": {
            "month": "2018-12",
            "price": "28.28",
            "revenue": 20191182
        },
        "2019-01": {
            "month": "2019-01",
            "price": "29.11",
            "revenue": 21454753
        },
        "2019-02": {
            "month": "2019-02",
            "price": "30.55",
            "revenue": 17985769
        },
        "2019-03": {
            "month": "2019-03",
            "price": "30.40",
            "revenue": 22458329
        },
        "2019-04": {
            "month": "2019-04",
            "price": "32.40",
            "revenue": 21737013
        },
        "2019-05": {
            "month": "2019-05",
            "price": "32.11",
            "revenue": 22998106
        },
        "2019-06": {
            "month": "2019-06",
            "price": "33.12",
            "revenue": 21990028
        },
        "2019-07": {
            "month": "2019-07",
            "price": "32.60",
            "revenue": 21072415
        },
        "2019-08": {
            "month": "2019-08",
            "price": "28.36",
            "revenue": 20288593
        },
        "2019-09": {
            "month": "2019-09",
            "price": "28.95",
            "revenue": 20367232
        },
        "2019-10": {
            "month": "2019-10",
            "price": "29.01",
            "revenue": 19963313
        },
        "2019-11": {
            "month": "2019-11",
            "price": "30.01",
            "revenue": 19378156
        },
        "2019-12": {
            "month": "2019-12",
            "price": "29.78",
            "revenue": 20227978
        },
        "2020-01": {
            "month": "2020-01",
            "price": "29.30",
            "revenue": 17466170
        },
        "2020-02": {
            "month": "2020-02",
            "price": "28.67",
            "revenue": 16072828
        },
        "2020-03": {
            "month": "2020-03",
            "price": "24.43",
            "revenue": 18696616
        },
        "2020-04": {
            "month": "2020-04",
            "price": "24.39",
            "revenue": 15915565
        },
        "2020-05": {
            "month": "2020-05",
            "price": "27.10",
            "revenue": 16015710
        },
        "2020-06": {
            "month": "2020-06",
            "price": "27.76",
            "revenue": 17013520
        },
        "2020-07": {
            "month": "2020-07",
            "price": "28.65",
            "revenue": 15997860
        },
        "2020-08": {
            "month": "2020-08",
            "price": "26.22",
            "revenue": 16731731
        },
        "2020-09": {
            "month": "2020-09",
            "price": "26.09",
            "revenue": 16832713
        },
        "2020-10": {
            "month": "2020-10",
            "price": "25.98",
            "revenue": 16790724
        },
        "2020-11": {
            "month": "2020-11",
            "price": "27.36",
            "revenue": 18791926
        },
        "2020-12": {
            "month": "2020-12",
            "price": "27.87",
            "revenue": 20535299
        },
        "2021-01": {
            "month": "2021-01",
            "price": "27.50",
            "revenue": 19154653
        },
        "2021-02": {
            "month": "2021-02",
            "price": "27.49",
            "revenue": 17332331
        },
        "2021-03": {
            "month": "2021-03",
            "price": "29.50",
            "revenue": 19757228
        },
        "2021-04": {
            "month": "2021-04",
            "price": "31.75",
            "revenue": 18494363
        },
        "2021-05": {
            "month": "2021-05",
            "price": "31.44",
            "revenue": 20092465
        },
        "2021-06": {
            "month": "2021-06",
            "price": "31.72",
            "revenue": 19922489
        },
        "2021-07": {
            "month": "2021-07",
            "price": "32.38",
            "revenue": 19058851
        },
        "2021-08": {
            "month": "2021-08",
            "price": "29.55",
            "revenue": 19327770
        },
        "2021-09": {
            "month": "2021-09",
            "price": "29.54",
            "revenue": 20059024
        },
        "2021-10": {
            "month": "2021-10",
            "price": "29.40",
            "revenue": 21199363
        },
        "2021-11": {
            "month": "2021-11",
            "price": "29.25",
            "revenue": 22482606
        },
        "2021-12": {
            "month": "2021-12",
            "price": "28.64",
            "revenue": 22302476
        },
        "2022-01": {
            "month": "2022-01",
            "price": "29.09",
            "revenue": 20470940
        },
        "2022-02": {
            "month": "2022-02",
            "price": "29.64",
            "revenue": 19440141
        },
        "2022-03": {
            "month": "2022-03",
            "price": "30.34",
            "revenue": 23482793
        },
        "2022-04": {
            "month": "2022-04",
            "price": "30.24",
            "revenue": 21984550
        },
        "2022-05": {
            "month": "2022-05",
            "price": "30.83",
            "revenue": 23317154
        },
        "2022-06": {
            "month": "2022-06",
            "price": "31.20",
            "revenue": 23978112
        },
        "2022-07": {
            "month": "2022-07",
            "price": "31.71",
            "revenue": 22144589
        },
        "2022-08": {
            "month": "2022-08",
            "price": "30.63",
            "revenue": 21973635
        },
        "2022-09": {
            "month": "2022-09",
            "price": "32.23",
            "revenue": 23089717
        },
        "2022-10": {
            "month": "2022-10",
            "price": "31.64",
            "revenue": 22391824
        },
        "2022-11": {
            "month": "2022-11",
            "price": "31.96",
            "revenue": 21194378
        },
        "2022-12": {
            "month": "2022-12",
            "price": "32.32",
            "revenue": 20497072
        },
        "2023-01": {
            "month": "2023-01",
            "price": "32.34",
            "revenue": 18935083
        },
        "2023-02": {
            "month": "2023-02",
            "price": "32.28",
            "revenue": 19701851
        },
        "2023-03": {
            "month": "2023-03",
            "price": "31.46",
            "revenue": 22902213
        },
        "2023-04": {
            "month": "2023-04",
            "price": "31.68",
            "revenue": 20078194
        },
        "2023-05": {
            "month": "2023-05",
            "price": "32.08",
            "revenue": 21526680
        }
    }
}
