{
    "summary": {
        "stock_name": "新纖",
        "stock_id": "1409",
        "category": "紡織纖維",
        "main_business": "各種合成纖維及各種合成纖維假撚絲之製造及銷售。<br>各種工程用塑膠及其加工品之製造及銷售。<br>各種合成薄膜、膠片及有關合成薄膜原料及加工品之製造及銷售。",
        "website_url": "http://www.shinkong.com.tw",
        "ceo": "歐金達",
        "pe_ratio": 37,
        "report_year_from": 2001,
        "report_year_to": 2023,
        "age": 23,
        "eps_negative_percentage": 9,
        "eps_growth_avg": {
            "last_all": 8.18,
            "last_2y": -23.11,
            "last_4y": -7.26,
            "last_8y": 5.53,
            "last_12y": 2.24,
            "last_16y": 8.07,
            "last_20y": 8.18,
            "at_2006_last_3y": 8.63,
            "at_2007_last_3y": 43.75,
            "at_2008_last_3y": 3.75,
            "at_2009_last_3y": 33.33,
            "at_2010_last_3y": 33.33,
            "at_2011_last_3y": -12.89,
            "at_2012_last_3y": 12.23,
            "at_2013_last_3y": 14.63,
            "at_2014_last_3y": -5.15,
            "at_2015_last_3y": -6.6,
            "at_2016_last_3y": 0.12,
            "at_2017_last_3y": 1.73,
            "at_2018_last_3y": 21.51,
            "at_2019_last_3y": 25.92,
            "at_2020_last_3y": 40.32,
            "at_2021_last_3y": 41.92,
            "at_2022_last_3y": 10.07,
            "at_2023_last_3y": -2.37,
            "at_2024_last_3y": -2.37,
            "at_2006_last_all": 8.63,
            "at_2007_last_all": 26.9,
            "at_2008_last_all": 5.75,
            "at_2009_last_all": 5.75,
            "at_2010_last_all": 19.22,
            "at_2011_last_all": 11.98,
            "at_2012_last_all": 7.91,
            "at_2013_last_all": 9.3,
            "at_2014_last_all": 10.36,
            "at_2015_last_all": 5.79,
            "at_2016_last_all": 5.52,
            "at_2017_last_all": 7.14,
            "at_2018_last_all": 13.33,
            "at_2019_last_all": 10.82,
            "at_2020_last_all": 13.71,
            "at_2021_last_all": 14.87,
            "at_2022_last_all": 12.64,
            "at_2023_last_all": 8.18,
            "at_2024_last_all": 8.18
        },
        "latest_eps": 0.43,
        "latest_price": 16.05,
        "latest_roe": 2.51,
        "latest_gross_margin": null,
        "latest_equity": 46234925,
        "latest_revenue": 10976567,
        "latest_gross_profit": null,
        "latest_net_income": 563647,
        "latest_debt_ratio": 75.41,
        "latest_current_ratio": 101.82,
        "latest_account_receivable_turnover_ratio": 0.59,
        "latest_inventory_turnover_ratio": null,
        "latest_reinvestment_rate": 34.16,
        "latest_research_to_sale_ratio": 1.09
    },
    "eps_dividends": {
        "1992": {
            "cash": 0.3,
            "stock": 3.7,
            "eps": 0
        },
        "1993": {
            "cash": 0.5,
            "stock": 0,
            "eps": 0
        },
        "1994": {
            "cash": 0.4,
            "stock": 0.3,
            "eps": 0
        },
        "1995": {
            "cash": 0,
            "stock": 1,
            "eps": 0
        },
        "1996": {
            "cash": 1,
            "stock": 1,
            "eps": 0
        },
        "1997": {
            "cash": 0,
            "stock": 1,
            "eps": 0
        },
        "1998": {
            "cash": 0,
            "stock": 0.8,
            "eps": 0
        },
        "2001": {
            "cash": 0,
            "stock": 0,
            "eps": -0.29
        },
        "2002": {
            "cash": 0,
            "stock": 0,
            "eps": 0.42
        },
        "2003": {
            "cash": 0,
            "stock": 0,
            "eps": 0.25
        },
        "2004": {
            "cash": 0,
            "stock": 0,
            "eps": 0.4
        },
        "2005": {
            "cash": 0,
            "stock": 0,
            "eps": 0.06
        },
        "2006": {
            "cash": 0,
            "stock": 0,
            "eps": 0.13
        },
        "2007": {
            "cash": 0,
            "stock": 0,
            "eps": 0.48
        },
        "2008": {
            "cash": 0.2,
            "stock": 0,
            "eps": -0.04
        },
        "2009": {
            "cash": 0,
            "stock": 0,
            "eps": 0.44
        },
        "2010": {
            "cash": 0.21,
            "stock": 0,
            "eps": 1.19
        },
        "2011": {
            "cash": 0.6499999999999999,
            "stock": 0.55,
            "eps": 0.73
        },
        "2012": {
            "cash": 0,
            "stock": 0,
            "eps": 0.55
        },
        "2013": {
            "cash": 0.32,
            "stock": 0,
            "eps": 0.67
        },
        "2014": {
            "cash": 0.35,
            "stock": 0,
            "eps": 0.81
        },
        "2015": {
            "cash": 0.42,
            "stock": 0,
            "eps": 0.45
        },
        "2016": {
            "cash": 0.25,
            "stock": 0,
            "eps": 0.46
        },
        "2017": {
            "cash": 0.25,
            "stock": 0,
            "eps": 0.59
        },
        "2018": {
            "cash": 0.5,
            "stock": 0,
            "eps": 1.53
        },
        "2019": {
            "cash": 0.85,
            "stock": 0,
            "eps": 1.12
        },
        "2020": {
            "cash": 0.55,
            "stock": 0,
            "eps": 1.79
        },
        "2021": {
            "cash": 1.1,
            "stock": 0,
            "eps": 2.41
        },
        "2022": {
            "cash": 1.4,
            "stock": 0,
            "eps": 1.75
        },
        "2023": {
            "cash": 1,
            "stock": 0,
            "eps": 0.41
        }
    },
    "dividends": {
        "1992-03-21": {
            "cash": 0.3,
            "stock": 3.7
        },
        "1993-04-17": {
            "cash": 0.5,
            "stock": 0
        },
        "1994-04-02": {
            "cash": 0.4,
            "stock": 0.3
        },
        "1995-04-15": {
            "cash": 0,
            "stock": 1
        },
        "1996-05-04": {
            "cash": 1,
            "stock": 1
        },
        "1997-06-21": {
            "cash": 0,
            "stock": 1
        },
        "1998-05-02": {
            "cash": 0,
            "stock": 0.8
        },
        "2008-04-28": {
            "cash": 0.2,
            "stock": 0
        },
        "2010-04-26": {
            "cash": 0.21,
            "stock": 0
        },
        "2011-01-01": {
            "cash": 0.3,
            "stock": 0
        },
        "2011-03-28": {
            "cash": 0.35,
            "stock": 0.55
        },
        "2013-04-25": {
            "cash": 0.32,
            "stock": 0
        },
        "2014-09-30": {
            "cash": 0.35,
            "stock": 0
        },
        "2015-09-30": {
            "cash": 0.42,
            "stock": 0
        },
        "2016-09-29": {
            "cash": 0.25,
            "stock": 0
        },
        "2017-09-28": {
            "cash": 0.25,
            "stock": 0
        },
        "2018-09-21": {
            "cash": 0.5,
            "stock": 0
        },
        "2019-09-26": {
            "cash": 0.85,
            "stock": 0
        },
        "2020-09-25": {
            "cash": 0.55,
            "stock": 0
        },
        "2021-09-28": {
            "cash": 1.1,
            "stock": 0
        },
        "2022-09-28": {
            "cash": 1.4,
            "stock": 0
        },
        "2023-09-27": {
            "cash": 1,
            "stock": 0
        }
    },
    "prices": {
        "200101": "3.56",
        "200102": "4.23",
        "200103": "3.54",
        "200104": "3.27",
        "200105": "2.91",
        "200106": "2.64",
        "200107": "2.23",
        "200108": "2.41",
        "200109": "2.39",
        "200110": "2.10",
        "200111": "2.26",
        "200112": "2.45",
        "200201": "2.97",
        "200202": "3.23",
        "200203": "5.58",
        "200204": "6.78",
        "200205": "6.08",
        "200206": "6.06",
        "200207": "5.40",
        "200208": "4.93",
        "200209": "4.85",
        "200210": "4.15",
        "200211": "5.24",
        "200212": "5.69",
        "200301": "7.50",
        "200302": "8.06",
        "200303": "6.41",
        "200304": "5.86",
        "200305": "4.77",
        "200306": "5.76",
        "200307": "6.59",
        "200308": "6.65",
        "200309": "6.05",
        "200310": "6.77",
        "200311": "7.40",
        "200312": "7.58",
        "200401": "8.86",
        "200402": "8.94",
        "200403": "9.65",
        "200404": "8.94",
        "200405": "6.62",
        "200406": "6.87",
        "200407": "6.64",
        "200408": "6.94",
        "200409": "8.54",
        "200410": "8.86",
        "200411": "9.93",
        "200412": "8.65",
        "200501": "9.25",
        "200502": "8.98",
        "200503": "8.90",
        "200504": "7.41",
        "200505": "6.81",
        "200506": "7.41",
        "200507": "7.22",
        "200508": "6.84",
        "200509": "6.23",
        "200510": "5.79",
        "200511": "5.78",
        "200512": "6.23",
        "200601": "6.23",
        "200602": "6.00",
        "200603": "5.38",
        "200604": "5.98",
        "200605": "6.82",
        "200606": "6.46",
        "200607": "6.73",
        "200608": "6.40",
        "200609": "6.27",
        "200610": "6.98",
        "200611": "7.72",
        "200612": "8.80",
        "200701": "7.93",
        "200702": "8.18",
        "200703": "8.20",
        "200704": "11.27",
        "200705": "11.17",
        "200706": "11.63",
        "200707": "14.83",
        "200708": "12.57",
        "200709": "12.52",
        "200710": "12.30",
        "200711": "10.75",
        "200712": "10.09",
        "200801": "10.47",
        "200802": "10.93",
        "200803": "11.76",
        "200804": "12.22",
        "200805": "11.66",
        "200806": "9.64",
        "200807": "7.39",
        "200808": "7.57",
        "200809": "6.55",
        "200810": "4.55",
        "200811": "4.06",
        "200812": "4.16",
        "200901": "4.19",
        "200902": "4.03",
        "200903": "4.60",
        "200904": "6.17",
        "200905": "8.09",
        "200906": "8.63",
        "200907": "8.80",
        "200908": "8.24",
        "200909": "8.39",
        "200910": "8.66",
        "200911": "8.76",
        "200912": "9.64",
        "201001": "11.40",
        "201002": "10.20",
        "201003": "11.57",
        "201004": "12.68",
        "201005": "11.43",
        "201006": "10.63",
        "201007": "11.11",
        "201008": "12.42",
        "201009": "12.83",
        "201010": "14.79",
        "201011": "15.71",
        "201012": "15.85",
        "201101": "15.54",
        "201102": "14.67",
        "201103": "12.98",
        "201104": "13.38",
        "201105": "12.56",
        "201106": "11.93",
        "201107": "12.78",
        "201108": "11.30",
        "201109": "10.41",
        "201110": "9.26",
        "201111": "9.08",
        "201112": "8.09",
        "201201": "8.74",
        "201202": "9.95",
        "201203": "10.58",
        "201204": "9.17",
        "201205": "8.91",
        "201206": "8.62",
        "201207": "8.89",
        "201208": "9.13",
        "201209": "10.07",
        "201210": "9.73",
        "201211": "9.05",
        "201212": "9.62",
        "201301": "9.71",
        "201302": "9.58",
        "201303": "9.50",
        "201304": "9.14",
        "201305": "9.51",
        "201306": "9.52",
        "201307": "9.68",
        "201308": "9.81",
        "201309": "9.93",
        "201310": "10.25",
        "201311": "10.05",
        "201312": "10.27",
        "201401": "10.25",
        "201402": "10.00",
        "201403": "10.07",
        "201404": "10.01",
        "201405": "9.88",
        "201406": "10.36",
        "201407": "10.85",
        "201408": "11.18",
        "201409": "10.88",
        "201410": "10.95",
        "201411": "10.74",
        "201412": "10.78",
        "201501": "11.00",
        "201502": "11.03",
        "201503": "10.89",
        "201504": "10.81",
        "201505": "10.70",
        "201506": "10.34",
        "201507": "10.02",
        "201508": "8.65",
        "201509": "8.45",
        "201510": "9.00",
        "201511": "8.94",
        "201512": "8.68",
        "201601": "8.62",
        "201602": "9.04",
        "201603": "9.33",
        "201604": "8.82",
        "201605": "8.36",
        "201606": "8.37",
        "201607": "8.48",
        "201608": "8.59",
        "201609": "8.51",
        "201610": "8.58",
        "201611": "8.58",
        "201612": "9.19",
        "201701": "9.25",
        "201702": "10.14",
        "201703": "10.02",
        "201704": "9.33",
        "201705": "8.97",
        "201706": "9.00",
        "201707": "9.19",
        "201708": "9.18",
        "201709": "9.21",
        "201710": "9.75",
        "201711": "9.94",
        "201712": "9.99",
        "201801": "10.18",
        "201802": "9.34",
        "201803": "9.48",
        "201804": "9.97",
        "201805": "10.30",
        "201806": "11.98",
        "201807": "12.64",
        "201808": "13.57",
        "201809": "12.64",
        "201810": "11.27",
        "201811": "11.08",
        "201812": "11.68",
        "201901": "11.70",
        "201902": "12.71",
        "201903": "13.73",
        "201904": "13.66",
        "201905": "13.33",
        "201906": "13.38",
        "201907": "13.49",
        "201908": "12.61",
        "201909": "11.53",
        "201910": "11.22",
        "201911": "11.55",
        "201912": "11.91",
        "202001": "12.06",
        "202002": "12.36",
        "202003": "10.67",
        "202004": "10.30",
        "202005": "11.15",
        "202006": "11.17",
        "202007": "11.48",
        "202008": "11.84",
        "202009": "11.32",
        "202010": "11.22",
        "202011": "11.86",
        "202012": "12.97",
        "202101": "13.53",
        "202102": "13.56",
        "202103": "15.12",
        "202104": "20.12",
        "202105": "21.36",
        "202106": "21.97",
        "202107": "21.25",
        "202108": "20.22",
        "202109": "19.72",
        "202110": "18.98",
        "202111": "19.67",
        "202112": "19.86",
        "202201": "19.55",
        "202202": "19.97",
        "202203": "20.85",
        "202204": "20.22",
        "202205": "19.14",
        "202206": "19.01",
        "202207": "17.81",
        "202208": "18.84",
        "202209": "17.18",
        "202210": "16.11",
        "202211": "17.06",
        "202212": "17.63",
        "202301": "17.71",
        "202302": "18.13",
        "202303": "18.08",
        "202304": "17.82",
        "202305": "17.24",
        "202306": "17.27",
        "202307": "17.04",
        "202308": "16.66",
        "202309": "15.26",
        "202310": "15.35",
        "202311": "15.37",
        "202312": "15.53"
    },
    "quarters": {
        "20011": {
            "year_quarter": 20011,
            "year": 2001,
            "quarter": 1,
            "eps": -0.12,
            "eps_growth_year": null,
            "eps_4q": -0.69,
            "eps_4q_growth_year": null,
            "roe": -1.44,
            "roe_4q": -1.44,
            "gross_profit": 106531,
            "gross_margin": 3.51,
            "gross_margin_4q_avg": 3.51,
            "net_income": -163628,
            "net_income_4q": null,
            "revenue": 3032944,
            "revenue_4q": null,
            "common_shares": 13253409,
            "book_valuer_per_share": 8.72,
            "book_valuer_per_share_4q_avg": 8.72,
            "equity": 11552499,
            "current_ratio": 76.74,
            "debt_ratio": 47.57,
            "inventory_turnover_ratio": 1.46,
            "account_receivable_turnover_ratio": null,
            "reinvestment_rate": null,
            "research_to_sale_ratio": null,
            "price_fair": 0,
            "eps_avg_yearly": 0,
            "eps_latest_yearly": 0,
            "eps_growth_yearly": 0
        },
        "20012": {
            "year_quarter": 20012,
            "year": 2001,
            "quarter": 2,
            "eps": 0,
            "eps_growth_year": -100,
            "eps_4q": -0.79,
            "eps_4q_growth_year": null,
            "roe": 0.01,
            "roe_4q": -1.43,
            "gross_profit": 208359,
            "gross_margin": 6.46,
            "gross_margin_4q_avg": 4.99,
            "net_income": 941,
            "net_income_4q": null,
            "revenue": 3226857,
            "revenue_4q": null,
            "common_shares": 13253409,
            "book_valuer_per_share": 8.36,
            "book_valuer_per_share_4q_avg": 8.54,
            "equity": 11074436,
            "current_ratio": 66.28,
            "debt_ratio": 50.4,
            "inventory_turnover_ratio": 1.56,
            "account_receivable_turnover_ratio": null,
            "reinvestment_rate": null,
            "research_to_sale_ratio": null,
            "price_fair": 0,
            "eps_avg_yearly": 0,
            "eps_latest_yearly": 0,
            "eps_growth_yearly": 0
        },
        "20013": {
            "year_quarter": 20013,
            "year": 2001,
            "quarter": 3,
            "eps": -0.13,
            "eps_growth_year": null,
            "eps_4q": -0.63,
            "eps_4q_growth_year": null,
            "roe": -1.54,
            "roe_4q": -2.9699999999999998,
            "gross_profit": 159957,
            "gross_margin": 5.04,
            "gross_margin_4q_avg": 5,
            "net_income": -167905,
            "net_income_4q": null,
            "revenue": 3171073,
            "revenue_4q": null,
            "common_shares": 13253409,
            "book_valuer_per_share": 8.13,
            "book_valuer_per_share_4q_avg": 8.4,
            "equity": 10770517,
            "current_ratio": 65.77,
            "debt_ratio": 52.48,
            "inventory_turnover_ratio": 1.42,
            "account_receivable_turnover_ratio": null,
            "reinvestment_rate": null,
            "research_to_sale_ratio": null,
            "price_fair": 0,
            "eps_avg_yearly": 0,
            "eps_latest_yearly": 0,
            "eps_growth_yearly": 0
        },
        "20014": {
            "year_quarter": 20014,
            "year": 2001,
            "quarter": 4,
            "eps": -0.04,
            "eps_growth_year": null,
            "eps_4q": -0.3,
            "eps_4q_growth_year": null,
            "roe": -0.44,
            "roe_4q": -3.41,
            "gross_profit": 120268,
            "gross_margin": 3.72,
            "gross_margin_4q_avg": 4.68,
            "net_income": -47858,
            "net_income_4q": null,
            "revenue": 3236390,
            "revenue_4q": null,
            "common_shares": 13253409,
            "book_valuer_per_share": 8.32,
            "book_valuer_per_share_4q_avg": 8.38,
            "equity": 11110308,
            "current_ratio": 68.57,
            "debt_ratio": 55.04,
            "inventory_turnover_ratio": 1.34,
            "account_receivable_turnover_ratio": null,
            "reinvestment_rate": null,
            "research_to_sale_ratio": null,
            "price_fair": 0,
            "eps_avg_yearly": 0,
            "eps_latest_yearly": 0,
            "eps_growth_yearly": 0
        },
        "20021": {
            "year_quarter": 20021,
            "year": 2002,
            "quarter": 1,
            "eps": 0.11,
            "eps_growth_year": null,
            "eps_4q": -0.06,
            "eps_4q_growth_year": null,
            "roe": 1.25,
            "roe_4q": -0.72,
            "gross_profit": 329261,
            "gross_margin": 8.8,
            "gross_margin_4q_avg": 6.01,
            "net_income": 139532,
            "net_income_4q": null,
            "revenue": 3741101,
            "revenue_4q": null,
            "common_shares": 13253409,
            "book_valuer_per_share": 8.42,
            "book_valuer_per_share_4q_avg": 8.31,
            "equity": 11153836,
            "current_ratio": 75.06,
            "debt_ratio": 53.08,
            "inventory_turnover_ratio": 1.65,
            "account_receivable_turnover_ratio": null,
            "reinvestment_rate": null,
            "research_to_sale_ratio": null,
            "price_fair": 0,
            "eps_avg_yearly": 0,
            "eps_latest_yearly": 0,
            "eps_growth_yearly": 0
        },
        "20022": {
            "year_quarter": 20022,
            "year": 2002,
            "quarter": 2,
            "eps": 0.35,
            "eps_growth_year": null,
            "eps_4q": 0.29,
            "eps_4q_growth_year": null,
            "roe": 4.12,
            "roe_4q": 3.3899999999999997,
            "gross_profit": 416630,
            "gross_margin": 10.91,
            "gross_margin_4q_avg": 7.12,
            "net_income": 463757,
            "net_income_4q": null,
            "revenue": 3817906,
            "revenue_4q": null,
            "common_shares": 13253409,
            "book_valuer_per_share": 8.58,
            "book_valuer_per_share_4q_avg": 8.36,
            "equity": 11377598,
            "current_ratio": 80.56,
            "debt_ratio": 53.54,
            "inventory_turnover_ratio": 1.73,
            "account_receivable_turnover_ratio": null,
            "reinvestment_rate": null,
            "research_to_sale_ratio": null,
            "price_fair": 49,
            "eps_avg_yearly": 1.4,
            "eps_latest_yearly": 1.4,
            "eps_growth_yearly": 872.73
        },
        "20023": {
            "year_quarter": 20023,
            "year": 2002,
            "quarter": 3,
            "eps": -0.06,
            "eps_growth_year": null,
            "eps_4q": 0.37,
            "eps_4q_growth_year": null,
            "roe": -0.64,
            "roe_4q": 4.29,
            "gross_profit": 264495,
            "gross_margin": 7.17,
            "gross_margin_4q_avg": 7.65,
            "net_income": -70898,
            "net_income_4q": null,
            "revenue": 3690893,
            "revenue_4q": null,
            "common_shares": 13253409,
            "book_valuer_per_share": 8.26,
            "book_valuer_per_share_4q_avg": 8.4,
            "equity": 10946037,
            "current_ratio": 76.17,
            "debt_ratio": 54.31,
            "inventory_turnover_ratio": 1.62,
            "account_receivable_turnover_ratio": null,
            "reinvestment_rate": null,
            "research_to_sale_ratio": null,
            "price_fair": 49,
            "eps_avg_yearly": 1.4,
            "eps_latest_yearly": 1.4,
            "eps_growth_yearly": 872.73
        },
        "20024": {
            "year_quarter": 20024,
            "year": 2002,
            "quarter": 4,
            "eps": 0.02,
            "eps_growth_year": null,
            "eps_4q": 0.58,
            "eps_4q_growth_year": null,
            "roe": 0.17,
            "roe_4q": 4.9,
            "gross_profit": 280773,
            "gross_margin": 7.39,
            "gross_margin_4q_avg": 8.57,
            "net_income": 19068,
            "net_income_4q": null,
            "revenue": 3801717,
            "revenue_4q": null,
            "common_shares": 13253409,
            "book_valuer_per_share": 8.61,
            "book_valuer_per_share_4q_avg": 8.47,
            "equity": 11501887,
            "current_ratio": 95.39,
            "debt_ratio": 56.48,
            "inventory_turnover_ratio": 1.52,
            "account_receivable_turnover_ratio": null,
            "reinvestment_rate": null,
            "research_to_sale_ratio": null,
            "price_fair": 49,
            "eps_avg_yearly": 1.4,
            "eps_latest_yearly": 1.4,
            "eps_growth_yearly": 872.73
        },
        "20031": {
            "year_quarter": 20031,
            "year": 2003,
            "quarter": 1,
            "eps": 0.01,
            "eps_growth_year": -90.91,
            "eps_4q": 0.37,
            "eps_4q_growth_year": null,
            "roe": 0.1,
            "roe_4q": 3.75,
            "gross_profit": 386695,
            "gross_margin": 8.85,
            "gross_margin_4q_avg": 8.58,
            "net_income": 11549,
            "net_income_4q": null,
            "revenue": 4369501,
            "revenue_4q": null,
            "common_shares": 13253409,
            "book_valuer_per_share": 8.68,
            "book_valuer_per_share_4q_avg": 8.53,
            "equity": 11498094,
            "current_ratio": 100.81,
            "debt_ratio": 55.65,
            "inventory_turnover_ratio": 1.62,
            "account_receivable_turnover_ratio": null,
            "reinvestment_rate": null,
            "research_to_sale_ratio": null,
            "price_fair": 25.2,
            "eps_avg_yearly": 0.72,
            "eps_latest_yearly": 0.04,
            "eps_growth_yearly": 336.36
        },
        "20032": {
            "year_quarter": 20032,
            "year": 2003,
            "quarter": 2,
            "eps": 0.03,
            "eps_growth_year": -91.43,
            "eps_4q": -0.01,
            "eps_4q_growth_year": -102.2,
            "roe": 0.29,
            "roe_4q": -0.07999999999999996,
            "gross_profit": 434865,
            "gross_margin": 9.88,
            "gross_margin_4q_avg": 8.32,
            "net_income": 33163,
            "net_income_4q": null,
            "revenue": 4402845,
            "revenue_4q": null,
            "common_shares": 13253409,
            "book_valuer_per_share": 8.79,
            "book_valuer_per_share_4q_avg": 8.59,
            "equity": 11645999,
            "current_ratio": 122.03,
            "debt_ratio": 55.37,
            "inventory_turnover_ratio": 1.73,
            "account_receivable_turnover_ratio": null,
            "reinvestment_rate": null,
            "research_to_sale_ratio": null,
            "price_fair": 18.2,
            "eps_avg_yearly": 0.52,
            "eps_latest_yearly": 0.12,
            "eps_growth_yearly": 490.91
        },
        "20033": {
            "year_quarter": 20033,
            "year": 2003,
            "quarter": 3,
            "eps": 0.15,
            "eps_growth_year": null,
            "eps_4q": 0.2,
            "eps_4q_growth_year": -45.1,
            "roe": 1.56,
            "roe_4q": 2.12,
            "gross_profit": 332515,
            "gross_margin": 7.5,
            "gross_margin_4q_avg": 8.41,
            "net_income": 188681,
            "net_income_4q": null,
            "revenue": 4431434,
            "revenue_4q": null,
            "common_shares": 13253409,
            "book_valuer_per_share": 9.43,
            "book_valuer_per_share_4q_avg": 8.88,
            "equity": 12498879,
            "current_ratio": 127.26,
            "debt_ratio": 54.24,
            "inventory_turnover_ratio": 1.75,
            "account_receivable_turnover_ratio": null,
            "reinvestment_rate": null,
            "research_to_sale_ratio": null,
            "price_fair": 18.9,
            "eps_avg_yearly": 0.54,
            "eps_latest_yearly": 0.6,
            "eps_growth_yearly": 768.18
        },
        "20034": {
            "year_quarter": 20034,
            "year": 2003,
            "quarter": 4,
            "eps": 0.06,
            "eps_growth_year": 200,
            "eps_4q": 0.25,
            "eps_4q_growth_year": -55.95,
            "roe": 0.57,
            "roe_4q": 2.52,
            "gross_profit": 302693,
            "gross_margin": 6.21,
            "gross_margin_4q_avg": 8.11,
            "net_income": 71895,
            "net_income_4q": null,
            "revenue": 4871405,
            "revenue_4q": null,
            "common_shares": 13253409,
            "book_valuer_per_share": 9.66,
            "book_valuer_per_share_4q_avg": 9.14,
            "equity": 12854691,
            "current_ratio": 121.5,
            "debt_ratio": 53.71,
            "inventory_turnover_ratio": 1.76,
            "account_receivable_turnover_ratio": null,
            "reinvestment_rate": null,
            "research_to_sale_ratio": null,
            "price_fair": 16.8,
            "eps_avg_yearly": 0.48,
            "eps_latest_yearly": 0.24,
            "eps_growth_yearly": 566.55
        },
        "20041": {
            "year_quarter": 20041,
            "year": 2004,
            "quarter": 1,
            "eps": 0.14,
            "eps_growth_year": 1300,
            "eps_4q": 0.37,
            "eps_4q_growth_year": -0.24,
            "roe": 1.41,
            "roe_4q": 3.83,
            "gross_profit": 327746,
            "gross_margin": 7,
            "gross_margin_4q_avg": 7.65,
            "net_income": 182124,
            "net_income_4q": null,
            "revenue": 4683086,
            "revenue_4q": null,
            "common_shares": 13253409,
            "book_valuer_per_share": 9.77,
            "book_valuer_per_share_4q_avg": 9.41,
            "equity": 12944803,
            "current_ratio": 138.95,
            "debt_ratio": 50.52,
            "inventory_turnover_ratio": 1.58,
            "account_receivable_turnover_ratio": null,
            "reinvestment_rate": null,
            "research_to_sale_ratio": null,
            "price_fair": 17.27,
            "eps_avg_yearly": 0.49,
            "eps_latest_yearly": 0.56,
            "eps_growth_yearly": 561.01
        },
        "20042": {
            "year_quarter": 20042,
            "year": 2004,
            "quarter": 2,
            "eps": 0.01,
            "eps_growth_year": -66.67,
            "eps_4q": 0.34,
            "eps_4q_growth_year": null,
            "roe": 0.11,
            "roe_4q": 3.65,
            "gross_profit": 278946,
            "gross_margin": 5.42,
            "gross_margin_4q_avg": 6.53,
            "net_income": 14471,
            "net_income_4q": null,
            "revenue": 5146189,
            "revenue_4q": null,
            "common_shares": 13253409,
            "book_valuer_per_share": 9.81,
            "book_valuer_per_share_4q_avg": 9.67,
            "equity": 12997793,
            "current_ratio": 130.22,
            "debt_ratio": 49.81,
            "inventory_turnover_ratio": 1.78,
            "account_receivable_turnover_ratio": null,
            "reinvestment_rate": null,
            "research_to_sale_ratio": null,
            "price_fair": 15,
            "eps_avg_yearly": 0.43,
            "eps_latest_yearly": 0.04,
            "eps_growth_yearly": 427.8
        },
        "20043": {
            "year_quarter": 20043,
            "year": 2004,
            "quarter": 3,
            "eps": 0.21,
            "eps_growth_year": 40,
            "eps_4q": 0.42,
            "eps_4q_growth_year": 108.77,
            "roe": 2,
            "roe_4q": 4.09,
            "gross_profit": 222674,
            "gross_margin": 4.04,
            "gross_margin_4q_avg": 5.67,
            "net_income": 269752,
            "net_income_4q": null,
            "revenue": 5510932,
            "revenue_4q": null,
            "common_shares": 13253409,
            "book_valuer_per_share": 10.57,
            "book_valuer_per_share_4q_avg": 9.95,
            "equity": 14006813,
            "current_ratio": 105.87,
            "debt_ratio": 47.89,
            "inventory_turnover_ratio": 2.04,
            "account_receivable_turnover_ratio": null,
            "reinvestment_rate": -343.51,
            "research_to_sale_ratio": null,
            "price_fair": 16.8,
            "eps_avg_yearly": 0.48,
            "eps_latest_yearly": 0.84,
            "eps_growth_yearly": 1374.33
        },
        "20044": {
            "year_quarter": 20044,
            "year": 2004,
            "quarter": 4,
            "eps": 0.04,
            "eps_growth_year": -33.33,
            "eps_4q": 0.44,
            "eps_4q_growth_year": 72.5,
            "roe": 0.33,
            "roe_4q": 3.8499999999999996,
            "gross_profit": 151468,
            "gross_margin": 3.28,
            "gross_margin_4q_avg": 4.94,
            "net_income": 46693,
            "net_income_4q": null,
            "revenue": 4611047,
            "revenue_4q": null,
            "common_shares": 13253409,
            "book_valuer_per_share": 10.6,
            "book_valuer_per_share_4q_avg": 10.19,
            "equity": 14084462,
            "current_ratio": 126.51,
            "debt_ratio": 47.68,
            "inventory_turnover_ratio": 1.4,
            "account_receivable_turnover_ratio": null,
            "reinvestment_rate": -232.61,
            "research_to_sale_ratio": null,
            "price_fair": 15.56,
            "eps_avg_yearly": 0.44,
            "eps_latest_yearly": 0.16,
            "eps_growth_yearly": 1185.65
        },
        "20051": {
            "year_quarter": 20051,
            "year": 2005,
            "quarter": 1,
            "eps": -0.22,
            "eps_growth_year": -257.14,
            "eps_4q": 0.03,
            "eps_4q_growth_year": -90.69,
            "roe": -2.06,
            "roe_4q": 0.38,
            "gross_profit": 14444,
            "gross_margin": 0.29,
            "gross_margin_4q_avg": 3.26,
            "net_income": -286574,
            "net_income_4q": null,
            "revenue": 4996565,
            "revenue_4q": null,
            "common_shares": 13253409,
            "book_valuer_per_share": 10.38,
            "book_valuer_per_share_4q_avg": 10.34,
            "equity": 13755490,
            "current_ratio": 102.39,
            "debt_ratio": 46.75,
            "inventory_turnover_ratio": 1.45,
            "account_receivable_turnover_ratio": null,
            "reinvestment_rate": -196.77,
            "research_to_sale_ratio": null,
            "price_fair": 15.56,
            "eps_avg_yearly": 0.44,
            "eps_latest_yearly": 0.16,
            "eps_growth_yearly": 1185.65
        },
        "20052": {
            "year_quarter": 20052,
            "year": 2005,
            "quarter": 2,
            "eps": 0,
            "eps_growth_year": -100,
            "eps_4q": 0.02,
            "eps_4q_growth_year": -93.87,
            "roe": -0.01,
            "roe_4q": 0.26000000000000023,
            "gross_profit": 283474,
            "gross_margin": 5.35,
            "gross_margin_4q_avg": 3.24,
            "net_income": -1826,
            "net_income_4q": null,
            "revenue": 5295049,
            "revenue_4q": null,
            "common_shares": 13253409,
            "book_valuer_per_share": 10.38,
            "book_valuer_per_share_4q_avg": 10.48,
            "equity": 13755579,
            "current_ratio": 99.65,
            "debt_ratio": 47.36,
            "inventory_turnover_ratio": 1.79,
            "account_receivable_turnover_ratio": null,
            "reinvestment_rate": -230.54,
            "research_to_sale_ratio": null,
            "price_fair": 15.56,
            "eps_avg_yearly": 0.44,
            "eps_latest_yearly": 0.16,
            "eps_growth_yearly": 1185.65
        },
        "20053": {
            "year_quarter": 20053,
            "year": 2005,
            "quarter": 3,
            "eps": 0.37,
            "eps_growth_year": 76.19,
            "eps_4q": 0.19,
            "eps_4q_growth_year": -55.74,
            "roe": 3.47,
            "roe_4q": 1.7300000000000004,
            "gross_profit": 543214,
            "gross_margin": 9.94,
            "gross_margin_4q_avg": 4.72,
            "net_income": 484598,
            "net_income_4q": null,
            "revenue": 5462756,
            "revenue_4q": null,
            "common_shares": 13253409,
            "book_valuer_per_share": 10.68,
            "book_valuer_per_share_4q_avg": 10.51,
            "equity": 14154750,
            "current_ratio": 109.59,
            "debt_ratio": 47.77,
            "inventory_turnover_ratio": 1.8,
            "account_receivable_turnover_ratio": null,
            "reinvestment_rate": -130.63,
            "research_to_sale_ratio": null,
            "price_fair": 15.56,
            "eps_avg_yearly": 0.44,
            "eps_latest_yearly": 0.16,
            "eps_growth_yearly": 1185.65
        },
        "20054": {
            "year_quarter": 20054,
            "year": 2005,
            "quarter": 4,
            "eps": -0.09,
            "eps_growth_year": -325,
            "eps_4q": 0.06,
            "eps_4q_growth_year": -86.59,
            "roe": -0.81,
            "roe_4q": 0.5900000000000003,
            "gross_profit": 63219,
            "gross_margin": 1.17,
            "gross_margin_4q_avg": 4.19,
            "net_income": -118477,
            "net_income_4q": null,
            "revenue": 5386463,
            "revenue_4q": null,
            "common_shares": 13253409,
            "book_valuer_per_share": 11.41,
            "book_valuer_per_share_4q_avg": 10.71,
            "equity": 15275939,
            "current_ratio": 109.68,
            "debt_ratio": 53.58,
            "inventory_turnover_ratio": 1.56,
            "account_receivable_turnover_ratio": null,
            "reinvestment_rate": 99.67,
            "research_to_sale_ratio": null,
            "price_fair": 15.56,
            "eps_avg_yearly": 0.44,
            "eps_latest_yearly": 0.16,
            "eps_growth_yearly": 1185.65
        },
        "20061": {
            "year_quarter": 20061,
            "year": 2006,
            "quarter": 1,
            "eps": -0.13,
            "eps_growth_year": null,
            "eps_4q": 0.14,
            "eps_4q_growth_year": 297.05,
            "roe": -1.18,
            "roe_4q": 1.4700000000000002,
            "gross_profit": 211750,
            "gross_margin": 3.93,
            "gross_margin_4q_avg": 5.1,
            "net_income": -178603,
            "net_income_4q": null,
            "revenue": 5382437,
            "revenue_4q": null,
            "common_shares": 13253409,
            "book_valuer_per_share": 11.4,
            "book_valuer_per_share_4q_avg": 10.97,
            "equity": 15110513,
            "current_ratio": 144.75,
            "debt_ratio": 50.94,
            "inventory_turnover_ratio": 1.39,
            "account_receivable_turnover_ratio": null,
            "reinvestment_rate": -39.63,
            "research_to_sale_ratio": null,
            "price_fair": 15.56,
            "eps_avg_yearly": 0.44,
            "eps_latest_yearly": 0.16,
            "eps_growth_yearly": 1185.65
        },
        "20062": {
            "year_quarter": 20062,
            "year": 2006,
            "quarter": 2,
            "eps": 0.56,
            "eps_growth_year": null,
            "eps_4q": 0.7,
            "eps_4q_growth_year": 3219.37,
            "roe": 4.55,
            "roe_4q": 6.03,
            "gross_profit": 168762,
            "gross_margin": 2.58,
            "gross_margin_4q_avg": 4.41,
            "net_income": 737367,
            "net_income_4q": null,
            "revenue": 6534481,
            "revenue_4q": null,
            "common_shares": 13253409,
            "book_valuer_per_share": 13.07,
            "book_valuer_per_share_4q_avg": 11.64,
            "equity": 17321427,
            "current_ratio": 112.65,
            "debt_ratio": 48.21,
            "inventory_turnover_ratio": 2,
            "account_receivable_turnover_ratio": null,
            "reinvestment_rate": -25.36,
            "research_to_sale_ratio": null,
            "price_fair": 11.38,
            "eps_avg_yearly": 0.33,
            "eps_latest_yearly": 0.16,
            "eps_growth_yearly": 1224.76
        },
        "20063": {
            "year_quarter": 20063,
            "year": 2006,
            "quarter": 3,
            "eps": 0.23,
            "eps_growth_year": -37.84,
            "eps_4q": 0.57,
            "eps_4q_growth_year": 206.61,
            "roe": 1.74,
            "roe_4q": 4.300000000000001,
            "gross_profit": 214365,
            "gross_margin": 3.45,
            "gross_margin_4q_avg": 2.78,
            "net_income": 299053,
            "net_income_4q": null,
            "revenue": 6217187,
            "revenue_4q": null,
            "common_shares": 13253409,
            "book_valuer_per_share": 12.84,
            "book_valuer_per_share_4q_avg": 12.18,
            "equity": 17012069,
            "current_ratio": 146.71,
            "debt_ratio": 49.46,
            "inventory_turnover_ratio": 1.8,
            "account_receivable_turnover_ratio": null,
            "reinvestment_rate": -17.87,
            "research_to_sale_ratio": null,
            "price_fair": 13.69,
            "eps_avg_yearly": 0.39,
            "eps_latest_yearly": 0.92,
            "eps_growth_yearly": 1062.49
        },
        "20064": {
            "year_quarter": 20064,
            "year": 2006,
            "quarter": 4,
            "eps": -0.53,
            "eps_growth_year": null,
            "eps_4q": 0.18,
            "eps_4q_growth_year": 202.85,
            "roe": -4.06,
            "roe_4q": 1.0500000000000005,
            "gross_profit": 160482,
            "gross_margin": 3.03,
            "gross_margin_4q_avg": 3.25,
            "net_income": -704874,
            "net_income_4q": null,
            "revenue": 5289618,
            "revenue_4q": null,
            "common_shares": 13253409,
            "book_valuer_per_share": 13.26,
            "book_valuer_per_share_4q_avg": 12.64,
            "equity": 17726398,
            "current_ratio": 132,
            "debt_ratio": 55.15,
            "inventory_turnover_ratio": 1.2,
            "account_receivable_turnover_ratio": null,
            "reinvestment_rate": 261.72,
            "research_to_sale_ratio": null,
            "price_fair": 13.69,
            "eps_avg_yearly": 0.39,
            "eps_latest_yearly": 0.92,
            "eps_growth_yearly": 1062.49
        },
        "20071": {
            "year_quarter": 20071,
            "year": 2007,
            "quarter": 1,
            "eps": 0.18,
            "eps_growth_year": null,
            "eps_4q": 0.44,
            "eps_4q_growth_year": 222.11,
            "roe": 1.35,
            "roe_4q": 3.58,
            "gross_profit": 372978,
            "gross_margin": 6.12,
            "gross_margin_4q_avg": 3.8,
            "net_income": 233698,
            "net_income_4q": null,
            "revenue": 6089611,
            "revenue_4q": null,
            "common_shares": 13253409,
            "book_valuer_per_share": 12.76,
            "book_valuer_per_share_4q_avg": 12.98,
            "equity": 16913122,
            "current_ratio": 152.2,
            "debt_ratio": 50.04,
            "inventory_turnover_ratio": 1.4,
            "account_receivable_turnover_ratio": null,
            "reinvestment_rate": -62.65,
            "research_to_sale_ratio": null,
            "price_fair": 15.23,
            "eps_avg_yearly": 0.44,
            "eps_latest_yearly": 0.92,
            "eps_growth_yearly": 1220.3
        },
        "20072": {
            "year_quarter": 20072,
            "year": 2007,
            "quarter": 2,
            "eps": 0.08,
            "eps_growth_year": -85.71,
            "eps_4q": -0.05,
            "eps_4q_growth_year": -107.38,
            "roe": 0.57,
            "roe_4q": -0.3999999999999997,
            "gross_profit": 400379,
            "gross_margin": 6.22,
            "gross_margin_4q_avg": 4.71,
            "net_income": 104419,
            "net_income_4q": null,
            "revenue": 6438790,
            "revenue_4q": null,
            "common_shares": 14299159,
            "book_valuer_per_share": 13.96,
            "book_valuer_per_share_4q_avg": 13.21,
            "equity": 19963957,
            "current_ratio": 137.26,
            "debt_ratio": 44.19,
            "inventory_turnover_ratio": 1.92,
            "account_receivable_turnover_ratio": null,
            "reinvestment_rate": -60.06,
            "research_to_sale_ratio": null,
            "price_fair": 16.1,
            "eps_avg_yearly": 0.46,
            "eps_latest_yearly": 0.32,
            "eps_growth_yearly": 1092.52
        },
        "20073": {
            "year_quarter": 20073,
            "year": 2007,
            "quarter": 3,
            "eps": 0.15,
            "eps_growth_year": -34.78,
            "eps_4q": -0.12,
            "eps_4q_growth_year": -121.06,
            "roe": 1.03,
            "roe_4q": -1.1099999999999994,
            "gross_profit": 323204,
            "gross_margin": 5.13,
            "gross_margin_4q_avg": 5.13,
            "net_income": 203949,
            "net_income_4q": null,
            "revenue": 6304568,
            "revenue_4q": null,
            "common_shares": 14540738,
            "book_valuer_per_share": 13.62,
            "book_valuer_per_share_4q_avg": 13.4,
            "equity": 19809100,
            "current_ratio": 133.58,
            "debt_ratio": 44.22,
            "inventory_turnover_ratio": 1.99,
            "account_receivable_turnover_ratio": null,
            "reinvestment_rate": -56.4,
            "research_to_sale_ratio": null,
            "price_fair": 16.1,
            "eps_avg_yearly": 0.46,
            "eps_latest_yearly": 0.6,
            "eps_growth_yearly": 936.27
        },
        "20074": {
            "year_quarter": 20074,
            "year": 2007,
            "quarter": 4,
            "eps": 0.07,
            "eps_growth_year": null,
            "eps_4q": 0.47,
            "eps_4q_growth_year": 160.64,
            "roe": 0.45,
            "roe_4q": 3.4,
            "gross_profit": 454555,
            "gross_margin": 6.9,
            "gross_margin_4q_avg": 6.09,
            "net_income": 96051,
            "net_income_4q": null,
            "revenue": 6585770,
            "revenue_4q": null,
            "common_shares": 14540738,
            "book_valuer_per_share": 12.5,
            "book_valuer_per_share_4q_avg": 13.21,
            "equity": 22959313,
            "current_ratio": 220.4,
            "debt_ratio": 71.86,
            "inventory_turnover_ratio": 1.65,
            "account_receivable_turnover_ratio": null,
            "reinvestment_rate": 332.05,
            "research_to_sale_ratio": null,
            "price_fair": 16.28,
            "eps_avg_yearly": 0.47,
            "eps_latest_yearly": 0.28,
            "eps_growth_yearly": 939.6
        },
        "20081": {
            "year_quarter": 20081,
            "year": 2008,
            "quarter": 1,
            "eps": 0.02,
            "eps_growth_year": -88.89,
            "eps_4q": 0.74,
            "eps_4q_growth_year": 69.77,
            "roe": 0.05,
            "roe_4q": 2.1,
            "gross_profit": 803062,
            "gross_margin": 9.56,
            "gross_margin_4q_avg": 6.95,
            "net_income": 11670,
            "net_income_4q": null,
            "revenue": 8404651,
            "revenue_4q": null,
            "common_shares": 14540738,
            "book_valuer_per_share": 12.97,
            "book_valuer_per_share_4q_avg": 13.26,
            "equity": 23813354,
            "current_ratio": 227.39,
            "debt_ratio": 71.09,
            "inventory_turnover_ratio": 1.75,
            "account_receivable_turnover_ratio": null,
            "reinvestment_rate": 481.17,
            "research_to_sale_ratio": null,
            "price_fair": 14.18,
            "eps_avg_yearly": 0.41,
            "eps_latest_yearly": 0.08,
            "eps_growth_yearly": 837.22
        },
        "20082": {
            "year_quarter": 20082,
            "year": 2008,
            "quarter": 2,
            "eps": -0.03,
            "eps_growth_year": -137.5,
            "eps_4q": 0.19,
            "eps_4q_growth_year": null,
            "roe": 0.23,
            "roe_4q": 1.76,
            "gross_profit": 900245,
            "gross_margin": 10.1,
            "gross_margin_4q_avg": 7.92,
            "net_income": 52606,
            "net_income_4q": null,
            "revenue": 8914407,
            "revenue_4q": null,
            "common_shares": 14540738,
            "book_valuer_per_share": 11.97,
            "book_valuer_per_share_4q_avg": 12.77,
            "equity": 22674633,
            "current_ratio": 215.46,
            "debt_ratio": 72.34,
            "inventory_turnover_ratio": 1.87,
            "account_receivable_turnover_ratio": null,
            "reinvestment_rate": 555.46,
            "research_to_sale_ratio": null,
            "price_fair": 16,
            "eps_avg_yearly": 0.46,
            "eps_latest_yearly": 0.08,
            "eps_growth_yearly": 1009.89
        },
        "20083": {
            "year_quarter": 20083,
            "year": 2008,
            "quarter": 3,
            "eps": 0.2,
            "eps_growth_year": 33.33,
            "eps_4q": 0.25,
            "eps_4q_growth_year": null,
            "roe": 1.34,
            "roe_4q": 2.0700000000000003,
            "gross_profit": 987259,
            "gross_margin": 11.28,
            "gross_margin_4q_avg": 9.46,
            "net_income": 287069,
            "net_income_4q": null,
            "revenue": 8752621,
            "revenue_4q": null,
            "common_shares": 14540738,
            "book_valuer_per_share": 10.48,
            "book_valuer_per_share_4q_avg": 11.98,
            "equity": 20227226,
            "current_ratio": 218.24,
            "debt_ratio": 74.33,
            "inventory_turnover_ratio": 1.67,
            "account_receivable_turnover_ratio": null,
            "reinvestment_rate": 567.15,
            "research_to_sale_ratio": null,
            "price_fair": 1.18,
            "eps_avg_yearly": 0.39,
            "eps_latest_yearly": 0.08,
            "eps_growth_yearly": -155.13
        },
        "20084": {
            "year_quarter": 20084,
            "year": 2008,
            "quarter": 4,
            "eps": -0.23,
            "eps_growth_year": -428.57,
            "eps_4q": -0.08,
            "eps_4q_growth_year": -117.03,
            "roe": -1.97,
            "roe_4q": -0.3499999999999999,
            "gross_profit": 296627,
            "gross_margin": 4.8,
            "gross_margin_4q_avg": 8.94,
            "net_income": -393407,
            "net_income_4q": null,
            "revenue": 6180022,
            "revenue_4q": null,
            "common_shares": 14540738,
            "book_valuer_per_share": 10.18,
            "book_valuer_per_share_4q_avg": 11.4,
            "equity": 19639295,
            "current_ratio": 174.74,
            "debt_ratio": 74.47,
            "inventory_turnover_ratio": 1.31,
            "account_receivable_turnover_ratio": 4.56,
            "reinvestment_rate": 902.77,
            "research_to_sale_ratio": null,
            "price_fair": 1.32,
            "eps_avg_yearly": 0.44,
            "eps_latest_yearly": 0.08,
            "eps_growth_yearly": -121.4
        },
        "20091": {
            "year_quarter": 20091,
            "year": 2009,
            "quarter": 1,
            "eps": 0.06,
            "eps_growth_year": 200,
            "eps_4q": -0,
            "eps_4q_growth_year": -100.22,
            "roe": 0.53,
            "roe_4q": 0.13000000000000014,
            "gross_profit": 720619,
            "gross_margin": 11.71,
            "gross_margin_4q_avg": 9.47,
            "net_income": 104881,
            "net_income_4q": null,
            "revenue": 6154519,
            "revenue_4q": null,
            "common_shares": 14540738,
            "book_valuer_per_share": 10.44,
            "book_valuer_per_share_4q_avg": 10.77,
            "equity": 19987940,
            "current_ratio": 171.28,
            "debt_ratio": 74.16,
            "inventory_turnover_ratio": 1.41,
            "account_receivable_turnover_ratio": 2.12,
            "reinvestment_rate": 730,
            "research_to_sale_ratio": null,
            "price_fair": 1.32,
            "eps_avg_yearly": 0.44,
            "eps_latest_yearly": 0.08,
            "eps_growth_yearly": -121.4
        },
        "20092": {
            "year_quarter": 20092,
            "year": 2009,
            "quarter": 2,
            "eps": 0.11,
            "eps_growth_year": null,
            "eps_4q": 0.1,
            "eps_4q_growth_year": -45.93,
            "roe": 1.04,
            "roe_4q": 0.9400000000000002,
            "gross_profit": 794242,
            "gross_margin": 10.94,
            "gross_margin_4q_avg": 9.68,
            "net_income": 217264,
            "net_income_4q": null,
            "revenue": 7257700,
            "revenue_4q": null,
            "common_shares": 14540738,
            "book_valuer_per_share": 11.74,
            "book_valuer_per_share_4q_avg": 10.71,
            "equity": 21806664,
            "current_ratio": 163.28,
            "debt_ratio": 71.99,
            "inventory_turnover_ratio": 1.7,
            "account_receivable_turnover_ratio": 2.38,
            "reinvestment_rate": 618.87,
            "research_to_sale_ratio": null,
            "price_fair": 1.32,
            "eps_avg_yearly": 0.44,
            "eps_latest_yearly": 0.44,
            "eps_growth_yearly": -45.61
        },
        "20093": {
            "year_quarter": 20093,
            "year": 2009,
            "quarter": 3,
            "eps": 0.16,
            "eps_growth_year": -20,
            "eps_4q": 0.08,
            "eps_4q_growth_year": -67.77,
            "roe": 1.32,
            "roe_4q": 0.9200000000000006,
            "gross_profit": 1163028,
            "gross_margin": 14.51,
            "gross_margin_4q_avg": 10.49,
            "net_income": 291178,
            "net_income_4q": null,
            "revenue": 8014529,
            "revenue_4q": null,
            "common_shares": 14540738,
            "book_valuer_per_share": 12.05,
            "book_valuer_per_share_4q_avg": 11.1,
            "equity": 22364450,
            "current_ratio": 161,
            "debt_ratio": 71.45,
            "inventory_turnover_ratio": 1.76,
            "account_receivable_turnover_ratio": 2.48,
            "reinvestment_rate": 741.27,
            "research_to_sale_ratio": null,
            "price_fair": 1.41,
            "eps_avg_yearly": 0.47,
            "eps_latest_yearly": 0.64,
            "eps_growth_yearly": -13.12
        },
        "20094": {
            "year_quarter": 20094,
            "year": 2009,
            "quarter": 4,
            "eps": 0.11,
            "eps_growth_year": null,
            "eps_4q": 0.44,
            "eps_4q_growth_year": null,
            "roe": 1.5,
            "roe_4q": 4.390000000000001,
            "gross_profit": 1035271,
            "gross_margin": 12.34,
            "gross_margin_4q_avg": 12.38,
            "net_income": 343626,
            "net_income_4q": null,
            "revenue": 8386182,
            "revenue_4q": null,
            "common_shares": 14540738,
            "book_valuer_per_share": 12.81,
            "book_valuer_per_share_4q_avg": 11.76,
            "equity": 23475044,
            "current_ratio": 164.29,
            "debt_ratio": 71.21,
            "inventory_turnover_ratio": 1.81,
            "account_receivable_turnover_ratio": 3.98,
            "reinvestment_rate": 1335.32,
            "research_to_sale_ratio": null,
            "price_fair": 1.4,
            "eps_avg_yearly": 0.47,
            "eps_latest_yearly": 0.44,
            "eps_growth_yearly": -27.1
        },
        "20101": {
            "year_quarter": 20101,
            "year": 2010,
            "quarter": 1,
            "eps": 0.11,
            "eps_growth_year": 83.33,
            "eps_4q": 0.46,
            "eps_4q_growth_year": null,
            "roe": 0.91,
            "roe_4q": 4.7700000000000005,
            "gross_profit": 413210,
            "gross_margin": 4.66,
            "gross_margin_4q_avg": 10.61,
            "net_income": 218221,
            "net_income_4q": null,
            "revenue": 8864426,
            "revenue_4q": null,
            "common_shares": 15366012,
            "book_valuer_per_share": 12.58,
            "book_valuer_per_share_4q_avg": 12.3,
            "equity": 24289116,
            "current_ratio": 172.89,
            "debt_ratio": 70.28,
            "inventory_turnover_ratio": 2,
            "account_receivable_turnover_ratio": 1.99,
            "reinvestment_rate": 1395.23,
            "research_to_sale_ratio": null,
            "price_fair": 1.39,
            "eps_avg_yearly": 0.46,
            "eps_latest_yearly": 0.44,
            "eps_growth_yearly": -24.09
        },
        "20102": {
            "year_quarter": 20102,
            "year": 2010,
            "quarter": 2,
            "eps": 0.3,
            "eps_growth_year": 173.88,
            "eps_4q": 0.65,
            "eps_4q_growth_year": 526.63,
            "roe": 2.12,
            "roe_4q": 5.8500000000000005,
            "gross_profit": 750342,
            "gross_margin": 7.24,
            "gross_margin_4q_avg": 9.69,
            "net_income": 514248,
            "net_income_4q": null,
            "revenue": 10362612,
            "revenue_4q": null,
            "common_shares": 15914047,
            "book_valuer_per_share": 12.27,
            "book_valuer_per_share_4q_avg": 12.43,
            "equity": 24325813,
            "current_ratio": 140.82,
            "debt_ratio": 70.64,
            "inventory_turnover_ratio": 2.28,
            "account_receivable_turnover_ratio": 2.08,
            "reinvestment_rate": 1660.14,
            "research_to_sale_ratio": null,
            "price_fair": 18.76,
            "eps_avg_yearly": 0.54,
            "eps_latest_yearly": 1.2,
            "eps_growth_yearly": 47.41
        },
        "20103": {
            "year_quarter": 20103,
            "year": 2010,
            "quarter": 3,
            "eps": 0.5,
            "eps_growth_year": 210.32,
            "eps_4q": 0.99,
            "eps_4q_growth_year": 1137.41,
            "roe": 3.26,
            "roe_4q": 7.79,
            "gross_profit": 607592,
            "gross_margin": 6.11,
            "gross_margin_4q_avg": 7.59,
            "net_income": 831522,
            "net_income_4q": null,
            "revenue": 9943003,
            "revenue_4q": null,
            "common_shares": 15954832,
            "book_valuer_per_share": 13.35,
            "book_valuer_per_share_4q_avg": 12.75,
            "equity": 26744032,
            "current_ratio": 140.39,
            "debt_ratio": 69.33,
            "inventory_turnover_ratio": 2.09,
            "account_receivable_turnover_ratio": 1.91,
            "reinvestment_rate": 1325.01,
            "research_to_sale_ratio": null,
            "price_fair": 22.54,
            "eps_avg_yearly": 0.64,
            "eps_latest_yearly": 2,
            "eps_growth_yearly": 97.65
        },
        "20104": {
            "year_quarter": 20104,
            "year": 2010,
            "quarter": 4,
            "eps": 0.28,
            "eps_growth_year": 152.98,
            "eps_4q": 1.16,
            "eps_4q_growth_year": 165.77,
            "roe": 2.85,
            "roe_4q": 9.14,
            "gross_profit": 4265548,
            "gross_margin": 42.22,
            "gross_margin_4q_avg": 15.06,
            "net_income": 798133,
            "net_income_4q": null,
            "revenue": 10102577,
            "revenue_4q": null,
            "common_shares": 16301859,
            "book_valuer_per_share": 14.27,
            "book_valuer_per_share_4q_avg": 13.12,
            "equity": 29302256,
            "current_ratio": 165.37,
            "debt_ratio": 68.75,
            "inventory_turnover_ratio": 1.13,
            "account_receivable_turnover_ratio": 1.95,
            "reinvestment_rate": 736.2,
            "research_to_sale_ratio": null,
            "price_fair": 24.05,
            "eps_avg_yearly": 0.69,
            "eps_latest_yearly": 1.12,
            "eps_growth_yearly": 72.77
        },
        "20111": {
            "year_quarter": 20111,
            "year": 2011,
            "quarter": 1,
            "eps": 0.34,
            "eps_growth_year": 209.09,
            "eps_4q": 1.32,
            "eps_4q_growth_year": 187.56,
            "roe": 2.51,
            "roe_4q": 10.739999999999998,
            "gross_profit": 604229,
            "gross_margin": 5.4,
            "gross_margin_4q_avg": 15.24,
            "net_income": 751675,
            "net_income_4q": null,
            "revenue": 11183773,
            "revenue_4q": null,
            "common_shares": 17302269,
            "book_valuer_per_share": 14.17,
            "book_valuer_per_share_4q_avg": 13.52,
            "equity": 30609085,
            "current_ratio": 169.21,
            "debt_ratio": 68.86,
            "inventory_turnover_ratio": 1.76,
            "account_receivable_turnover_ratio": 1.88,
            "reinvestment_rate": 812.95,
            "research_to_sale_ratio": null,
            "price_fair": 26.02,
            "eps_avg_yearly": 0.74,
            "eps_latest_yearly": 1.36,
            "eps_growth_yearly": 73.85
        },
        "20112": {
            "year_quarter": 20112,
            "year": 2011,
            "quarter": 2,
            "eps": 0.25,
            "eps_growth_year": -18.67,
            "eps_4q": 1.24,
            "eps_4q_growth_year": 91.41,
            "roe": 1.8,
            "roe_4q": 10.42,
            "gross_profit": 552003,
            "gross_margin": 5.07,
            "gross_margin_4q_avg": 14.7,
            "net_income": 546619,
            "net_income_4q": null,
            "revenue": 10885643,
            "revenue_4q": null,
            "common_shares": 17302372,
            "book_valuer_per_share": 14.04,
            "book_valuer_per_share_4q_avg": 13.96,
            "equity": 30201512,
            "current_ratio": 174.09,
            "debt_ratio": 70.08,
            "inventory_turnover_ratio": 1.57,
            "account_receivable_turnover_ratio": 1.7,
            "reinvestment_rate": 766.19,
            "research_to_sale_ratio": null,
            "price_fair": 28,
            "eps_avg_yearly": 0.8,
            "eps_latest_yearly": 1,
            "eps_growth_yearly": 83.54
        },
        "20113": {
            "year_quarter": 20113,
            "year": 2011,
            "quarter": 3,
            "eps": 0.15,
            "eps_growth_year": -69.6,
            "eps_4q": 0.96,
            "eps_4q_growth_year": -3.65,
            "roe": 1.1,
            "roe_4q": 8.26,
            "gross_profit": 261443,
            "gross_margin": 2.4,
            "gross_margin_4q_avg": 13.77,
            "net_income": 327745,
            "net_income_4q": null,
            "revenue": 10871615,
            "revenue_4q": null,
            "common_shares": 17330445,
            "book_valuer_per_share": 13.57,
            "book_valuer_per_share_4q_avg": 14.01,
            "equity": 29385692,
            "current_ratio": 175.02,
            "debt_ratio": 71.54,
            "inventory_turnover_ratio": 1.57,
            "account_receivable_turnover_ratio": 1.76,
            "reinvestment_rate": 760.48,
            "research_to_sale_ratio": null,
            "price_fair": 28,
            "eps_avg_yearly": 0.8,
            "eps_latest_yearly": 0.6,
            "eps_growth_yearly": 41.04
        },
        "20114": {
            "year_quarter": 20114,
            "year": 2011,
            "quarter": 4,
            "eps": -0.01,
            "eps_growth_year": -102.99,
            "eps_4q": 0.7,
            "eps_4q_growth_year": -39.34,
            "roe": -0.11,
            "roe_4q": 5.3,
            "gross_profit": 3560967,
            "gross_margin": 34.29,
            "gross_margin_4q_avg": 11.79,
            "net_income": -33589,
            "net_income_4q": null,
            "revenue": 10384065,
            "revenue_4q": null,
            "common_shares": 18282070,
            "book_valuer_per_share": 12.69,
            "book_valuer_per_share_4q_avg": 13.62,
            "equity": 29104531,
            "current_ratio": 202.73,
            "debt_ratio": 71.59,
            "inventory_turnover_ratio": 1.05,
            "account_receivable_turnover_ratio": 1.75,
            "reinvestment_rate": 662.75,
            "research_to_sale_ratio": null,
            "price_fair": 29.65,
            "eps_avg_yearly": 0.85,
            "eps_latest_yearly": 0.6,
            "eps_growth_yearly": 64.17
        },
        "20121": {
            "year_quarter": 20121,
            "year": 2012,
            "quarter": 1,
            "eps": 0.17,
            "eps_growth_year": -50,
            "eps_4q": 0.57,
            "eps_4q_growth_year": -57.01,
            "roe": 1.22,
            "roe_4q": 4.01,
            "gross_profit": 351259,
            "gross_margin": 3.25,
            "gross_margin_4q_avg": 11.25,
            "net_income": 360628,
            "net_income_4q": null,
            "revenue": 10816540,
            "revenue_4q": null,
            "common_shares": 18282070,
            "book_valuer_per_share": 13.22,
            "book_valuer_per_share_4q_avg": 13.38,
            "equity": 30136423,
            "current_ratio": 182.55,
            "debt_ratio": 71.77,
            "inventory_turnover_ratio": 1.64,
            "account_receivable_turnover_ratio": 1.81,
            "reinvestment_rate": 631.34,
            "research_to_sale_ratio": null,
            "price_fair": 32.34,
            "eps_avg_yearly": 0.92,
            "eps_latest_yearly": 0.6,
            "eps_growth_yearly": 99.16
        },
        "20122": {
            "year_quarter": 20122,
            "year": 2012,
            "quarter": 2,
            "eps": 0.12,
            "eps_growth_year": -52.93,
            "eps_4q": 0.44,
            "eps_4q_growth_year": -64.33,
            "roe": 0.98,
            "roe_4q": 3.1900000000000004,
            "gross_profit": 280576,
            "gross_margin": 2.57,
            "gross_margin_4q_avg": 10.63,
            "net_income": 288634,
            "net_income_4q": null,
            "revenue": 10931247,
            "revenue_4q": null,
            "common_shares": 18282070,
            "book_valuer_per_share": 12.98,
            "book_valuer_per_share_4q_avg": 13.12,
            "equity": 29000972,
            "current_ratio": 169.91,
            "debt_ratio": 72.47,
            "inventory_turnover_ratio": 1.66,
            "account_receivable_turnover_ratio": 1.76,
            "reinvestment_rate": 571.92,
            "research_to_sale_ratio": null,
            "price_fair": 30.93,
            "eps_avg_yearly": 0.88,
            "eps_latest_yearly": 0.48,
            "eps_growth_yearly": 79.45
        },
        "20123": {
            "year_quarter": 20123,
            "year": 2012,
            "quarter": 3,
            "eps": 0.17,
            "eps_growth_year": 14.47,
            "eps_4q": 0.46,
            "eps_4q_growth_year": -52.1,
            "roe": 1.57,
            "roe_4q": 3.6599999999999997,
            "gross_profit": 167201,
            "gross_margin": 1.52,
            "gross_margin_4q_avg": 10.41,
            "net_income": 460432,
            "net_income_4q": null,
            "revenue": 11025147,
            "revenue_4q": null,
            "common_shares": 17604840,
            "book_valuer_per_share": 13.26,
            "book_valuer_per_share_4q_avg": 13.04,
            "equity": 29490616,
            "current_ratio": 187.12,
            "debt_ratio": 72.16,
            "inventory_turnover_ratio": 1.74,
            "account_receivable_turnover_ratio": 1.88,
            "reinvestment_rate": 571.86,
            "research_to_sale_ratio": null,
            "price_fair": 30.33,
            "eps_avg_yearly": 0.87,
            "eps_latest_yearly": 0.68,
            "eps_growth_yearly": 86.71
        },
        "20124": {
            "year_quarter": 20124,
            "year": 2012,
            "quarter": 4,
            "eps": 0.09,
            "eps_growth_year": null,
            "eps_4q": 0.56,
            "eps_4q_growth_year": -20.57,
            "roe": 1.05,
            "roe_4q": 4.82,
            "gross_profit": 3773936,
            "gross_margin": 40.64,
            "gross_margin_4q_avg": 12,
            "net_income": 310635,
            "net_income_4q": null,
            "revenue": 9285730,
            "revenue_4q": null,
            "common_shares": 17604840,
            "book_valuer_per_share": 13.38,
            "book_valuer_per_share_4q_avg": 13.21,
            "equity": 29747206,
            "current_ratio": 183.56,
            "debt_ratio": 72.52,
            "inventory_turnover_ratio": 0.9,
            "account_receivable_turnover_ratio": 1.64,
            "reinvestment_rate": 486.3,
            "research_to_sale_ratio": null,
            "price_fair": 28.97,
            "eps_avg_yearly": 0.83,
            "eps_latest_yearly": 0.36,
            "eps_growth_yearly": 65.56
        },
        "20131": {
            "year_quarter": 20131,
            "year": 2013,
            "quarter": 1,
            "eps": 0.11,
            "eps_growth_year": -35.29,
            "eps_4q": 0.49,
            "eps_4q_growth_year": -13.03,
            "roe": 1.01,
            "roe_4q": 4.609999999999999,
            "gross_profit": 1203229,
            "gross_margin": null,
            "gross_margin_4q_avg": 11.18,
            "net_income": 307862,
            "net_income_4q": null,
            "revenue": 9568620,
            "revenue_4q": null,
            "common_shares": 17604840,
            "book_valuer_per_share": 14.01,
            "book_valuer_per_share_4q_avg": 13.41,
            "equity": 31041846,
            "current_ratio": 108.88,
            "debt_ratio": 72.24,
            "inventory_turnover_ratio": null,
            "account_receivable_turnover_ratio": 1.6,
            "reinvestment_rate": 75.79,
            "research_to_sale_ratio": 0.41,
            "price_fair": 28,
            "eps_avg_yearly": 0.8,
            "eps_latest_yearly": 0.44,
            "eps_growth_yearly": 67.23
        },
        "20132": {
            "year_quarter": 20132,
            "year": 2013,
            "quarter": 2,
            "eps": 0.25,
            "eps_growth_year": 116.76,
            "eps_4q": 0.62,
            "eps_4q_growth_year": 41.28,
            "roe": 1.81,
            "roe_4q": 5.44,
            "gross_profit": 1368216,
            "gross_margin": null,
            "gross_margin_4q_avg": 10.54,
            "net_income": 563048,
            "net_income_4q": null,
            "revenue": 11663420,
            "revenue_4q": null,
            "common_shares": 17604840,
            "book_valuer_per_share": 14.11,
            "book_valuer_per_share_4q_avg": 13.69,
            "equity": 31111508,
            "current_ratio": 109.15,
            "debt_ratio": 73.7,
            "inventory_turnover_ratio": null,
            "account_receivable_turnover_ratio": 1.67,
            "reinvestment_rate": 74.9,
            "research_to_sale_ratio": 0.47,
            "price_fair": 29.4,
            "eps_avg_yearly": 0.84,
            "eps_latest_yearly": 1,
            "eps_growth_yearly": 79.78
        },
        "20133": {
            "year_quarter": 20133,
            "year": 2013,
            "quarter": 3,
            "eps": 0.22,
            "eps_growth_year": 27.31,
            "eps_4q": 0.67,
            "eps_4q_growth_year": 46.64,
            "roe": 1.68,
            "roe_4q": 5.55,
            "gross_profit": 1371599,
            "gross_margin": null,
            "gross_margin_4q_avg": 10.16,
            "net_income": 537243,
            "net_income_4q": null,
            "revenue": 11531128,
            "revenue_4q": null,
            "common_shares": 17604840,
            "book_valuer_per_share": 14.57,
            "book_valuer_per_share_4q_avg": 14.02,
            "equity": 32684679,
            "current_ratio": 110.33,
            "debt_ratio": 72.58,
            "inventory_turnover_ratio": null,
            "account_receivable_turnover_ratio": 1.65,
            "reinvestment_rate": 75.04,
            "research_to_sale_ratio": 0.44,
            "price_fair": 30,
            "eps_avg_yearly": 0.86,
            "eps_latest_yearly": 0.88,
            "eps_growth_yearly": 63.37
        },
        "20134": {
            "year_quarter": 20134,
            "year": 2013,
            "quarter": 4,
            "eps": 0.09,
            "eps_growth_year": -4.93,
            "eps_4q": 0.67,
            "eps_4q_growth_year": 19.57,
            "roe": 0.82,
            "roe_4q": 5.32,
            "gross_profit": 1332494,
            "gross_margin": null,
            "gross_margin_4q_avg": 0,
            "net_income": 275587,
            "net_income_4q": null,
            "revenue": 9572704,
            "revenue_4q": null,
            "common_shares": 17604840,
            "book_valuer_per_share": 15.06,
            "book_valuer_per_share_4q_avg": 14.44,
            "equity": 34238759,
            "current_ratio": 109.76,
            "debt_ratio": 72.37,
            "inventory_turnover_ratio": null,
            "account_receivable_turnover_ratio": 1.45,
            "reinvestment_rate": -250.48,
            "research_to_sale_ratio": 0.72,
            "price_fair": 29.8,
            "eps_avg_yearly": 0.85,
            "eps_latest_yearly": 0.36,
            "eps_growth_yearly": 55.41
        },
        "20141": {
            "year_quarter": 20141,
            "year": 2014,
            "quarter": 1,
            "eps": 0.35,
            "eps_growth_year": 218.18,
            "eps_4q": 0.92,
            "eps_4q_growth_year": 86.09,
            "roe": 2.02,
            "roe_4q": 6.33,
            "gross_profit": 1157695,
            "gross_margin": null,
            "gross_margin_4q_avg": 0,
            "net_income": 695741,
            "net_income_4q": null,
            "revenue": 11674304,
            "revenue_4q": null,
            "common_shares": 17604840,
            "book_valuer_per_share": 15.42,
            "book_valuer_per_share_4q_avg": 14.79,
            "equity": 34723974,
            "current_ratio": 110.46,
            "debt_ratio": 72.33,
            "inventory_turnover_ratio": null,
            "account_receivable_turnover_ratio": 1.59,
            "reinvestment_rate": -228.36,
            "research_to_sale_ratio": 0.38,
            "price_fair": 32.2,
            "eps_avg_yearly": 0.92,
            "eps_latest_yearly": 1.4,
            "eps_growth_yearly": 137.95
        },
        "20142": {
            "year_quarter": 20142,
            "year": 2014,
            "quarter": 2,
            "eps": 0.19,
            "eps_growth_year": -24,
            "eps_4q": 0.86,
            "eps_4q_growth_year": 38,
            "roe": 1.21,
            "roe_4q": 5.7299999999999995,
            "gross_profit": 1372688,
            "gross_margin": null,
            "gross_margin_4q_avg": 0,
            "net_income": 418625,
            "net_income_4q": null,
            "revenue": 10756147,
            "revenue_4q": null,
            "common_shares": 17604840,
            "book_valuer_per_share": 15.33,
            "book_valuer_per_share_4q_avg": 15.1,
            "equity": 34313889,
            "current_ratio": 109.49,
            "debt_ratio": 73.46,
            "inventory_turnover_ratio": null,
            "account_receivable_turnover_ratio": 1.38,
            "reinvestment_rate": -240.13,
            "research_to_sale_ratio": 0.68,
            "price_fair": 31.1,
            "eps_avg_yearly": 0.89,
            "eps_latest_yearly": 0.76,
            "eps_growth_yearly": 75.54
        },
        "20143": {
            "year_quarter": 20143,
            "year": 2014,
            "quarter": 3,
            "eps": 0.2,
            "eps_growth_year": -9.09,
            "eps_4q": 0.84,
            "eps_4q_growth_year": 25.16,
            "roe": 1.28,
            "roe_4q": 5.33,
            "gross_profit": 1413696,
            "gross_margin": null,
            "gross_margin_4q_avg": 0,
            "net_income": 438918,
            "net_income_4q": null,
            "revenue": 10748993,
            "revenue_4q": null,
            "common_shares": 17157970,
            "book_valuer_per_share": 15.66,
            "book_valuer_per_share_4q_avg": 15.37,
            "equity": 34468517,
            "current_ratio": 108.87,
            "debt_ratio": 72.93,
            "inventory_turnover_ratio": null,
            "account_receivable_turnover_ratio": 1.5,
            "reinvestment_rate": -297.18,
            "research_to_sale_ratio": 0.71,
            "price_fair": 28.1,
            "eps_avg_yearly": 0.8,
            "eps_latest_yearly": 0.8,
            "eps_growth_yearly": 58
        },
        "20144": {
            "year_quarter": 20144,
            "year": 2014,
            "quarter": 4,
            "eps": 0.07,
            "eps_growth_year": -15.77,
            "eps_4q": 0.83,
            "eps_4q_growth_year": 23.42,
            "roe": 0.49,
            "roe_4q": 5,
            "gross_profit": 1309122,
            "gross_margin": null,
            "gross_margin_4q_avg": 0,
            "net_income": 169704,
            "net_income_4q": null,
            "revenue": 11265837,
            "revenue_4q": null,
            "common_shares": 16634613,
            "book_valuer_per_share": 15.64,
            "book_valuer_per_share_4q_avg": 15.51,
            "equity": 34469370,
            "current_ratio": 108.03,
            "debt_ratio": 73.53,
            "inventory_turnover_ratio": null,
            "account_receivable_turnover_ratio": 1.76,
            "reinvestment_rate": -353.98,
            "research_to_sale_ratio": 0.79,
            "price_fair": 26,
            "eps_avg_yearly": 0.74,
            "eps_latest_yearly": 0.28,
            "eps_growth_yearly": 52
        },
        "20151": {
            "year_quarter": 20151,
            "year": 2015,
            "quarter": 1,
            "eps": 0.11,
            "eps_growth_year": -68.57,
            "eps_4q": 0.58,
            "eps_4q_growth_year": -37.24,
            "roe": 0.65,
            "roe_4q": 3.63,
            "gross_profit": 1123105,
            "gross_margin": null,
            "gross_margin_4q_avg": 0,
            "net_income": 224192,
            "net_income_4q": null,
            "revenue": 9109647,
            "revenue_4q": null,
            "common_shares": 16592823,
            "book_valuer_per_share": 15.78,
            "book_valuer_per_share_4q_avg": 15.6,
            "equity": 34642590,
            "current_ratio": 101.73,
            "debt_ratio": 73.65,
            "inventory_turnover_ratio": null,
            "account_receivable_turnover_ratio": 1.41,
            "reinvestment_rate": -379.95,
            "research_to_sale_ratio": 0.34,
            "price_fair": 23.7,
            "eps_avg_yearly": 0.68,
            "eps_latest_yearly": 0.44,
            "eps_growth_yearly": 62.2
        },
        "20152": {
            "year_quarter": 20152,
            "year": 2015,
            "quarter": 2,
            "eps": 0.06,
            "eps_growth_year": -68.42,
            "eps_4q": 0.44,
            "eps_4q_growth_year": -48.27,
            "roe": 0.37,
            "roe_4q": 2.79,
            "gross_profit": 997653,
            "gross_margin": null,
            "gross_margin_4q_avg": 0,
            "net_income": 125338,
            "net_income_4q": null,
            "revenue": 9521095,
            "revenue_4q": null,
            "common_shares": 16592823,
            "book_valuer_per_share": 15.31,
            "book_valuer_per_share_4q_avg": 15.6,
            "equity": 33423649,
            "current_ratio": 102.47,
            "debt_ratio": 74.55,
            "inventory_turnover_ratio": null,
            "account_receivable_turnover_ratio": 1.47,
            "reinvestment_rate": -432.86,
            "research_to_sale_ratio": 0.6,
            "price_fair": 21.8,
            "eps_avg_yearly": 0.62,
            "eps_latest_yearly": 0.24,
            "eps_growth_yearly": 56.78
        },
        "20153": {
            "year_quarter": 20153,
            "year": 2015,
            "quarter": 3,
            "eps": 0.31,
            "eps_growth_year": 55,
            "eps_4q": 0.56,
            "eps_4q_growth_year": -33.01,
            "roe": 1.86,
            "roe_4q": 3.37,
            "gross_profit": 1039491,
            "gross_margin": null,
            "gross_margin_4q_avg": 0,
            "net_income": 620544,
            "net_income_4q": null,
            "revenue": 9443376,
            "revenue_4q": null,
            "common_shares": 16592823,
            "book_valuer_per_share": 15.43,
            "book_valuer_per_share_4q_avg": 15.54,
            "equity": 33266740,
            "current_ratio": 97.9,
            "debt_ratio": 74.87,
            "inventory_turnover_ratio": null,
            "account_receivable_turnover_ratio": 1.48,
            "reinvestment_rate": -411.23,
            "research_to_sale_ratio": 0.49,
            "price_fair": 23.4,
            "eps_avg_yearly": 0.67,
            "eps_latest_yearly": 1.24,
            "eps_growth_yearly": 187.26
        },
        "20154": {
            "year_quarter": 20154,
            "year": 2015,
            "quarter": 4,
            "eps": -0.03,
            "eps_growth_year": -136.94,
            "eps_4q": 0.46,
            "eps_4q_growth_year": -43.75,
            "roe": -0.47,
            "roe_4q": 2.41,
            "gross_profit": 1759276,
            "gross_margin": null,
            "gross_margin_4q_avg": 0,
            "net_income": -156325,
            "net_income_4q": null,
            "revenue": 9001626,
            "revenue_4q": null,
            "common_shares": 16184093,
            "book_valuer_per_share": 15.21,
            "book_valuer_per_share_4q_avg": 15.43,
            "equity": 32717021,
            "current_ratio": 101.99,
            "debt_ratio": 74.74,
            "inventory_turnover_ratio": null,
            "account_receivable_turnover_ratio": 1.48,
            "reinvestment_rate": -432.39,
            "research_to_sale_ratio": 0.75,
            "price_fair": 23.4,
            "eps_avg_yearly": 0.67,
            "eps_latest_yearly": 1.24,
            "eps_growth_yearly": 187.26
        },
        "20161": {
            "year_quarter": 20161,
            "year": 2016,
            "quarter": 1,
            "eps": 0.09,
            "eps_growth_year": -18.18,
            "eps_4q": 0.44,
            "eps_4q_growth_year": -23.79,
            "roe": 0.59,
            "roe_4q": 2.35,
            "gross_profit": 1039157,
            "gross_margin": null,
            "gross_margin_4q_avg": 0,
            "net_income": 193888,
            "net_income_4q": null,
            "revenue": 8415981,
            "revenue_4q": null,
            "common_shares": 16184093,
            "book_valuer_per_share": 15.33,
            "book_valuer_per_share_4q_avg": 15.32,
            "equity": 32951317,
            "current_ratio": 100.15,
            "debt_ratio": 74.09,
            "inventory_turnover_ratio": null,
            "account_receivable_turnover_ratio": 1.41,
            "reinvestment_rate": -458.91,
            "research_to_sale_ratio": 0.57,
            "price_fair": 23.4,
            "eps_avg_yearly": 0.67,
            "eps_latest_yearly": 1.24,
            "eps_growth_yearly": 187.26
        },
        "20162": {
            "year_quarter": 20162,
            "year": 2016,
            "quarter": 2,
            "eps": 0.12,
            "eps_growth_year": 100,
            "eps_4q": 0.5,
            "eps_4q_growth_year": 13.42,
            "roe": 0.68,
            "roe_4q": 2.66,
            "gross_profit": 1007655,
            "gross_margin": null,
            "gross_margin_4q_avg": 0,
            "net_income": 224622,
            "net_income_4q": null,
            "revenue": 8346883,
            "revenue_4q": null,
            "common_shares": 16184093,
            "book_valuer_per_share": 15.44,
            "book_valuer_per_share_4q_avg": 15.35,
            "equity": 32974957,
            "current_ratio": 91.75,
            "debt_ratio": 74.11,
            "inventory_turnover_ratio": null,
            "account_receivable_turnover_ratio": 1.31,
            "reinvestment_rate": -438.48,
            "research_to_sale_ratio": 0.57,
            "price_fair": 23.4,
            "eps_avg_yearly": 0.67,
            "eps_latest_yearly": 0.48,
            "eps_growth_yearly": 205.18
        },
        "20163": {
            "year_quarter": 20163,
            "year": 2016,
            "quarter": 3,
            "eps": 0.13,
            "eps_growth_year": -58.06,
            "eps_4q": 0.32,
            "eps_4q_growth_year": -43.57,
            "roe": 0.73,
            "roe_4q": 1.53,
            "gross_profit": 1055727,
            "gross_margin": null,
            "gross_margin_4q_avg": 0,
            "net_income": 241924,
            "net_income_4q": null,
            "revenue": 8713716,
            "revenue_4q": null,
            "common_shares": 16184093,
            "book_valuer_per_share": 15.53,
            "book_valuer_per_share_4q_avg": 15.38,
            "equity": 33106844,
            "current_ratio": 90.04,
            "debt_ratio": 74.42,
            "inventory_turnover_ratio": null,
            "account_receivable_turnover_ratio": 1.32,
            "reinvestment_rate": -447.93,
            "research_to_sale_ratio": 0.47,
            "price_fair": 23,
            "eps_avg_yearly": 0.66,
            "eps_latest_yearly": 0.52,
            "eps_growth_yearly": 195.66
        },
        "20164": {
            "year_quarter": 20164,
            "year": 2016,
            "quarter": 4,
            "eps": 0.12,
            "eps_growth_year": null,
            "eps_4q": 0.46,
            "eps_4q_growth_year": -0.1,
            "roe": 0.88,
            "roe_4q": 2.88,
            "gross_profit": null,
            "gross_margin": null,
            "gross_margin_4q_avg": 0,
            "net_income": 294132,
            "net_income_4q": null,
            "revenue": 8990265,
            "revenue_4q": null,
            "common_shares": 16184093,
            "book_valuer_per_share": 15.88,
            "book_valuer_per_share_4q_avg": 15.55,
            "equity": 33684420,
            "current_ratio": 91.24,
            "debt_ratio": 74.29,
            "inventory_turnover_ratio": null,
            "account_receivable_turnover_ratio": 1.4,
            "reinvestment_rate": -442.02,
            "research_to_sale_ratio": 1.15,
            "price_fair": 23.3,
            "eps_avg_yearly": 0.67,
            "eps_latest_yearly": 0.48,
            "eps_growth_yearly": 206.91
        },
        "20171": {
            "year_quarter": 20171,
            "year": 2017,
            "quarter": 1,
            "eps": 0.03,
            "eps_growth_year": -66.67,
            "eps_4q": 0.41,
            "eps_4q_growth_year": -7.35,
            "roe": 0.17,
            "roe_4q": 2.46,
            "gross_profit": null,
            "gross_margin": null,
            "gross_margin_4q_avg": 0,
            "net_income": 58567,
            "net_income_4q": null,
            "revenue": 8723163,
            "revenue_4q": null,
            "common_shares": 16184093,
            "book_valuer_per_share": 16.08,
            "book_valuer_per_share_4q_avg": 15.73,
            "equity": 34018507,
            "current_ratio": 90.21,
            "debt_ratio": 74.59,
            "inventory_turnover_ratio": null,
            "account_receivable_turnover_ratio": 1.32,
            "reinvestment_rate": 33.93,
            "research_to_sale_ratio": 0.51,
            "price_fair": 22.5,
            "eps_avg_yearly": 0.64,
            "eps_latest_yearly": 0.12,
            "eps_growth_yearly": 179.13
        },
        "20172": {
            "year_quarter": 20172,
            "year": 2017,
            "quarter": 2,
            "eps": 0.17,
            "eps_growth_year": 41.67,
            "eps_4q": 0.45,
            "eps_4q_growth_year": -10.86,
            "roe": 0.9,
            "roe_4q": 2.68,
            "gross_profit": null,
            "gross_margin": null,
            "gross_margin_4q_avg": 0,
            "net_income": 306062,
            "net_income_4q": null,
            "revenue": 8698881,
            "revenue_4q": null,
            "common_shares": 16184093,
            "book_valuer_per_share": 16.17,
            "book_valuer_per_share_4q_avg": 15.92,
            "equity": 34107006,
            "current_ratio": 90.1,
            "debt_ratio": 74.63,
            "inventory_turnover_ratio": null,
            "account_receivable_turnover_ratio": 1.24,
            "reinvestment_rate": 42.57,
            "research_to_sale_ratio": 1.66,
            "price_fair": 21.7,
            "eps_avg_yearly": 0.62,
            "eps_latest_yearly": 0.68,
            "eps_growth_yearly": 276.1
        },
        "20173": {
            "year_quarter": 20173,
            "year": 2017,
            "quarter": 3,
            "eps": 0.25,
            "eps_growth_year": 92.31,
            "eps_4q": 0.57,
            "eps_4q_growth_year": 79.95,
            "roe": 1.4,
            "roe_4q": 3.3499999999999996,
            "gross_profit": null,
            "gross_margin": null,
            "gross_margin_4q_avg": 0,
            "net_income": 480715,
            "net_income_4q": null,
            "revenue": 9620396,
            "revenue_4q": null,
            "common_shares": 16184093,
            "book_valuer_per_share": 16.48,
            "book_valuer_per_share_4q_avg": 16.15,
            "equity": 34585259,
            "current_ratio": 88.83,
            "debt_ratio": 75.1,
            "inventory_turnover_ratio": null,
            "account_receivable_turnover_ratio": 1.33,
            "reinvestment_rate": 41,
            "research_to_sale_ratio": 0.83,
            "price_fair": 22,
            "eps_avg_yearly": 0.63,
            "eps_latest_yearly": 1,
            "eps_growth_yearly": 292.97
        },
        "20174": {
            "year_quarter": 20174,
            "year": 2017,
            "quarter": 4,
            "eps": 0.14,
            "eps_growth_year": 20.93,
            "eps_4q": 0.6,
            "eps_4q_growth_year": 28.93,
            "roe": 0.81,
            "roe_4q": 3.28,
            "gross_profit": null,
            "gross_margin": null,
            "gross_margin_4q_avg": 0,
            "net_income": 284362,
            "net_income_4q": null,
            "revenue": 9505192,
            "revenue_4q": null,
            "common_shares": 16184093,
            "book_valuer_per_share": 16.97,
            "book_valuer_per_share_4q_avg": 16.43,
            "equity": 35368505,
            "current_ratio": 89.25,
            "debt_ratio": 75.52,
            "inventory_turnover_ratio": null,
            "account_receivable_turnover_ratio": 1.24,
            "reinvestment_rate": 34.41,
            "research_to_sale_ratio": 1.08,
            "price_fair": 22.5,
            "eps_avg_yearly": 0.64,
            "eps_latest_yearly": 0.56,
            "eps_growth_yearly": 297.28
        },
        "20181": {
            "year_quarter": 20181,
            "year": 2018,
            "quarter": 1,
            "eps": 0.13,
            "eps_growth_year": 333.33,
            "eps_4q": 0.69,
            "eps_4q_growth_year": 69.82,
            "roe": 0.7,
            "roe_4q": 3.81,
            "gross_profit": null,
            "gross_margin": null,
            "gross_margin_4q_avg": 0,
            "net_income": 252450,
            "net_income_4q": null,
            "revenue": 9282913,
            "revenue_4q": null,
            "common_shares": 16184093,
            "book_valuer_per_share": 17.42,
            "book_valuer_per_share_4q_avg": 16.76,
            "equity": 36283315,
            "current_ratio": 88.66,
            "debt_ratio": 75.29,
            "inventory_turnover_ratio": null,
            "account_receivable_turnover_ratio": 1.21,
            "reinvestment_rate": 34.09,
            "research_to_sale_ratio": 0.68,
            "price_fair": 20.3,
            "eps_avg_yearly": 0.58,
            "eps_latest_yearly": 0.52,
            "eps_growth_yearly": 212.7
        },
        "20182": {
            "year_quarter": 20182,
            "year": 2018,
            "quarter": 2,
            "eps": 0.56,
            "eps_growth_year": 229.41,
            "eps_4q": 1.08,
            "eps_4q_growth_year": 141.11,
            "roe": 2.89,
            "roe_4q": 5.800000000000001,
            "gross_profit": null,
            "gross_margin": null,
            "gross_margin_4q_avg": 0,
            "net_income": 1048826,
            "net_income_4q": null,
            "revenue": 11389247,
            "revenue_4q": null,
            "common_shares": 16184093,
            "book_valuer_per_share": 17.53,
            "book_valuer_per_share_4q_avg": 17.1,
            "equity": 36297007,
            "current_ratio": 87.64,
            "debt_ratio": 75.34,
            "inventory_turnover_ratio": null,
            "account_receivable_turnover_ratio": 1.42,
            "reinvestment_rate": 25.51,
            "research_to_sale_ratio": 0.59,
            "price_fair": 24,
            "eps_avg_yearly": 0.69,
            "eps_latest_yearly": 2.24,
            "eps_growth_yearly": 320.27
        },
        "20183": {
            "year_quarter": 20183,
            "year": 2018,
            "quarter": 3,
            "eps": 0.57,
            "eps_growth_year": 128,
            "eps_4q": 1.4,
            "eps_4q_growth_year": 144,
            "roe": 2.77,
            "roe_4q": 7.17,
            "gross_profit": null,
            "gross_margin": null,
            "gross_margin_4q_avg": 0,
            "net_income": 1020757,
            "net_income_4q": null,
            "revenue": 11682070,
            "revenue_4q": null,
            "common_shares": 16184093,
            "book_valuer_per_share": 18.22,
            "book_valuer_per_share_4q_avg": 17.54,
            "equity": 37526863,
            "current_ratio": 88.61,
            "debt_ratio": 74.71,
            "inventory_turnover_ratio": null,
            "account_receivable_turnover_ratio": 1.38,
            "reinvestment_rate": 24.59,
            "research_to_sale_ratio": 1.1,
            "price_fair": 27.7,
            "eps_avg_yearly": 0.79,
            "eps_latest_yearly": 2.28,
            "eps_growth_yearly": 319.28
        },
        "20184": {
            "year_quarter": 20184,
            "year": 2018,
            "quarter": 4,
            "eps": 0.27,
            "eps_growth_year": 87.36,
            "eps_4q": 1.52,
            "eps_4q_growth_year": 154.78,
            "roe": 1.45,
            "roe_4q": 7.81,
            "gross_profit": null,
            "gross_margin": null,
            "gross_margin_4q_avg": 0,
            "net_income": 540060,
            "net_income_4q": null,
            "revenue": 10293153,
            "revenue_4q": null,
            "common_shares": 16184093,
            "book_valuer_per_share": 17.82,
            "book_valuer_per_share_4q_avg": 17.75,
            "equity": 36965182,
            "current_ratio": 89.98,
            "debt_ratio": 74.31,
            "inventory_turnover_ratio": null,
            "account_receivable_turnover_ratio": 1.33,
            "reinvestment_rate": 18.81,
            "research_to_sale_ratio": 0.95,
            "price_fair": 29.7,
            "eps_avg_yearly": 0.85,
            "eps_latest_yearly": 1.08,
            "eps_growth_yearly": 322.81
        },
        "20191": {
            "year_quarter": 20191,
            "year": 2019,
            "quarter": 1,
            "eps": 0.2,
            "eps_growth_year": 53.85,
            "eps_4q": 1.59,
            "eps_4q_growth_year": 130.41,
            "roe": 1.07,
            "roe_4q": 8.18,
            "gross_profit": null,
            "gross_margin": null,
            "gross_margin_4q_avg": 0,
            "net_income": 399790,
            "net_income_4q": null,
            "revenue": 9871285,
            "revenue_4q": null,
            "common_shares": 16184093,
            "book_valuer_per_share": 18.23,
            "book_valuer_per_share_4q_avg": 17.95,
            "equity": 37737482,
            "current_ratio": 91.03,
            "debt_ratio": 74.72,
            "inventory_turnover_ratio": null,
            "account_receivable_turnover_ratio": 1.26,
            "reinvestment_rate": 11.63,
            "research_to_sale_ratio": 0.8,
            "price_fair": 30.6,
            "eps_avg_yearly": 0.87,
            "eps_latest_yearly": 0.8,
            "eps_growth_yearly": 299.08
        },
        "20192": {
            "year_quarter": 20192,
            "year": 2019,
            "quarter": 2,
            "eps": 0.33,
            "eps_growth_year": -41.07,
            "eps_4q": 1.36,
            "eps_4q_growth_year": 25.54,
            "roe": 1.76,
            "roe_4q": 7.050000000000001,
            "gross_profit": null,
            "gross_margin": null,
            "gross_margin_4q_avg": 0,
            "net_income": 656398,
            "net_income_4q": null,
            "revenue": 10287285,
            "revenue_4q": null,
            "common_shares": 16184093,
            "book_valuer_per_share": 17.87,
            "book_valuer_per_share_4q_avg": 18.04,
            "equity": 36973896,
            "current_ratio": 89.73,
            "debt_ratio": 75.05,
            "inventory_turnover_ratio": null,
            "account_receivable_turnover_ratio": 1.26,
            "reinvestment_rate": 2.39,
            "research_to_sale_ratio": 0.79,
            "price_fair": 33.3,
            "eps_avg_yearly": 0.95,
            "eps_latest_yearly": 1.32,
            "eps_growth_yearly": 330.63
        },
        "20193": {
            "year_quarter": 20193,
            "year": 2019,
            "quarter": 3,
            "eps": 0.46,
            "eps_growth_year": -19.3,
            "eps_4q": 1.25,
            "eps_4q_growth_year": -10.75,
            "roe": 2.38,
            "roe_4q": 6.66,
            "gross_profit": null,
            "gross_margin": null,
            "gross_margin_4q_avg": 0,
            "net_income": 887104,
            "net_income_4q": null,
            "revenue": 9743570,
            "revenue_4q": null,
            "common_shares": 16184093,
            "book_valuer_per_share": 18.2,
            "book_valuer_per_share_4q_avg": 18.03,
            "equity": 37671932,
            "current_ratio": 91.86,
            "debt_ratio": 75.64,
            "inventory_turnover_ratio": null,
            "account_receivable_turnover_ratio": 1.21,
            "reinvestment_rate": -1.73,
            "research_to_sale_ratio": 0.88,
            "price_fair": 34.8,
            "eps_avg_yearly": 0.99,
            "eps_latest_yearly": 1.84,
            "eps_growth_yearly": 222.84
        },
        "20194": {
            "year_quarter": 20194,
            "year": 2019,
            "quarter": 4,
            "eps": 0.13,
            "eps_growth_year": -51.27,
            "eps_4q": 1.11,
            "eps_4q_growth_year": -27.07,
            "roe": 0.81,
            "roe_4q": 6.0200000000000005,
            "gross_profit": null,
            "gross_margin": null,
            "gross_margin_4q_avg": 0,
            "net_income": 308101,
            "net_income_4q": null,
            "revenue": 8101314,
            "revenue_4q": null,
            "common_shares": 16184093,
            "book_valuer_per_share": 18.48,
            "book_valuer_per_share_4q_avg": 18.2,
            "equity": 38176939,
            "current_ratio": 92.9,
            "debt_ratio": 75.71,
            "inventory_turnover_ratio": null,
            "account_receivable_turnover_ratio": 1.02,
            "reinvestment_rate": -22.9,
            "research_to_sale_ratio": 0.84,
            "price_fair": 33.69,
            "eps_avg_yearly": 0.96,
            "eps_latest_yearly": 0.52,
            "eps_growth_yearly": 188.86
        },
        "20201": {
            "year_quarter": 20201,
            "year": 2020,
            "quarter": 1,
            "eps": 0.05,
            "eps_growth_year": -75,
            "eps_4q": 0.97,
            "eps_4q_growth_year": -39.39,
            "roe": 0.45,
            "roe_4q": 5.3999999999999995,
            "gross_profit": null,
            "gross_margin": null,
            "gross_margin_4q_avg": 0,
            "net_income": 168100,
            "net_income_4q": null,
            "revenue": 7744967,
            "revenue_4q": null,
            "common_shares": 16184093,
            "book_valuer_per_share": 17.2,
            "book_valuer_per_share_4q_avg": 17.94,
            "equity": 37323095,
            "current_ratio": 93.68,
            "debt_ratio": 76.07,
            "inventory_turnover_ratio": null,
            "account_receivable_turnover_ratio": 1.04,
            "reinvestment_rate": -46.24,
            "research_to_sale_ratio": 0.96,
            "price_fair": 32.03,
            "eps_avg_yearly": 0.92,
            "eps_latest_yearly": 0.2,
            "eps_growth_yearly": 161.67
        },
        "20202": {
            "year_quarter": 20202,
            "year": 2020,
            "quarter": 2,
            "eps": 0.87,
            "eps_growth_year": 163.64,
            "eps_4q": 1.51,
            "eps_4q_growth_year": 11.07,
            "roe": 4.42,
            "roe_4q": 8.059999999999999,
            "gross_profit": null,
            "gross_margin": null,
            "gross_margin_4q_avg": 0,
            "net_income": 1699033,
            "net_income_4q": null,
            "revenue": 7167996,
            "revenue_4q": null,
            "common_shares": 16184093,
            "book_valuer_per_share": 18.61,
            "book_valuer_per_share_4q_avg": 18.12,
            "equity": 39612688,
            "current_ratio": 94.87,
            "debt_ratio": 75.39,
            "inventory_turnover_ratio": null,
            "account_receivable_turnover_ratio": 0.8,
            "reinvestment_rate": -47.71,
            "research_to_sale_ratio": 1.06,
            "price_fair": 38.59,
            "eps_avg_yearly": 1.1,
            "eps_latest_yearly": 3.48,
            "eps_growth_yearly": 563.33
        },
        "20203": {
            "year_quarter": 20203,
            "year": 2020,
            "quarter": 3,
            "eps": 0.46,
            "eps_growth_year": 0,
            "eps_4q": 1.51,
            "eps_4q_growth_year": 20.7,
            "roe": 2.23,
            "roe_4q": 7.91,
            "gross_profit": null,
            "gross_margin": null,
            "gross_margin_4q_avg": 0,
            "net_income": 894438,
            "net_income_4q": null,
            "revenue": 7984486,
            "revenue_4q": null,
            "common_shares": 16184093,
            "book_valuer_per_share": 18.86,
            "book_valuer_per_share_4q_avg": 18.29,
            "equity": 40696161,
            "current_ratio": 98.18,
            "debt_ratio": 76.81,
            "inventory_turnover_ratio": null,
            "account_receivable_turnover_ratio": 0.72,
            "reinvestment_rate": -48.36,
            "research_to_sale_ratio": 0.99,
            "price_fair": 41.48,
            "eps_avg_yearly": 1.19,
            "eps_latest_yearly": 1.84,
            "eps_growth_yearly": 549.47
        },
        "20204": {
            "year_quarter": 20204,
            "year": 2020,
            "quarter": 4,
            "eps": 0.41,
            "eps_growth_year": 215.4,
            "eps_4q": 1.79,
            "eps_4q_growth_year": 60.9,
            "roe": 2.12,
            "roe_4q": 9.219999999999999,
            "gross_profit": null,
            "gross_margin": null,
            "gross_margin_4q_avg": 0,
            "net_income": 878313,
            "net_income_4q": null,
            "revenue": 9478316,
            "revenue_4q": null,
            "common_shares": 16184093,
            "book_valuer_per_share": 19.62,
            "book_valuer_per_share_4q_avg": 18.57,
            "equity": 42165245,
            "current_ratio": 101.72,
            "debt_ratio": 75.76,
            "inventory_turnover_ratio": null,
            "account_receivable_turnover_ratio": 0.66,
            "reinvestment_rate": -47.63,
            "research_to_sale_ratio": 0.85,
            "price_fair": 44.01,
            "eps_avg_yearly": 1.26,
            "eps_latest_yearly": 1.64,
            "eps_growth_yearly": 548.68
        },
        "20211": {
            "year_quarter": 20211,
            "year": 2021,
            "quarter": 1,
            "eps": 0.44,
            "eps_growth_year": 780,
            "eps_4q": 2.18,
            "eps_4q_growth_year": 125.14,
            "roe": 2.17,
            "roe_4q": 10.94,
            "gross_profit": null,
            "gross_margin": null,
            "gross_margin_4q_avg": 0,
            "net_income": 906475,
            "net_income_4q": null,
            "revenue": 10018001,
            "revenue_4q": null,
            "common_shares": 16184093,
            "book_valuer_per_share": 19.01,
            "book_valuer_per_share_4q_avg": 19.03,
            "equity": 41191372,
            "current_ratio": 99.89,
            "debt_ratio": 76.93,
            "inventory_turnover_ratio": null,
            "account_receivable_turnover_ratio": 0.54,
            "reinvestment_rate": -29.18,
            "research_to_sale_ratio": 0.84,
            "price_fair": 47.6,
            "eps_avg_yearly": 1.36,
            "eps_latest_yearly": 1.76,
            "eps_growth_yearly": 569.25
        },
        "20212": {
            "year_quarter": 20212,
            "year": 2021,
            "quarter": 2,
            "eps": 0.67,
            "eps_growth_year": -22.99,
            "eps_4q": 1.98,
            "eps_4q_growth_year": 30.78,
            "roe": 3.12,
            "roe_4q": 9.64,
            "gross_profit": null,
            "gross_margin": null,
            "gross_margin_4q_avg": 0,
            "net_income": 1311195,
            "net_income_4q": null,
            "revenue": 11018730,
            "revenue_4q": null,
            "common_shares": 16184093,
            "book_valuer_per_share": 19.97,
            "book_valuer_per_share_4q_avg": 19.37,
            "equity": 42822142,
            "current_ratio": 101.11,
            "debt_ratio": 77.06,
            "inventory_turnover_ratio": null,
            "account_receivable_turnover_ratio": 0.49,
            "reinvestment_rate": -26.5,
            "research_to_sale_ratio": 0.75,
            "price_fair": 51.98,
            "eps_avg_yearly": 1.49,
            "eps_latest_yearly": 2.68,
            "eps_growth_yearly": 465.66
        },
        "20213": {
            "year_quarter": 20213,
            "year": 2021,
            "quarter": 3,
            "eps": 0.75,
            "eps_growth_year": 63.04,
            "eps_4q": 2.27,
            "eps_4q_growth_year": 50.98,
            "roe": 3.31,
            "roe_4q": 10.719999999999999,
            "gross_profit": null,
            "gross_margin": null,
            "gross_margin_4q_avg": 0,
            "net_income": 1443824,
            "net_income_4q": null,
            "revenue": 11501211,
            "revenue_4q": null,
            "common_shares": 16184093,
            "book_valuer_per_share": 21.19,
            "book_valuer_per_share_4q_avg": 19.95,
            "equity": 44413050,
            "current_ratio": 101.75,
            "debt_ratio": 75.72,
            "inventory_turnover_ratio": null,
            "account_receivable_turnover_ratio": 0.53,
            "reinvestment_rate": -19,
            "research_to_sale_ratio": 0.84,
            "price_fair": 56.35,
            "eps_avg_yearly": 1.61,
            "eps_latest_yearly": 3,
            "eps_growth_yearly": 456.88
        },
        "20214": {
            "year_quarter": 20214,
            "year": 2021,
            "quarter": 4,
            "eps": 0.55,
            "eps_growth_year": 32.86,
            "eps_4q": 2.41,
            "eps_4q_growth_year": 34.81,
            "roe": 2.52,
            "roe_4q": 11.12,
            "gross_profit": null,
            "gross_margin": null,
            "gross_margin_4q_avg": 0,
            "net_income": 1143094,
            "net_income_4q": null,
            "revenue": 11647011,
            "revenue_4q": null,
            "common_shares": 16184093,
            "book_valuer_per_share": 22.36,
            "book_valuer_per_share_4q_avg": 20.63,
            "equity": 46317888,
            "current_ratio": 101.39,
            "debt_ratio": 76.37,
            "inventory_turnover_ratio": null,
            "account_receivable_turnover_ratio": 0.62,
            "reinvestment_rate": -14.54,
            "research_to_sale_ratio": 1.01,
            "price_fair": 59.94,
            "eps_avg_yearly": 1.71,
            "eps_latest_yearly": 2.2,
            "eps_growth_yearly": 461.21
        },
        "20221": {
            "year_quarter": 20221,
            "year": 2022,
            "quarter": 1,
            "eps": 0.54,
            "eps_growth_year": 22.73,
            "eps_4q": 2.51,
            "eps_4q_growth_year": 15.44,
            "roe": 2.44,
            "roe_4q": 11.39,
            "gross_profit": null,
            "gross_margin": null,
            "gross_margin_4q_avg": 0,
            "net_income": 1125587,
            "net_income_4q": null,
            "revenue": 12456994,
            "revenue_4q": null,
            "common_shares": 16184093,
            "book_valuer_per_share": 21.91,
            "book_valuer_per_share_4q_avg": 21.36,
            "equity": 45807597,
            "current_ratio": 99.04,
            "debt_ratio": 75.92,
            "inventory_turnover_ratio": null,
            "account_receivable_turnover_ratio": 0.64,
            "reinvestment_rate": -3.92,
            "research_to_sale_ratio": 0.68,
            "price_fair": 63.53,
            "eps_avg_yearly": 1.82,
            "eps_latest_yearly": 2.16,
            "eps_growth_yearly": 462.54
        },
        "20222": {
            "year_quarter": 20222,
            "year": 2022,
            "quarter": 2,
            "eps": 0.51,
            "eps_growth_year": -23.88,
            "eps_4q": 2.35,
            "eps_4q_growth_year": 18.63,
            "roe": 2.35,
            "roe_4q": 10.620000000000001,
            "gross_profit": null,
            "gross_margin": null,
            "gross_margin_4q_avg": 0,
            "net_income": 1061394,
            "net_income_4q": null,
            "revenue": 12206637,
            "revenue_4q": null,
            "common_shares": 16184093,
            "book_valuer_per_share": 21.33,
            "book_valuer_per_share_4q_avg": 21.7,
            "equity": 44602589,
            "current_ratio": 97.34,
            "debt_ratio": 76.18,
            "inventory_turnover_ratio": null,
            "account_receivable_turnover_ratio": 0.64,
            "reinvestment_rate": 0.13,
            "research_to_sale_ratio": 0.74,
            "price_fair": 63.09,
            "eps_avg_yearly": 1.8,
            "eps_latest_yearly": 2.04,
            "eps_growth_yearly": 378.46
        },
        "20223": {
            "year_quarter": 20223,
            "year": 2022,
            "quarter": 3,
            "eps": 0.69,
            "eps_growth_year": -8,
            "eps_4q": 2.28,
            "eps_4q_growth_year": 0.38,
            "roe": 2.98,
            "roe_4q": 10.29,
            "gross_profit": null,
            "gross_margin": null,
            "gross_margin_4q_avg": 0,
            "net_income": 1335495,
            "net_income_4q": null,
            "revenue": 12143467,
            "revenue_4q": null,
            "common_shares": 16184093,
            "book_valuer_per_share": 21.54,
            "book_valuer_per_share_4q_avg": 21.79,
            "equity": 45128871,
            "current_ratio": 99.62,
            "debt_ratio": 75.61,
            "inventory_turnover_ratio": null,
            "account_receivable_turnover_ratio": 0.68,
            "reinvestment_rate": -1.04,
            "research_to_sale_ratio": 1.01,
            "price_fair": 64.14,
            "eps_avg_yearly": 1.83,
            "eps_latest_yearly": 2.76,
            "eps_growth_yearly": 386.84
        },
        "20224": {
            "year_quarter": 20224,
            "year": 2022,
            "quarter": 4,
            "eps": 0.01,
            "eps_growth_year": -97.55,
            "eps_4q": 1.75,
            "eps_4q_growth_year": -27.38,
            "roe": 0.21,
            "roe_4q": 7.98,
            "gross_profit": null,
            "gross_margin": null,
            "gross_margin_4q_avg": 0,
            "net_income": 98012,
            "net_income_4q": null,
            "revenue": 9199162,
            "revenue_4q": null,
            "common_shares": 16184093,
            "book_valuer_per_share": 21.99,
            "book_valuer_per_share_4q_avg": 21.69,
            "equity": 46077875,
            "current_ratio": 102.04,
            "debt_ratio": 74.64,
            "inventory_turnover_ratio": null,
            "account_receivable_turnover_ratio": 0.56,
            "reinvestment_rate": 6.56,
            "research_to_sale_ratio": 1.07,
            "price_fair": 61.86,
            "eps_avg_yearly": 1.77,
            "eps_latest_yearly": 0.04,
            "eps_growth_yearly": 375.36
        },
        "20231": {
            "year_quarter": 20231,
            "year": 2023,
            "quarter": 1,
            "eps": 0.02,
            "eps_growth_year": -96.3,
            "eps_4q": 1.22,
            "eps_4q_growth_year": -51.38,
            "roe": 0.28,
            "roe_4q": 5.82,
            "gross_profit": null,
            "gross_margin": null,
            "gross_margin_4q_avg": 0,
            "net_income": 129739,
            "net_income_4q": null,
            "revenue": 9145368,
            "revenue_4q": null,
            "common_shares": 16184093,
            "book_valuer_per_share": 21.29,
            "book_valuer_per_share_4q_avg": 21.54,
            "equity": 44983882,
            "current_ratio": 100.96,
            "debt_ratio": 75.44,
            "inventory_turnover_ratio": null,
            "account_receivable_turnover_ratio": 0.54,
            "reinvestment_rate": 11.54,
            "research_to_sale_ratio": 1.23,
            "price_fair": 60.29,
            "eps_avg_yearly": 1.72,
            "eps_latest_yearly": 0.08,
            "eps_growth_yearly": 406.84
        },
        "20232": {
            "year_quarter": 20232,
            "year": 2023,
            "quarter": 2,
            "eps": 0.13,
            "eps_growth_year": -74.51,
            "eps_4q": 0.85,
            "eps_4q_growth_year": -63.8,
            "roe": 0.79,
            "roe_4q": 4.26,
            "gross_profit": null,
            "gross_margin": null,
            "gross_margin_4q_avg": 0,
            "net_income": 357458,
            "net_income_4q": null,
            "revenue": 9697717,
            "revenue_4q": null,
            "common_shares": 16184093,
            "book_valuer_per_share": 21.9,
            "book_valuer_per_share_4q_avg": 21.68,
            "equity": 45610977,
            "current_ratio": 102.11,
            "debt_ratio": 75.92,
            "inventory_turnover_ratio": null,
            "account_receivable_turnover_ratio": 0.52,
            "reinvestment_rate": 19.14,
            "research_to_sale_ratio": 1.24,
            "price_fair": 58.54,
            "eps_avg_yearly": 1.67,
            "eps_latest_yearly": 0.52,
            "eps_growth_yearly": 528.09
        },
        "20233": {
            "year_quarter": 20233,
            "year": 2023,
            "quarter": 3,
            "eps": 0.26,
            "eps_growth_year": -62.32,
            "eps_4q": 0.43,
            "eps_4q_growth_year": -81.3,
            "roe": 1.23,
            "roe_4q": 2.51,
            "gross_profit": null,
            "gross_margin": null,
            "gross_margin_4q_avg": 0,
            "net_income": 563647,
            "net_income_4q": null,
            "revenue": 10976567,
            "revenue_4q": null,
            "common_shares": 16184093,
            "book_valuer_per_share": 22.21,
            "book_valuer_per_share_4q_avg": 21.85,
            "equity": 46234925,
            "current_ratio": 101.82,
            "debt_ratio": 75.41,
            "inventory_turnover_ratio": null,
            "account_receivable_turnover_ratio": 0.59,
            "reinvestment_rate": 34.16,
            "research_to_sale_ratio": 1.09,
            "price_fair": 56.79,
            "eps_avg_yearly": 1.62,
            "eps_latest_yearly": 1.04,
            "eps_growth_yearly": 543.24
        }
    },
    "months": {
        "2001-06": {
            "month": "2001-06",
            "price": "2.64",
            "revenue": 1068577
        },
        "2001-07": {
            "month": "2001-07",
            "price": "2.23",
            "revenue": 1041283
        },
        "2001-08": {
            "month": "2001-08",
            "price": "2.41",
            "revenue": 1116925
        },
        "2001-09": {
            "month": "2001-09",
            "price": "2.39",
            "revenue": 1012865
        },
        "2001-10": {
            "month": "2001-10",
            "price": "2.10",
            "revenue": 1020245
        },
        "2001-11": {
            "month": "2001-11",
            "price": "2.26",
            "revenue": 1084107
        },
        "2001-12": {
            "month": "2001-12",
            "price": "2.45",
            "revenue": 1139559
        },
        "2002-01": {
            "month": "2002-01",
            "price": "2.97",
            "revenue": 1248110
        },
        "2002-02": {
            "month": "2002-02",
            "price": "3.23",
            "revenue": 945843
        },
        "2002-03": {
            "month": "2002-03",
            "price": "5.58",
            "revenue": 1539628
        },
        "2002-04": {
            "month": "2002-04",
            "price": "6.78",
            "revenue": 1361239
        },
        "2002-05": {
            "month": "2002-05",
            "price": "6.08",
            "revenue": 1311735
        },
        "2002-06": {
            "month": "2002-06",
            "price": "6.06",
            "revenue": 1144932
        },
        "2002-07": {
            "month": "2002-07",
            "price": "5.40",
            "revenue": 1065616
        },
        "2002-08": {
            "month": "2002-08",
            "price": "4.93",
            "revenue": 1388411
        },
        "2002-09": {
            "month": "2002-09",
            "price": "4.85",
            "revenue": 1236865
        },
        "2002-10": {
            "month": "2002-10",
            "price": "4.15",
            "revenue": 1193203
        },
        "2002-11": {
            "month": "2002-11",
            "price": "5.24",
            "revenue": 1222004
        },
        "2002-12": {
            "month": "2002-12",
            "price": "5.69",
            "revenue": 1386510
        },
        "2003-01": {
            "month": "2003-01",
            "price": "7.50",
            "revenue": 1623456
        },
        "2003-02": {
            "month": "2003-02",
            "price": "8.06",
            "revenue": 1446810
        },
        "2003-03": {
            "month": "2003-03",
            "price": "6.41",
            "revenue": 1299235
        },
        "2003-04": {
            "month": "2003-04",
            "price": "5.86",
            "revenue": 1377380
        },
        "2003-05": {
            "month": "2003-05",
            "price": "4.77",
            "revenue": 1471837
        },
        "2003-06": {
            "month": "2003-06",
            "price": "5.76",
            "revenue": 1553629
        },
        "2003-07": {
            "month": "2003-07",
            "price": "6.59",
            "revenue": 1475723
        },
        "2003-08": {
            "month": "2003-08",
            "price": "6.65",
            "revenue": 1480009
        },
        "2003-09": {
            "month": "2003-09",
            "price": "6.05",
            "revenue": 1475702
        },
        "2003-10": {
            "month": "2003-10",
            "price": "6.77",
            "revenue": 1551499
        },
        "2003-11": {
            "month": "2003-11",
            "price": "7.40",
            "revenue": 1654006
        },
        "2003-12": {
            "month": "2003-12",
            "price": "7.58",
            "revenue": 1665900
        },
        "2004-01": {
            "month": "2004-01",
            "price": "8.86",
            "revenue": 1609448
        },
        "2004-02": {
            "month": "2004-02",
            "price": "8.94",
            "revenue": 1523298
        },
        "2004-03": {
            "month": "2004-03",
            "price": "9.65",
            "revenue": 1550340
        },
        "2004-04": {
            "month": "2004-04",
            "price": "8.94",
            "revenue": 1767383
        },
        "2004-05": {
            "month": "2004-05",
            "price": "6.62",
            "revenue": 1902331
        },
        "2004-06": {
            "month": "2004-06",
            "price": "6.87",
            "revenue": 1470507
        },
        "2004-07": {
            "month": "2004-07",
            "price": "6.64",
            "revenue": 1706910
        },
        "2004-08": {
            "month": "2004-08",
            "price": "6.94",
            "revenue": 1952914
        },
        "2004-09": {
            "month": "2004-09",
            "price": "8.54",
            "revenue": 1849938
        },
        "2004-10": {
            "month": "2004-10",
            "price": "8.86",
            "revenue": 1583374
        },
        "2004-11": {
            "month": "2004-11",
            "price": "9.93",
            "revenue": 1572835
        },
        "2004-12": {
            "month": "2004-12",
            "price": "8.65",
            "revenue": 1461976
        },
        "2005-01": {
            "month": "2005-01",
            "price": "9.25",
            "revenue": 1802111
        },
        "2005-02": {
            "month": "2005-02",
            "price": "8.98",
            "revenue": 1323190
        },
        "2005-03": {
            "month": "2005-03",
            "price": "8.90",
            "revenue": 1861927
        },
        "2005-04": {
            "month": "2005-04",
            "price": "7.41",
            "revenue": 1611056
        },
        "2005-05": {
            "month": "2005-05",
            "price": "6.81",
            "revenue": 1790721
        },
        "2005-06": {
            "month": "2005-06",
            "price": "7.41",
            "revenue": 1786019
        },
        "2005-07": {
            "month": "2005-07",
            "price": "7.22",
            "revenue": 1770668
        },
        "2005-08": {
            "month": "2005-08",
            "price": "6.84",
            "revenue": 1777839
        },
        "2005-09": {
            "month": "2005-09",
            "price": "6.23",
            "revenue": 1882104
        },
        "2005-10": {
            "month": "2005-10",
            "price": "5.79",
            "revenue": 1774041
        },
        "2005-11": {
            "month": "2005-11",
            "price": "5.78",
            "revenue": 1762975
        },
        "2005-12": {
            "month": "2005-12",
            "price": "6.23",
            "revenue": 2106340
        },
        "2006-01": {
            "month": "2006-01",
            "price": "6.23",
            "revenue": 1935978
        },
        "2006-02": {
            "month": "2006-02",
            "price": "6.00",
            "revenue": 1622613
        },
        "2006-03": {
            "month": "2006-03",
            "price": "5.38",
            "revenue": 1813850
        },
        "2006-04": {
            "month": "2006-04",
            "price": "5.98",
            "revenue": 2193969
        },
        "2006-05": {
            "month": "2006-05",
            "price": "6.82",
            "revenue": 2033130
        },
        "2006-06": {
            "month": "2006-06",
            "price": "6.46",
            "revenue": 2181837
        },
        "2006-07": {
            "month": "2006-07",
            "price": "6.73",
            "revenue": 2024588
        },
        "2006-08": {
            "month": "2006-08",
            "price": "6.40",
            "revenue": 2402518
        },
        "2006-09": {
            "month": "2006-09",
            "price": "6.27",
            "revenue": 1806614
        },
        "2006-10": {
            "month": "2006-10",
            "price": "6.98",
            "revenue": 1682301
        },
        "2006-11": {
            "month": "2006-11",
            "price": "7.72",
            "revenue": 2150646
        },
        "2006-12": {
            "month": "2006-12",
            "price": "8.80",
            "revenue": 1980382
        },
        "2007-01": {
            "month": "2007-01",
            "price": "7.93",
            "revenue": 1948524
        },
        "2007-02": {
            "month": "2007-02",
            "price": "8.18",
            "revenue": 1663997
        },
        "2007-03": {
            "month": "2007-03",
            "price": "8.20",
            "revenue": 2377486
        },
        "2007-04": {
            "month": "2007-04",
            "price": "11.27",
            "revenue": 2191932
        },
        "2007-05": {
            "month": "2007-05",
            "price": "11.17",
            "revenue": 2141443
        },
        "2007-06": {
            "month": "2007-06",
            "price": "11.63",
            "revenue": 2050695
        },
        "2007-07": {
            "month": "2007-07",
            "price": "14.83",
            "revenue": 1983242
        },
        "2007-08": {
            "month": "2007-08",
            "price": "12.57",
            "revenue": 2210629
        },
        "2007-09": {
            "month": "2007-09",
            "price": "12.52",
            "revenue": 1976859
        },
        "2007-10": {
            "month": "2007-10",
            "price": "12.30",
            "revenue": 2132715
        },
        "2007-11": {
            "month": "2007-11",
            "price": "10.75",
            "revenue": 2245832
        },
        "2007-12": {
            "month": "2007-12",
            "price": "10.09",
            "revenue": 2495385
        },
        "2008-01": {
            "month": "2008-01",
            "price": "10.47",
            "revenue": 2001904
        },
        "2008-02": {
            "month": "2008-02",
            "price": "10.93",
            "revenue": 1974031
        },
        "2008-03": {
            "month": "2008-03",
            "price": "11.76",
            "revenue": 2516398
        },
        "2008-04": {
            "month": "2008-04",
            "price": "12.22",
            "revenue": 1879497
        },
        "2008-05": {
            "month": "2008-05",
            "price": "11.66",
            "revenue": 1983972
        },
        "2008-06": {
            "month": "2008-06",
            "price": "9.64",
            "revenue": 2328682
        },
        "2008-07": {
            "month": "2008-07",
            "price": "7.39",
            "revenue": 2126385
        },
        "2008-08": {
            "month": "2008-08",
            "price": "7.57",
            "revenue": 2031193
        },
        "2008-09": {
            "month": "2008-09",
            "price": "6.55",
            "revenue": 1975710
        },
        "2008-10": {
            "month": "2008-10",
            "price": "4.55",
            "revenue": 1631565
        },
        "2008-11": {
            "month": "2008-11",
            "price": "4.06",
            "revenue": 1212858
        },
        "2008-12": {
            "month": "2008-12",
            "price": "4.16",
            "revenue": 1403486
        },
        "2009-01": {
            "month": "2009-01",
            "price": "4.19",
            "revenue": 1089055
        },
        "2009-02": {
            "month": "2009-02",
            "price": "4.03",
            "revenue": 1689300
        },
        "2009-03": {
            "month": "2009-03",
            "price": "4.60",
            "revenue": 1626322
        },
        "2009-04": {
            "month": "2009-04",
            "price": "6.17",
            "revenue": 1677333
        },
        "2009-05": {
            "month": "2009-05",
            "price": "8.09",
            "revenue": 1664662
        },
        "2009-06": {
            "month": "2009-06",
            "price": "8.63",
            "revenue": 1644302
        },
        "2009-07": {
            "month": "2009-07",
            "price": "8.80",
            "revenue": 1850079
        },
        "2009-08": {
            "month": "2009-08",
            "price": "8.24",
            "revenue": 1749346
        },
        "2009-09": {
            "month": "2009-09",
            "price": "8.39",
            "revenue": 1634261
        },
        "2009-10": {
            "month": "2009-10",
            "price": "8.66",
            "revenue": 1558341
        },
        "2009-11": {
            "month": "2009-11",
            "price": "8.76",
            "revenue": 1670013
        },
        "2009-12": {
            "month": "2009-12",
            "price": "9.64",
            "revenue": 1815669
        },
        "2010-01": {
            "month": "2010-01",
            "price": "11.40",
            "revenue": 1929589
        },
        "2010-02": {
            "month": "2010-02",
            "price": "10.20",
            "revenue": 1830197
        },
        "2010-03": {
            "month": "2010-03",
            "price": "11.57",
            "revenue": 2264545
        },
        "2010-04": {
            "month": "2010-04",
            "price": "12.68",
            "revenue": 2172907
        },
        "2010-05": {
            "month": "2010-05",
            "price": "11.43",
            "revenue": 2263786
        },
        "2010-06": {
            "month": "2010-06",
            "price": "10.63",
            "revenue": 2311892
        },
        "2010-07": {
            "month": "2010-07",
            "price": "11.11",
            "revenue": 2150982
        },
        "2010-08": {
            "month": "2010-08",
            "price": "12.42",
            "revenue": 2101988
        },
        "2010-09": {
            "month": "2010-09",
            "price": "12.83",
            "revenue": 1970943
        },
        "2010-10": {
            "month": "2010-10",
            "price": "14.79",
            "revenue": 2059966
        },
        "2010-11": {
            "month": "2010-11",
            "price": "15.71",
            "revenue": 2181066
        },
        "2010-12": {
            "month": "2010-12",
            "price": "15.85",
            "revenue": 2079835
        },
        "2011-01": {
            "month": "2011-01",
            "price": "15.54",
            "revenue": 2284246
        },
        "2011-02": {
            "month": "2011-02",
            "price": "14.67",
            "revenue": 1998836
        },
        "2011-03": {
            "month": "2011-03",
            "price": "12.98",
            "revenue": 2733905
        },
        "2011-04": {
            "month": "2011-04",
            "price": "13.38",
            "revenue": 2481979
        },
        "2011-05": {
            "month": "2011-05",
            "price": "12.56",
            "revenue": 2136960
        },
        "2011-06": {
            "month": "2011-06",
            "price": "11.93",
            "revenue": 2469003
        },
        "2011-07": {
            "month": "2011-07",
            "price": "12.78",
            "revenue": 2201784
        },
        "2011-08": {
            "month": "2011-08",
            "price": "11.30",
            "revenue": 2184470
        },
        "2011-09": {
            "month": "2011-09",
            "price": "10.41",
            "revenue": 2005904
        },
        "2011-10": {
            "month": "2011-10",
            "price": "9.26",
            "revenue": 2090870
        },
        "2011-11": {
            "month": "2011-11",
            "price": "9.08",
            "revenue": 1847513
        },
        "2011-12": {
            "month": "2011-12",
            "price": "8.09",
            "revenue": 2309814
        },
        "2012-01": {
            "month": "2012-01",
            "price": "8.74",
            "revenue": 1775653
        },
        "2012-02": {
            "month": "2012-02",
            "price": "9.95",
            "revenue": 2619207
        },
        "2012-03": {
            "month": "2012-03",
            "price": "10.58",
            "revenue": 2499816
        },
        "2012-04": {
            "month": "2012-04",
            "price": "9.17",
            "revenue": 2146588
        },
        "2012-05": {
            "month": "2012-05",
            "price": "8.91",
            "revenue": 2119873
        },
        "2012-06": {
            "month": "2012-06",
            "price": "8.62",
            "revenue": 2183928
        },
        "2012-07": {
            "month": "2012-07",
            "price": "8.89",
            "revenue": 2422814
        },
        "2012-08": {
            "month": "2012-08",
            "price": "9.13",
            "revenue": 2028249
        },
        "2012-09": {
            "month": "2012-09",
            "price": "10.07",
            "revenue": 2020016
        },
        "2012-10": {
            "month": "2012-10",
            "price": "9.73",
            "revenue": 1790266
        },
        "2012-11": {
            "month": "2012-11",
            "price": "9.05",
            "revenue": 1547452
        },
        "2012-12": {
            "month": "2012-12",
            "price": "9.62",
            "revenue": 1732899
        },
        "2013-01": {
            "month": "2013-01",
            "price": "9.71",
            "revenue": 3562137
        },
        "2013-02": {
            "month": "2013-02",
            "price": "9.58",
            "revenue": 2790883
        },
        "2013-03": {
            "month": "2013-03",
            "price": "9.50",
            "revenue": 3286527
        },
        "2013-04": {
            "month": "2013-04",
            "price": "9.14",
            "revenue": 3679000
        },
        "2013-05": {
            "month": "2013-05",
            "price": "9.51",
            "revenue": 4028017
        },
        "2013-06": {
            "month": "2013-06",
            "price": "9.52",
            "revenue": 3620644
        },
        "2013-07": {
            "month": "2013-07",
            "price": "9.68",
            "revenue": 4097563
        },
        "2013-08": {
            "month": "2013-08",
            "price": "9.81",
            "revenue": 3690476
        },
        "2013-09": {
            "month": "2013-09",
            "price": "9.93",
            "revenue": 3320453
        },
        "2013-10": {
            "month": "2013-10",
            "price": "10.25",
            "revenue": 3322194
        },
        "2013-11": {
            "month": "2013-11",
            "price": "10.05",
            "revenue": 3172696
        },
        "2013-12": {
            "month": "2013-12",
            "price": "10.27",
            "revenue": 3000621
        },
        "2014-01": {
            "month": "2014-01",
            "price": "10.25",
            "revenue": 3021693
        },
        "2014-02": {
            "month": "2014-02",
            "price": "10.00",
            "revenue": 4944295
        },
        "2014-03": {
            "month": "2014-03",
            "price": "10.07",
            "revenue": 3457980
        },
        "2014-04": {
            "month": "2014-04",
            "price": "10.01",
            "revenue": 3734650
        },
        "2014-05": {
            "month": "2014-05",
            "price": "9.88",
            "revenue": 3533741
        },
        "2014-06": {
            "month": "2014-06",
            "price": "10.36",
            "revenue": 3370210
        },
        "2014-07": {
            "month": "2014-07",
            "price": "10.85",
            "revenue": 3670574
        },
        "2014-08": {
            "month": "2014-08",
            "price": "11.18",
            "revenue": 3308705
        },
        "2014-09": {
            "month": "2014-09",
            "price": "10.88",
            "revenue": 3216898
        },
        "2014-10": {
            "month": "2014-10",
            "price": "10.95",
            "revenue": 3412522
        },
        "2014-11": {
            "month": "2014-11",
            "price": "10.74",
            "revenue": 3203026
        },
        "2014-12": {
            "month": "2014-12",
            "price": "10.78",
            "revenue": 5476026
        },
        "2015-01": {
            "month": "2015-01",
            "price": "11.00",
            "revenue": 3135778
        },
        "2015-02": {
            "month": "2015-02",
            "price": "11.03",
            "revenue": 2461401
        },
        "2015-03": {
            "month": "2015-03",
            "price": "10.89",
            "revenue": 3405447
        },
        "2015-04": {
            "month": "2015-04",
            "price": "10.81",
            "revenue": 3421964
        },
        "2015-05": {
            "month": "2015-05",
            "price": "10.70",
            "revenue": 3169205
        },
        "2015-06": {
            "month": "2015-06",
            "price": "10.34",
            "revenue": 2893400
        },
        "2015-07": {
            "month": "2015-07",
            "price": "10.02",
            "revenue": 3078493
        },
        "2015-08": {
            "month": "2015-08",
            "price": "8.65",
            "revenue": 3109654
        },
        "2015-09": {
            "month": "2015-09",
            "price": "8.45",
            "revenue": 2932187
        },
        "2015-10": {
            "month": "2015-10",
            "price": "9.00",
            "revenue": 3120400
        },
        "2015-11": {
            "month": "2015-11",
            "price": "8.94",
            "revenue": 3075271
        },
        "2015-12": {
            "month": "2015-12",
            "price": "8.68",
            "revenue": 3135558
        },
        "2016-01": {
            "month": "2016-01",
            "price": "8.62",
            "revenue": 3033362
        },
        "2016-02": {
            "month": "2016-02",
            "price": "9.04",
            "revenue": 2391132
        },
        "2016-03": {
            "month": "2016-03",
            "price": "9.33",
            "revenue": 2920498
        },
        "2016-04": {
            "month": "2016-04",
            "price": "8.82",
            "revenue": 2798766
        },
        "2016-05": {
            "month": "2016-05",
            "price": "8.36",
            "revenue": 2784383
        },
        "2016-06": {
            "month": "2016-06",
            "price": "8.37",
            "revenue": 2708812
        },
        "2016-07": {
            "month": "2016-07",
            "price": "8.48",
            "revenue": 3115762
        },
        "2016-08": {
            "month": "2016-08",
            "price": "8.59",
            "revenue": 2930419
        },
        "2016-09": {
            "month": "2016-09",
            "price": "8.51",
            "revenue": 2728297
        },
        "2016-10": {
            "month": "2016-10",
            "price": "8.58",
            "revenue": 2959400
        },
        "2016-11": {
            "month": "2016-11",
            "price": "8.58",
            "revenue": 3054758
        },
        "2016-12": {
            "month": "2016-12",
            "price": "9.19",
            "revenue": 3016607
        },
        "2017-01": {
            "month": "2017-01",
            "price": "9.25",
            "revenue": 2524038
        },
        "2017-02": {
            "month": "2017-02",
            "price": "10.14",
            "revenue": 2910900
        },
        "2017-03": {
            "month": "2017-03",
            "price": "10.02",
            "revenue": 3279579
        },
        "2017-04": {
            "month": "2017-04",
            "price": "9.33",
            "revenue": 3127166
        },
        "2017-05": {
            "month": "2017-05",
            "price": "8.97",
            "revenue": 2835614
        },
        "2017-06": {
            "month": "2017-06",
            "price": "9.00",
            "revenue": 2925583
        },
        "2017-07": {
            "month": "2017-07",
            "price": "9.19",
            "revenue": 2984370
        },
        "2017-08": {
            "month": "2017-08",
            "price": "9.18",
            "revenue": 3205815
        },
        "2017-09": {
            "month": "2017-09",
            "price": "9.21",
            "revenue": 3309765
        },
        "2017-10": {
            "month": "2017-10",
            "price": "9.75",
            "revenue": 3237766
        },
        "2017-11": {
            "month": "2017-11",
            "price": "9.94",
            "revenue": 3244104
        },
        "2017-12": {
            "month": "2017-12",
            "price": "9.99",
            "revenue": 3051035
        },
        "2018-01": {
            "month": "2018-01",
            "price": "10.18",
            "revenue": 3091730
        },
        "2018-02": {
            "month": "2018-02",
            "price": "9.34",
            "revenue": 2500606
        },
        "2018-03": {
            "month": "2018-03",
            "price": "9.48",
            "revenue": 3629757
        },
        "2018-04": {
            "month": "2018-04",
            "price": "9.97",
            "revenue": 3502648
        },
        "2018-05": {
            "month": "2018-05",
            "price": "10.30",
            "revenue": 3928361
        },
        "2018-06": {
            "month": "2018-06",
            "price": "11.98",
            "revenue": 3965800
        },
        "2018-07": {
            "month": "2018-07",
            "price": "12.64",
            "revenue": 4003978
        },
        "2018-08": {
            "month": "2018-08",
            "price": "13.57",
            "revenue": 3866882
        },
        "2018-09": {
            "month": "2018-09",
            "price": "12.64",
            "revenue": 3784347
        },
        "2018-10": {
            "month": "2018-10",
            "price": "11.27",
            "revenue": 3617635
        },
        "2018-11": {
            "month": "2018-11",
            "price": "11.08",
            "revenue": 3448039
        },
        "2018-12": {
            "month": "2018-12",
            "price": "11.68",
            "revenue": 3320620
        },
        "2019-01": {
            "month": "2019-01",
            "price": "11.70",
            "revenue": 3471998
        },
        "2019-02": {
            "month": "2019-02",
            "price": "12.71",
            "revenue": 2842997
        },
        "2019-03": {
            "month": "2019-03",
            "price": "13.73",
            "revenue": 3535097
        },
        "2019-04": {
            "month": "2019-04",
            "price": "13.66",
            "revenue": 3549872
        },
        "2019-05": {
            "month": "2019-05",
            "price": "13.33",
            "revenue": 3700502
        },
        "2019-06": {
            "month": "2019-06",
            "price": "13.38",
            "revenue": 3019383
        },
        "2019-07": {
            "month": "2019-07",
            "price": "13.49",
            "revenue": 3386398
        },
        "2019-08": {
            "month": "2019-08",
            "price": "12.61",
            "revenue": 3357589
        },
        "2019-09": {
            "month": "2019-09",
            "price": "11.53",
            "revenue": 2928171
        },
        "2019-10": {
            "month": "2019-10",
            "price": "11.22",
            "revenue": 2900775
        },
        "2019-11": {
            "month": "2019-11",
            "price": "11.55",
            "revenue": 2755876
        },
        "2019-12": {
            "month": "2019-12",
            "price": "11.91",
            "revenue": 2670865
        },
        "2020-01": {
            "month": "2020-01",
            "price": "12.06",
            "revenue": 2589499
        },
        "2020-02": {
            "month": "2020-02",
            "price": "12.36",
            "revenue": 2573896
        },
        "2020-03": {
            "month": "2020-03",
            "price": "10.67",
            "revenue": 2775925
        },
        "2020-04": {
            "month": "2020-04",
            "price": "10.30",
            "revenue": 2446234
        },
        "2020-05": {
            "month": "2020-05",
            "price": "11.15",
            "revenue": 2437623
        },
        "2020-06": {
            "month": "2020-06",
            "price": "11.17",
            "revenue": 2429664
        },
        "2020-07": {
            "month": "2020-07",
            "price": "11.48",
            "revenue": 2458078
        },
        "2020-08": {
            "month": "2020-08",
            "price": "11.84",
            "revenue": 2949597
        },
        "2020-09": {
            "month": "2020-09",
            "price": "11.32",
            "revenue": 2597618
        },
        "2020-10": {
            "month": "2020-10",
            "price": "11.22",
            "revenue": 2763433
        },
        "2020-11": {
            "month": "2020-11",
            "price": "11.86",
            "revenue": 2551167
        },
        "2020-12": {
            "month": "2020-12",
            "price": "12.97",
            "revenue": 3224666
        },
        "2021-01": {
            "month": "2021-01",
            "price": "13.53",
            "revenue": 3145297
        },
        "2021-02": {
            "month": "2021-02",
            "price": "13.56",
            "revenue": 2695907
        },
        "2021-03": {
            "month": "2021-03",
            "price": "15.12",
            "revenue": 4214077
        },
        "2021-04": {
            "month": "2021-04",
            "price": "20.12",
            "revenue": 3774406
        },
        "2021-05": {
            "month": "2021-05",
            "price": "21.36",
            "revenue": 3697034
        },
        "2021-06": {
            "month": "2021-06",
            "price": "21.97",
            "revenue": 3597869
        },
        "2021-07": {
            "month": "2021-07",
            "price": "21.25",
            "revenue": 3661437
        },
        "2021-08": {
            "month": "2021-08",
            "price": "20.22",
            "revenue": 4049279
        },
        "2021-09": {
            "month": "2021-09",
            "price": "19.72",
            "revenue": 3733900
        },
        "2021-10": {
            "month": "2021-10",
            "price": "18.98",
            "revenue": 4000959
        },
        "2021-11": {
            "month": "2021-11",
            "price": "19.67",
            "revenue": 3935610
        },
        "2021-12": {
            "month": "2021-12",
            "price": "19.86",
            "revenue": 3704921
        },
        "2022-01": {
            "month": "2022-01",
            "price": "19.55",
            "revenue": 4120985
        },
        "2022-02": {
            "month": "2022-02",
            "price": "19.97",
            "revenue": 3673150
        },
        "2022-03": {
            "month": "2022-03",
            "price": "20.85",
            "revenue": 4597676
        },
        "2022-04": {
            "month": "2022-04",
            "price": "20.22",
            "revenue": 4214453
        },
        "2022-05": {
            "month": "2022-05",
            "price": "19.14",
            "revenue": 4034111
        },
        "2022-06": {
            "month": "2022-06",
            "price": "19.01",
            "revenue": 3930119
        },
        "2022-07": {
            "month": "2022-07",
            "price": "17.81",
            "revenue": 4072380
        },
        "2022-08": {
            "month": "2022-08",
            "price": "18.84",
            "revenue": 4216488
        },
        "2022-09": {
            "month": "2022-09",
            "price": "17.18",
            "revenue": 3883592
        },
        "2022-10": {
            "month": "2022-10",
            "price": "16.11",
            "revenue": 3487325
        },
        "2022-11": {
            "month": "2022-11",
            "price": "17.06",
            "revenue": 2734599
        },
        "2022-12": {
            "month": "2022-12",
            "price": "17.63",
            "revenue": 2997669
        },
        "2023-01": {
            "month": "2023-01",
            "price": "17.71",
            "revenue": 2779771
        },
        "2023-02": {
            "month": "2023-02",
            "price": "18.13",
            "revenue": 3143432
        },
        "2023-03": {
            "month": "2023-03",
            "price": "18.08",
            "revenue": 3210638
        },
        "2023-04": {
            "month": "2023-04",
            "price": "17.82",
            "revenue": 3031779
        },
        "2023-05": {
            "month": "2023-05",
            "price": "17.24",
            "revenue": 3191580
        },
        "2023-06": {
            "month": "2023-06",
            "price": "17.27",
            "revenue": 3466844
        },
        "2023-07": {
            "month": "2023-07",
            "price": "17.04",
            "revenue": 3338855
        },
        "2023-08": {
            "month": "2023-08",
            "price": "16.66",
            "revenue": 3764714
        },
        "2023-09": {
            "month": "2023-09",
            "price": "15.26",
            "revenue": 3829791
        },
        "2023-10": {
            "month": "2023-10",
            "price": "15.35",
            "revenue": 3253929
        },
        "2023-11": {
            "month": "2023-11",
            "price": "15.37",
            "revenue": 3165203
        },
        "2023-12": {
            "month": "2023-12",
            "price": "15.53",
            "revenue": 3337231
        }
    }
}
