{
    "summary": {
        "stock_name": "南染",
        "stock_id": "1410",
        "category": "紡織纖維",
        "main_business": "絲棉毛合成化學纖維織品之印染及樹脂加工定型整理業務<br>前各項有關產品及原材料之買賣,進出口布匹業務<br>工業廠房開發租售,廠房出租,倉庫出租,辦公大樓出租業",
        "website_url": "http://www.nydf.com.tw",
        "ceo": "何  鈞",
        "pe_ratio": 45,
        "report_year_from": 2001,
        "report_year_to": 2023,
        "age": 22,
        "eps_negative_percentage": 22,
        "eps_growth_avg": {
            "last_all": -9.23,
            "last_2y": 1.95,
            "last_4y": -3.28,
            "last_8y": 1.08,
            "last_12y": 1.58,
            "last_16y": -3.18,
            "last_20y": -9.23,
            "at_2006_last_3y": -100,
            "at_2007_last_3y": 0,
            "at_2008_last_3y": 16.67,
            "at_2009_last_3y": -22.22,
            "at_2010_last_3y": -22.22,
            "at_2011_last_3y": -53.91,
            "at_2012_last_3y": -24.76,
            "at_2013_last_3y": 3.1,
            "at_2014_last_3y": 6.3,
            "at_2015_last_3y": 13.12,
            "at_2016_last_3y": 7.78,
            "at_2017_last_3y": 6.52,
            "at_2018_last_3y": 5.67,
            "at_2019_last_3y": -11.08,
            "at_2020_last_3y": -10.66,
            "at_2021_last_3y": 3.66,
            "at_2022_last_3y": -7.22,
            "at_2023_last_3y": -7.22,
            "at_2006_last_all": -100,
            "at_2007_last_all": 0,
            "at_2008_last_all": -22.22,
            "at_2009_last_all": -41.67,
            "at_2010_last_all": -41.67,
            "at_2011_last_all": -32.34,
            "at_2012_last_all": -23.49,
            "at_2013_last_all": -22.48,
            "at_2014_last_all": -17.68,
            "at_2015_last_all": -12.14,
            "at_2016_last_all": -10.98,
            "at_2017_last_all": -11.94,
            "at_2018_last_all": -9.9,
            "at_2019_last_all": -11.81,
            "at_2020_last_all": -10.89,
            "at_2021_last_all": -7.78,
            "at_2022_last_all": -9.23,
            "at_2023_last_all": -9.23
        },
        "latest_eps": 0.86,
        "latest_price": 38.35,
        "latest_roe": 4.78,
        "latest_gross_margin": 17.59,
        "latest_equity": 1107354,
        "latest_revenue": 54214,
        "latest_gross_profit": 9535,
        "latest_net_income": 5583,
        "latest_debt_ratio": 18.86,
        "latest_current_ratio": 737.33,
        "latest_account_receivable_turnover_ratio": 1.93,
        "latest_inventory_turnover_ratio": 1.22,
        "latest_reinvestment_rate": 0.7,
        "latest_research_to_sale_ratio": 4.88
    },
    "eps_dividends": {
        "1990": {
            "cash": 1,
            "stock": 1,
            "eps": 0
        },
        "1991": {
            "cash": 0.5,
            "stock": 1.3,
            "eps": 0
        },
        "1992": {
            "cash": 0,
            "stock": 1.7,
            "eps": 0
        },
        "1993": {
            "cash": 1.3,
            "stock": 0,
            "eps": 0
        },
        "1995": {
            "cash": 0,
            "stock": 0.8,
            "eps": 0
        },
        "1998": {
            "cash": 0,
            "stock": 0.64,
            "eps": 0
        },
        "2001": {
            "cash": 0,
            "stock": 0,
            "eps": -0.89
        },
        "2002": {
            "cash": 0,
            "stock": 0,
            "eps": -0.4
        },
        "2003": {
            "cash": 0,
            "stock": 0,
            "eps": 0.02
        },
        "2004": {
            "cash": 0,
            "stock": 0,
            "eps": -0.05
        },
        "2005": {
            "cash": 0,
            "stock": 0,
            "eps": -0.27
        },
        "2006": {
            "cash": 0,
            "stock": 0,
            "eps": 0.01
        },
        "2007": {
            "cash": 0,
            "stock": 0,
            "eps": 0.15
        },
        "2008": {
            "cash": 0,
            "stock": 0,
            "eps": 0.05
        },
        "2009": {
            "cash": 0,
            "stock": 0,
            "eps": -0.17
        },
        "2010": {
            "cash": 0,
            "stock": 0,
            "eps": 1.01
        },
        "2011": {
            "cash": 1.06,
            "stock": 0,
            "eps": 1.06
        },
        "2012": {
            "cash": 0,
            "stock": 0,
            "eps": 1.28
        },
        "2013": {
            "cash": 1.2,
            "stock": 0,
            "eps": 1.07
        },
        "2014": {
            "cash": 0.9,
            "stock": 0,
            "eps": 1.24
        },
        "2015": {
            "cash": 1.2,
            "stock": 0,
            "eps": 1.64
        },
        "2016": {
            "cash": 1.3,
            "stock": 0,
            "eps": 1.63
        },
        "2017": {
            "cash": 1.45,
            "stock": 0,
            "eps": 1.28
        },
        "2018": {
            "cash": 1.4,
            "stock": 0,
            "eps": 1.44
        },
        "2019": {
            "cash": 1.3,
            "stock": 0,
            "eps": 0.94
        },
        "2020": {
            "cash": 1,
            "stock": 0,
            "eps": 0.95
        },
        "2021": {
            "cash": 0.9,
            "stock": 0,
            "eps": 1.29
        },
        "2022": {
            "cash": 1.3,
            "stock": 0,
            "eps": 0.89
        },
        "2023": {
            "cash": 0.8,
            "stock": 0,
            "eps": 0.09
        }
    },
    "dividends": {
        "1990-04-24": {
            "cash": 1,
            "stock": 1
        },
        "1991-04-26": {
            "cash": 0.5,
            "stock": 1.3
        },
        "1992-05-15": {
            "cash": 0,
            "stock": 1.7
        },
        "1993-05-13": {
            "cash": 1.3,
            "stock": 0
        },
        "1995-05-13": {
            "cash": 0,
            "stock": 0.8
        },
        "1998-05-14": {
            "cash": 0,
            "stock": 0.64
        },
        "2011-01-01": {
            "cash": 0.9,
            "stock": 0
        },
        "2011-03-16": {
            "cash": 0.16,
            "stock": 0
        },
        "2013-03-20": {
            "cash": 1.2,
            "stock": 0
        },
        "2014-06-17": {
            "cash": 0.9,
            "stock": 0
        },
        "2015-08-06": {
            "cash": 1.2,
            "stock": 0
        },
        "2016-08-10": {
            "cash": 1.3,
            "stock": 0
        },
        "2017-08-09": {
            "cash": 1.45,
            "stock": 0
        },
        "2018-08-10": {
            "cash": 1.4,
            "stock": 0
        },
        "2019-08-09": {
            "cash": 1.3,
            "stock": 0
        },
        "2020-07-17": {
            "cash": 1,
            "stock": 0
        },
        "2021-08-12": {
            "cash": 0.9,
            "stock": 0
        },
        "2022-08-12": {
            "cash": 1.3,
            "stock": 0
        },
        "2023-08-08": {
            "cash": 0.8,
            "stock": 0
        }
    },
    "prices": {
        "200101": "6.69",
        "200102": "8.23",
        "200103": "7.78",
        "200104": "6.85",
        "200105": "6.41",
        "200106": "6.18",
        "200107": "4.77",
        "200108": "4.58",
        "200109": "4.41",
        "200110": "4.13",
        "200111": "4.03",
        "200112": "5.48",
        "200201": "6.59",
        "200202": "6.37",
        "200203": "7.05",
        "200204": "8.36",
        "200205": "7.58",
        "200206": "7.04",
        "200207": "6.70",
        "200208": "5.85",
        "200209": "4.40",
        "200210": "4.02",
        "200211": "4.56",
        "200212": "5.40",
        "200301": "7.68",
        "200302": "7.62",
        "200303": "7.30",
        "200304": "7.43",
        "200305": "7.68",
        "200306": "8.18",
        "200307": "7.49",
        "200308": "6.45",
        "200309": "6.32",
        "200310": "6.95",
        "200311": "7.06",
        "200312": "6.76",
        "200401": "7.53",
        "200402": "9.51",
        "200403": "9.34",
        "200404": "8.79",
        "200405": "6.98",
        "200406": "6.84",
        "200407": "6.49",
        "200408": "5.94",
        "200409": "6.68",
        "200410": "6.61",
        "200411": "6.36",
        "200412": "6.49",
        "200501": "7.15",
        "200502": "6.74",
        "200503": "6.51",
        "200504": "5.96",
        "200505": "5.83",
        "200506": "6.25",
        "200507": "6.05",
        "200508": "5.84",
        "200509": "5.54",
        "200510": "5.00",
        "200511": "4.78",
        "200512": "5.15",
        "200601": "5.20",
        "200602": "5.00",
        "200603": "4.65",
        "200604": "5.32",
        "200605": "7.82",
        "200606": "6.66",
        "200607": "6.71",
        "200608": "6.19",
        "200609": "6.04",
        "200610": "7.13",
        "200611": "8.16",
        "200612": "9.13",
        "200701": "8.86",
        "200702": "8.88",
        "200703": "8.75",
        "200704": "9.40",
        "200705": "9.29",
        "200706": "10.43",
        "200707": "16.05",
        "200708": "17.81",
        "200709": "18.22",
        "200710": "19.09",
        "200711": "17.49",
        "200712": "16.27",
        "200801": "15.28",
        "200802": "16.23",
        "200803": "21.72",
        "200804": "23.76",
        "200805": "23.43",
        "200806": "20.01",
        "200807": "18.07",
        "200808": "14.75",
        "200809": "11.33",
        "200810": "8.80",
        "200811": "8.90",
        "200812": "8.97",
        "200901": "8.99",
        "200902": "8.31",
        "200903": "8.70",
        "200904": "10.76",
        "200905": "13.10",
        "200906": "12.87",
        "200907": "13.75",
        "200908": "13.40",
        "200909": "14.19",
        "200910": "16.60",
        "200911": "15.70",
        "200912": "16.38",
        "201001": "17.76",
        "201002": "14.64",
        "201003": "15.30",
        "201004": "16.26",
        "201005": "15.21",
        "201006": "15.10",
        "201007": "16.05",
        "201008": "16.75",
        "201009": "16.06",
        "201010": "17.93",
        "201011": "22.16",
        "201012": "22.13",
        "201101": "21.94",
        "201102": "20.18",
        "201103": "17.71",
        "201104": "18.22",
        "201105": "18.30",
        "201106": "17.19",
        "201107": "17.37",
        "201108": "16.49",
        "201109": "15.54",
        "201110": "15.84",
        "201111": "16.20",
        "201112": "15.87",
        "201201": "15.80",
        "201202": "17.58",
        "201203": "16.88",
        "201204": "16.11",
        "201205": "16.09",
        "201206": "15.52",
        "201207": "14.48",
        "201208": "15.14",
        "201209": "22.24",
        "201210": "23.76",
        "201211": "24.58",
        "201212": "25.10",
        "201301": "24.52",
        "201302": "23.57",
        "201303": "23.80",
        "201304": "23.98",
        "201305": "24.20",
        "201306": "22.75",
        "201307": "21.31",
        "201308": "20.51",
        "201309": "20.81",
        "201310": "22.36",
        "201311": "21.85",
        "201312": "23.09",
        "201401": "23.06",
        "201402": "22.99",
        "201403": "23.44",
        "201404": "24.15",
        "201405": "23.53",
        "201406": "23.77",
        "201407": "24.31",
        "201408": "25.02",
        "201409": "24.53",
        "201410": "25.23",
        "201411": "25.50",
        "201412": "25.69",
        "201501": "25.62",
        "201502": "25.41",
        "201503": "25.46",
        "201504": "25.68",
        "201505": "26.15",
        "201506": "25.10",
        "201507": "23.94",
        "201508": "22.96",
        "201509": "23.93",
        "201510": "23.82",
        "201511": "23.73",
        "201512": "23.74",
        "201601": "23.70",
        "201602": "23.78",
        "201603": "24.28",
        "201604": "24.40",
        "201605": "24.26",
        "201606": "24.54",
        "201607": "23.97",
        "201608": "24.01",
        "201609": "24.51",
        "201610": "24.31",
        "201611": "24.25",
        "201612": "24.47",
        "201701": "24.86",
        "201702": "27.61",
        "201703": "26.05",
        "201704": "25.35",
        "201705": "24.82",
        "201706": "24.83",
        "201707": "23.72",
        "201708": "23.28",
        "201709": "24.06",
        "201710": "24.02",
        "201711": "23.80",
        "201712": "23.46",
        "201801": "23.45",
        "201802": "23.08",
        "201803": "23.45",
        "201804": "23.57",
        "201805": "23.72",
        "201806": "24.22",
        "201807": "23.45",
        "201808": "23.01",
        "201809": "23.12",
        "201810": "23.47",
        "201811": "23.07",
        "201812": "23.99",
        "201901": "24.08",
        "201902": "24.89",
        "201903": "25.26",
        "201904": "26.37",
        "201905": "27.48",
        "201906": "27.21",
        "201907": "26.76",
        "201908": "26.30",
        "201909": "26.40",
        "201910": "28.46",
        "201911": "29.99",
        "201912": "31.66",
        "202001": "32.22",
        "202002": "28.59",
        "202003": "28.15",
        "202004": "29.25",
        "202005": "30.46",
        "202006": "32.10",
        "202007": "33.61",
        "202008": "33.40",
        "202009": "34.07",
        "202010": "33.60",
        "202011": "33.80",
        "202012": "34.03",
        "202101": "33.83",
        "202102": "33.92",
        "202103": "33.84",
        "202104": "34.56",
        "202105": "35.26",
        "202106": "34.86",
        "202107": "34.28",
        "202108": "34.14",
        "202109": "34.84",
        "202110": "35.08",
        "202111": "36.57",
        "202112": "37.25",
        "202201": "37.05",
        "202202": "37.09",
        "202203": "36.78",
        "202204": "36.78",
        "202205": "35.97",
        "202206": "35.27",
        "202207": "34.05",
        "202208": "35.52",
        "202209": "41.21",
        "202210": "40.80",
        "202211": "42.47",
        "202212": "42.02",
        "202301": "40.32",
        "202302": "40.53",
        "202303": "39.37",
        "202304": "38.70",
        "202305": "37.73",
        "202306": "38.73"
    },
    "quarters": {
        "20011": {
            "year_quarter": 20011,
            "year": 2001,
            "quarter": 1,
            "eps": -0.23,
            "eps_growth_year": null,
            "eps_4q": -1.1,
            "eps_4q_growth_year": null,
            "roe": -1.97,
            "roe_4q": -1.97,
            "gross_profit": 6558,
            "gross_margin": 5.99,
            "gross_margin_4q_avg": 5.99,
            "net_income": -20846,
            "revenue": 109456,
            "common_shares": 900000,
            "book_valuer_per_share": 11.34,
            "book_valuer_per_share_4q_avg": 11.34,
            "equity": 1020711,
            "current_ratio": 356.26,
            "debt_ratio": 14.51,
            "inventory_turnover_ratio": 2.43,
            "account_receivable_turnover_ratio": null,
            "reinvestment_rate": null,
            "research_to_sale_ratio": null,
            "price_fair": 0,
            "eps_avg_yearly": 0,
            "eps_latest_yearly": 0,
            "eps_growth_yearly": 0
        },
        "20012": {
            "year_quarter": 20012,
            "year": 2001,
            "quarter": 2,
            "eps": -0.23,
            "eps_growth_year": null,
            "eps_4q": -1.11,
            "eps_4q_growth_year": null,
            "roe": -2.05,
            "roe_4q": -4.02,
            "gross_profit": 5790,
            "gross_margin": 5.39,
            "gross_margin_4q_avg": 5.69,
            "net_income": -20746,
            "revenue": 107397,
            "common_shares": 900000,
            "book_valuer_per_share": 11.11,
            "book_valuer_per_share_4q_avg": 11.23,
            "equity": 999939,
            "current_ratio": 368.25,
            "debt_ratio": 14.65,
            "inventory_turnover_ratio": 3.33,
            "account_receivable_turnover_ratio": null,
            "reinvestment_rate": null,
            "research_to_sale_ratio": null,
            "price_fair": 0,
            "eps_avg_yearly": 0,
            "eps_latest_yearly": 0,
            "eps_growth_yearly": 0
        },
        "20013": {
            "year_quarter": 20013,
            "year": 2001,
            "quarter": 3,
            "eps": -0.46,
            "eps_growth_year": null,
            "eps_4q": -1.38,
            "eps_4q_growth_year": null,
            "roe": -4.27,
            "roe_4q": -8.29,
            "gross_profit": -18286,
            "gross_margin": -23.21,
            "gross_margin_4q_avg": -3.94,
            "net_income": -41825,
            "revenue": 78786,
            "common_shares": 900000,
            "book_valuer_per_share": 10.65,
            "book_valuer_per_share_4q_avg": 11.03,
            "equity": 958080,
            "current_ratio": 314.45,
            "debt_ratio": 16.24,
            "inventory_turnover_ratio": 3.45,
            "account_receivable_turnover_ratio": null,
            "reinvestment_rate": null,
            "research_to_sale_ratio": null,
            "price_fair": 0,
            "eps_avg_yearly": 0,
            "eps_latest_yearly": 0,
            "eps_growth_yearly": 0
        },
        "20014": {
            "year_quarter": 20014,
            "year": 2001,
            "quarter": 4,
            "eps": 0.03,
            "eps_growth_year": null,
            "eps_4q": -0.91,
            "eps_4q_growth_year": null,
            "roe": 0.27,
            "roe_4q": -8.02,
            "gross_profit": 12573,
            "gross_margin": 14.2,
            "gross_margin_4q_avg": 0.59,
            "net_income": 2660,
            "revenue": 88554,
            "common_shares": 900000,
            "book_valuer_per_share": 10.67,
            "book_valuer_per_share_4q_avg": 10.94,
            "equity": 1002899,
            "current_ratio": 64.97,
            "debt_ratio": 39.39,
            "inventory_turnover_ratio": 2.48,
            "account_receivable_turnover_ratio": null,
            "reinvestment_rate": null,
            "research_to_sale_ratio": null,
            "price_fair": 0,
            "eps_avg_yearly": 0,
            "eps_latest_yearly": 0,
            "eps_growth_yearly": 0
        },
        "20021": {
            "year_quarter": 20021,
            "year": 2002,
            "quarter": 1,
            "eps": -0.17,
            "eps_growth_year": null,
            "eps_4q": -0.85,
            "eps_4q_growth_year": null,
            "roe": -1.53,
            "roe_4q": -7.579999999999999,
            "gross_profit": 3262,
            "gross_margin": 4.04,
            "gross_margin_4q_avg": 0.1,
            "net_income": -14902,
            "revenue": 80825,
            "common_shares": 900000,
            "book_valuer_per_share": 10.51,
            "book_valuer_per_share_4q_avg": 10.74,
            "equity": 945832,
            "current_ratio": 222.75,
            "debt_ratio": 15.75,
            "inventory_turnover_ratio": 2.55,
            "account_receivable_turnover_ratio": null,
            "reinvestment_rate": null,
            "research_to_sale_ratio": null,
            "price_fair": 0,
            "eps_avg_yearly": 0,
            "eps_latest_yearly": 0,
            "eps_growth_yearly": 0
        },
        "20022": {
            "year_quarter": 20022,
            "year": 2002,
            "quarter": 2,
            "eps": -0.12,
            "eps_growth_year": null,
            "eps_4q": -0.72,
            "eps_4q_growth_year": null,
            "roe": -1.13,
            "roe_4q": -6.66,
            "gross_profit": 26632,
            "gross_margin": 24.08,
            "gross_margin_4q_avg": 4.78,
            "net_income": -10534,
            "revenue": 110618,
            "common_shares": 900000,
            "book_valuer_per_share": 10.17,
            "book_valuer_per_share_4q_avg": 10.5,
            "equity": 915659,
            "current_ratio": 157.18,
            "debt_ratio": 19.32,
            "inventory_turnover_ratio": 2.82,
            "account_receivable_turnover_ratio": null,
            "reinvestment_rate": null,
            "research_to_sale_ratio": null,
            "price_fair": 0,
            "eps_avg_yearly": 0,
            "eps_latest_yearly": 0,
            "eps_growth_yearly": 0
        },
        "20023": {
            "year_quarter": 20023,
            "year": 2002,
            "quarter": 3,
            "eps": -0.05,
            "eps_growth_year": null,
            "eps_4q": -0.3,
            "eps_4q_growth_year": null,
            "roe": -0.45,
            "roe_4q": -2.84,
            "gross_profit": 23371,
            "gross_margin": 20.34,
            "gross_margin_4q_avg": 15.67,
            "net_income": -4094,
            "revenue": 114912,
            "common_shares": 900000,
            "book_valuer_per_share": 10.13,
            "book_valuer_per_share_4q_avg": 10.37,
            "equity": 911345,
            "current_ratio": 207.42,
            "debt_ratio": 17.36,
            "inventory_turnover_ratio": 3.13,
            "account_receivable_turnover_ratio": null,
            "reinvestment_rate": null,
            "research_to_sale_ratio": null,
            "price_fair": 0,
            "eps_avg_yearly": 0,
            "eps_latest_yearly": 0,
            "eps_growth_yearly": 0
        },
        "20024": {
            "year_quarter": 20024,
            "year": 2002,
            "quarter": 4,
            "eps": -0.06,
            "eps_growth_year": -300,
            "eps_4q": -0.29,
            "eps_4q_growth_year": null,
            "roe": -0.55,
            "roe_4q": -3.66,
            "gross_profit": 15516,
            "gross_margin": 15.23,
            "gross_margin_4q_avg": 15.92,
            "net_income": -5175,
            "revenue": 101878,
            "common_shares": 900000,
            "book_valuer_per_share": 10.07,
            "book_valuer_per_share_4q_avg": 10.22,
            "equity": 957371,
            "current_ratio": 81.56,
            "debt_ratio": 35.02,
            "inventory_turnover_ratio": 2.92,
            "account_receivable_turnover_ratio": null,
            "reinvestment_rate": null,
            "research_to_sale_ratio": null,
            "price_fair": 0,
            "eps_avg_yearly": 0,
            "eps_latest_yearly": 0,
            "eps_growth_yearly": 0
        },
        "20031": {
            "year_quarter": 20031,
            "year": 2003,
            "quarter": 1,
            "eps": -0.05,
            "eps_growth_year": null,
            "eps_4q": -0.26,
            "eps_4q_growth_year": null,
            "roe": -0.51,
            "roe_4q": -2.6399999999999997,
            "gross_profit": 19469,
            "gross_margin": 17.88,
            "gross_margin_4q_avg": 19.38,
            "net_income": -4757,
            "revenue": 108877,
            "common_shares": 900000,
            "book_valuer_per_share": 10.02,
            "book_valuer_per_share_4q_avg": 10.1,
            "equity": 901849,
            "current_ratio": 321.54,
            "debt_ratio": 15.61,
            "inventory_turnover_ratio": 3.04,
            "account_receivable_turnover_ratio": null,
            "reinvestment_rate": null,
            "research_to_sale_ratio": null,
            "price_fair": 0,
            "eps_avg_yearly": 0,
            "eps_latest_yearly": 0,
            "eps_growth_yearly": 0
        },
        "20032": {
            "year_quarter": 20032,
            "year": 2003,
            "quarter": 2,
            "eps": 0.21,
            "eps_growth_year": null,
            "eps_4q": 0.05,
            "eps_4q_growth_year": null,
            "roe": 2.08,
            "roe_4q": 0.5700000000000001,
            "gross_profit": 39378,
            "gross_margin": 27.85,
            "gross_margin_4q_avg": 20.33,
            "net_income": 18925,
            "revenue": 141381,
            "common_shares": 900000,
            "book_valuer_per_share": 10.23,
            "book_valuer_per_share_4q_avg": 10.11,
            "equity": 920711,
            "current_ratio": 313.33,
            "debt_ratio": 17.09,
            "inventory_turnover_ratio": 4.02,
            "account_receivable_turnover_ratio": null,
            "reinvestment_rate": null,
            "research_to_sale_ratio": null,
            "price_fair": 0,
            "eps_avg_yearly": 0,
            "eps_latest_yearly": 0,
            "eps_growth_yearly": 0
        },
        "20033": {
            "year_quarter": 20033,
            "year": 2003,
            "quarter": 3,
            "eps": -0.16,
            "eps_growth_year": null,
            "eps_4q": -0.06,
            "eps_4q_growth_year": null,
            "roe": -1.54,
            "roe_4q": -0.52,
            "gross_profit": 25259,
            "gross_margin": 20.7,
            "gross_margin_4q_avg": 20.42,
            "net_income": -14002,
            "revenue": 122042,
            "common_shares": 900000,
            "book_valuer_per_share": 10.03,
            "book_valuer_per_share_4q_avg": 10.09,
            "equity": 902964,
            "current_ratio": 227.47,
            "debt_ratio": 19.42,
            "inventory_turnover_ratio": 3.33,
            "account_receivable_turnover_ratio": null,
            "reinvestment_rate": null,
            "research_to_sale_ratio": null,
            "price_fair": 0,
            "eps_avg_yearly": 0,
            "eps_latest_yearly": 0,
            "eps_growth_yearly": 0
        },
        "20034": {
            "year_quarter": 20034,
            "year": 2003,
            "quarter": 4,
            "eps": 0.02,
            "eps_growth_year": null,
            "eps_4q": 0.02,
            "eps_4q_growth_year": null,
            "roe": 0.16,
            "roe_4q": 0.18999999999999995,
            "gross_profit": 20688,
            "gross_margin": 16.57,
            "gross_margin_4q_avg": 20.75,
            "net_income": 1444,
            "revenue": 124874,
            "common_shares": 900000,
            "book_valuer_per_share": 10.05,
            "book_valuer_per_share_4q_avg": 10.08,
            "equity": 949529,
            "current_ratio": 107.14,
            "debt_ratio": 36.5,
            "inventory_turnover_ratio": 2.83,
            "account_receivable_turnover_ratio": null,
            "reinvestment_rate": null,
            "research_to_sale_ratio": null,
            "price_fair": 0,
            "eps_avg_yearly": 0,
            "eps_latest_yearly": 0,
            "eps_growth_yearly": 0
        },
        "20041": {
            "year_quarter": 20041,
            "year": 2004,
            "quarter": 1,
            "eps": 0.01,
            "eps_growth_year": null,
            "eps_4q": 0.06,
            "eps_4q_growth_year": null,
            "roe": 0.13,
            "roe_4q": 0.8300000000000001,
            "gross_profit": 18501,
            "gross_margin": 18.03,
            "gross_margin_4q_avg": 20.79,
            "net_income": 1222,
            "revenue": 102586,
            "common_shares": 900000,
            "book_valuer_per_share": 10.06,
            "book_valuer_per_share_4q_avg": 10.09,
            "equity": 905839,
            "current_ratio": 279.04,
            "debt_ratio": 18.99,
            "inventory_turnover_ratio": 2.35,
            "account_receivable_turnover_ratio": null,
            "reinvestment_rate": null,
            "research_to_sale_ratio": null,
            "price_fair": 0.12,
            "eps_avg_yearly": 0.04,
            "eps_latest_yearly": 0.04,
            "eps_growth_yearly": -200
        },
        "20042": {
            "year_quarter": 20042,
            "year": 2004,
            "quarter": 2,
            "eps": 0.11,
            "eps_growth_year": -47.62,
            "eps_4q": -0.01,
            "eps_4q_growth_year": -122.49,
            "roe": 1.12,
            "roe_4q": -0.13000000000000012,
            "gross_profit": 29599,
            "gross_margin": 24.04,
            "gross_margin_4q_avg": 19.84,
            "net_income": 10202,
            "revenue": 123121,
            "common_shares": 900000,
            "book_valuer_per_share": 10.18,
            "book_valuer_per_share_4q_avg": 10.08,
            "equity": 916016,
            "current_ratio": 334.08,
            "debt_ratio": 18.03,
            "inventory_turnover_ratio": 3.02,
            "account_receivable_turnover_ratio": null,
            "reinvestment_rate": null,
            "research_to_sale_ratio": null,
            "price_fair": 8.4,
            "eps_avg_yearly": 0.24,
            "eps_latest_yearly": 0.44,
            "eps_growth_yearly": 1900
        },
        "20043": {
            "year_quarter": 20043,
            "year": 2004,
            "quarter": 3,
            "eps": -0.01,
            "eps_growth_year": null,
            "eps_4q": 0.13,
            "eps_4q_growth_year": null,
            "roe": -0.1,
            "roe_4q": 1.3099999999999998,
            "gross_profit": 28115,
            "gross_margin": 23.78,
            "gross_margin_4q_avg": 20.61,
            "net_income": -891,
            "revenue": 118212,
            "common_shares": 900000,
            "book_valuer_per_share": 10.17,
            "book_valuer_per_share_4q_avg": 10.12,
            "equity": 915119,
            "current_ratio": 461.86,
            "debt_ratio": 16.36,
            "inventory_turnover_ratio": 2.8,
            "account_receivable_turnover_ratio": null,
            "reinvestment_rate": null,
            "research_to_sale_ratio": null,
            "price_fair": 8.4,
            "eps_avg_yearly": 0.24,
            "eps_latest_yearly": 0.44,
            "eps_growth_yearly": 1900
        },
        "20044": {
            "year_quarter": 20044,
            "year": 2004,
            "quarter": 4,
            "eps": -0.16,
            "eps_growth_year": -900,
            "eps_4q": -0.03,
            "eps_4q_growth_year": -214.02,
            "roe": -1.59,
            "roe_4q": -0.44000000000000006,
            "gross_profit": 10618,
            "gross_margin": 10.9,
            "gross_margin_4q_avg": 19.19,
            "net_income": -14750,
            "revenue": 97425,
            "common_shares": 900000,
            "book_valuer_per_share": 10,
            "book_valuer_per_share_4q_avg": 10.1,
            "equity": 941197,
            "current_ratio": 131.15,
            "debt_ratio": 32.63,
            "inventory_turnover_ratio": 2.27,
            "account_receivable_turnover_ratio": null,
            "reinvestment_rate": null,
            "research_to_sale_ratio": null,
            "price_fair": 8.4,
            "eps_avg_yearly": 0.24,
            "eps_latest_yearly": 0.44,
            "eps_growth_yearly": 1900
        },
        "20051": {
            "year_quarter": 20051,
            "year": 2005,
            "quarter": 1,
            "eps": -0.26,
            "eps_growth_year": -2700,
            "eps_4q": -0.32,
            "eps_4q_growth_year": -615.58,
            "roe": -2.27,
            "roe_4q": -2.8400000000000003,
            "gross_profit": 17178,
            "gross_margin": 18.25,
            "gross_margin_4q_avg": 19.24,
            "net_income": -23494,
            "revenue": 94145,
            "common_shares": 900000,
            "book_valuer_per_share": 12.5,
            "book_valuer_per_share_4q_avg": 10.71,
            "equity": 1125099,
            "current_ratio": 524.19,
            "debt_ratio": 19.86,
            "inventory_turnover_ratio": 2.24,
            "account_receivable_turnover_ratio": null,
            "reinvestment_rate": null,
            "research_to_sale_ratio": null,
            "price_fair": 8.4,
            "eps_avg_yearly": 0.24,
            "eps_latest_yearly": 0.44,
            "eps_growth_yearly": 1900
        },
        "20052": {
            "year_quarter": 20052,
            "year": 2005,
            "quarter": 2,
            "eps": -0.1,
            "eps_growth_year": -190.91,
            "eps_4q": -0.53,
            "eps_4q_growth_year": null,
            "roe": -0.77,
            "roe_4q": -4.7299999999999995,
            "gross_profit": 16965,
            "gross_margin": 18.2,
            "gross_margin_4q_avg": 17.78,
            "net_income": -8685,
            "revenue": 93194,
            "common_shares": 900000,
            "book_valuer_per_share": 12.4,
            "book_valuer_per_share_4q_avg": 11.27,
            "equity": 1116400,
            "current_ratio": 579.63,
            "debt_ratio": 19.38,
            "inventory_turnover_ratio": 2.84,
            "account_receivable_turnover_ratio": null,
            "reinvestment_rate": null,
            "research_to_sale_ratio": null,
            "price_fair": 8.4,
            "eps_avg_yearly": 0.24,
            "eps_latest_yearly": 0.44,
            "eps_growth_yearly": 1900
        },
        "20053": {
            "year_quarter": 20053,
            "year": 2005,
            "quarter": 3,
            "eps": 0.08,
            "eps_growth_year": null,
            "eps_4q": -0.45,
            "eps_4q_growth_year": -439.25,
            "roe": 0.63,
            "roe_4q": -4,
            "gross_profit": 25777,
            "gross_margin": 23.67,
            "gross_margin_4q_avg": 17.76,
            "net_income": 7064,
            "revenue": 108893,
            "common_shares": 900000,
            "book_valuer_per_share": 12.51,
            "book_valuer_per_share_4q_avg": 11.85,
            "equity": 1126197,
            "current_ratio": 638.45,
            "debt_ratio": 19.24,
            "inventory_turnover_ratio": 2.98,
            "account_receivable_turnover_ratio": null,
            "reinvestment_rate": null,
            "research_to_sale_ratio": null,
            "price_fair": 8.4,
            "eps_avg_yearly": 0.24,
            "eps_latest_yearly": 0.44,
            "eps_growth_yearly": 1900
        },
        "20054": {
            "year_quarter": 20054,
            "year": 2005,
            "quarter": 4,
            "eps": 0.01,
            "eps_growth_year": null,
            "eps_4q": -0.2,
            "eps_4q_growth_year": null,
            "roe": 0.07,
            "roe_4q": -2.34,
            "gross_profit": 13923,
            "gross_margin": 15.95,
            "gross_margin_4q_avg": 19.02,
            "net_income": 805,
            "revenue": 87277,
            "common_shares": 900000,
            "book_valuer_per_share": 12.52,
            "book_valuer_per_share_4q_avg": 12.48,
            "equity": 1160055,
            "current_ratio": 166.39,
            "debt_ratio": 29.02,
            "inventory_turnover_ratio": 2.43,
            "account_receivable_turnover_ratio": null,
            "reinvestment_rate": null,
            "research_to_sale_ratio": null,
            "price_fair": 6.07,
            "eps_avg_yearly": 0.17,
            "eps_latest_yearly": 0.04,
            "eps_growth_yearly": 1150
        },
        "20061": {
            "year_quarter": 20061,
            "year": 2006,
            "quarter": 1,
            "eps": -0.14,
            "eps_growth_year": null,
            "eps_4q": -0.15,
            "eps_4q_growth_year": null,
            "roe": -1.1,
            "roe_4q": -1.17,
            "gross_profit": 8482,
            "gross_margin": 11.33,
            "gross_margin_4q_avg": 17.29,
            "net_income": -12550,
            "revenue": 74866,
            "common_shares": 900000,
            "book_valuer_per_share": 12.38,
            "book_valuer_per_share_4q_avg": 12.45,
            "equity": 1114440,
            "current_ratio": 819.41,
            "debt_ratio": 18.88,
            "inventory_turnover_ratio": 2.38,
            "account_receivable_turnover_ratio": null,
            "reinvestment_rate": null,
            "research_to_sale_ratio": null,
            "price_fair": 6.07,
            "eps_avg_yearly": 0.17,
            "eps_latest_yearly": 0.04,
            "eps_growth_yearly": 1150
        },
        "20062": {
            "year_quarter": 20062,
            "year": 2006,
            "quarter": 2,
            "eps": 0.06,
            "eps_growth_year": null,
            "eps_4q": 0,
            "eps_4q_growth_year": null,
            "roe": 0.45,
            "roe_4q": 0.04999999999999993,
            "gross_profit": 23608,
            "gross_margin": 21.53,
            "gross_margin_4q_avg": 18.12,
            "net_income": 4971,
            "revenue": 109651,
            "common_shares": 900000,
            "book_valuer_per_share": 12.44,
            "book_valuer_per_share_4q_avg": 12.46,
            "equity": 1119412,
            "current_ratio": 563.89,
            "debt_ratio": 20.25,
            "inventory_turnover_ratio": 3.71,
            "account_receivable_turnover_ratio": null,
            "reinvestment_rate": null,
            "research_to_sale_ratio": null,
            "price_fair": 6.07,
            "eps_avg_yearly": 0.17,
            "eps_latest_yearly": 0.04,
            "eps_growth_yearly": 1150
        },
        "20063": {
            "year_quarter": 20063,
            "year": 2006,
            "quarter": 3,
            "eps": 0.12,
            "eps_growth_year": 50,
            "eps_4q": 0.04,
            "eps_4q_growth_year": null,
            "roe": 0.95,
            "roe_4q": 0.36999999999999983,
            "gross_profit": 20863,
            "gross_margin": 18.55,
            "gross_margin_4q_avg": 16.84,
            "net_income": 10680,
            "revenue": 112456,
            "common_shares": 900000,
            "book_valuer_per_share": 12.56,
            "book_valuer_per_share_4q_avg": 12.48,
            "equity": 1130084,
            "current_ratio": 539.74,
            "debt_ratio": 20.38,
            "inventory_turnover_ratio": 3.84,
            "account_receivable_turnover_ratio": null,
            "reinvestment_rate": null,
            "research_to_sale_ratio": null,
            "price_fair": 8.75,
            "eps_avg_yearly": 0.25,
            "eps_latest_yearly": 0.48,
            "eps_growth_yearly": 962.5
        },
        "20064": {
            "year_quarter": 20064,
            "year": 2006,
            "quarter": 4,
            "eps": -0.03,
            "eps_growth_year": -400,
            "eps_4q": 0,
            "eps_4q_growth_year": null,
            "roe": -0.24,
            "roe_4q": 0.05999999999999983,
            "gross_profit": 1321,
            "gross_margin": 1.81,
            "gross_margin_4q_avg": 13.31,
            "net_income": -2804,
            "revenue": 72825,
            "common_shares": 900000,
            "book_valuer_per_share": 12.53,
            "book_valuer_per_share_4q_avg": 12.48,
            "equity": 1159675,
            "current_ratio": 160.44,
            "debt_ratio": 30.41,
            "inventory_turnover_ratio": 2.22,
            "account_receivable_turnover_ratio": null,
            "reinvestment_rate": null,
            "research_to_sale_ratio": null,
            "price_fair": 8.75,
            "eps_avg_yearly": 0.25,
            "eps_latest_yearly": 0.48,
            "eps_growth_yearly": 962.5
        },
        "20071": {
            "year_quarter": 20071,
            "year": 2007,
            "quarter": 1,
            "eps": 0.03,
            "eps_growth_year": null,
            "eps_4q": 0.17,
            "eps_4q_growth_year": null,
            "roe": 0.25,
            "roe_4q": 1.41,
            "gross_profit": 15707,
            "gross_margin": 16.79,
            "gross_margin_4q_avg": 14.67,
            "net_income": 2824,
            "revenue": 93559,
            "common_shares": 900000,
            "book_valuer_per_share": 12.56,
            "book_valuer_per_share_4q_avg": 12.52,
            "equity": 1130104,
            "current_ratio": 549.68,
            "debt_ratio": 19.94,
            "inventory_turnover_ratio": 2.47,
            "account_receivable_turnover_ratio": null,
            "reinvestment_rate": null,
            "research_to_sale_ratio": null,
            "price_fair": 8.75,
            "eps_avg_yearly": 0.25,
            "eps_latest_yearly": 0.48,
            "eps_growth_yearly": 962.5
        },
        "20072": {
            "year_quarter": 20072,
            "year": 2007,
            "quarter": 2,
            "eps": 0.02,
            "eps_growth_year": -66.67,
            "eps_4q": 0.12,
            "eps_4q_growth_year": 3253.17,
            "roe": 0.19,
            "roe_4q": 1.15,
            "gross_profit": 23929,
            "gross_margin": 24.18,
            "gross_margin_4q_avg": 15.33,
            "net_income": 2198,
            "revenue": 98947,
            "common_shares": 900000,
            "book_valuer_per_share": 12.58,
            "book_valuer_per_share_4q_avg": 12.56,
            "equity": 1132302,
            "current_ratio": 476.82,
            "debt_ratio": 19.54,
            "inventory_turnover_ratio": 2.93,
            "account_receivable_turnover_ratio": null,
            "reinvestment_rate": null,
            "research_to_sale_ratio": null,
            "price_fair": 7.56,
            "eps_avg_yearly": 0.22,
            "eps_latest_yearly": 0.08,
            "eps_growth_yearly": 743.33
        },
        "20073": {
            "year_quarter": 20073,
            "year": 2007,
            "quarter": 3,
            "eps": 0.11,
            "eps_growth_year": -8.33,
            "eps_4q": 0.13,
            "eps_4q_growth_year": 206.8,
            "roe": 0.87,
            "roe_4q": 1.07,
            "gross_profit": 10489,
            "gross_margin": 13.88,
            "gross_margin_4q_avg": 14.17,
            "net_income": 9898,
            "revenue": 75574,
            "common_shares": 900000,
            "book_valuer_per_share": 12.69,
            "book_valuer_per_share_4q_avg": 12.59,
            "equity": 1142200,
            "current_ratio": 646.01,
            "debt_ratio": 18.38,
            "inventory_turnover_ratio": 2.3,
            "account_receivable_turnover_ratio": null,
            "reinvestment_rate": null,
            "research_to_sale_ratio": null,
            "price_fair": 8.87,
            "eps_avg_yearly": 0.25,
            "eps_latest_yearly": 0.44,
            "eps_growth_yearly": 919.44
        },
        "20074": {
            "year_quarter": 20074,
            "year": 2007,
            "quarter": 4,
            "eps": -0.01,
            "eps_growth_year": null,
            "eps_4q": 0.13,
            "eps_4q_growth_year": 3915.45,
            "roe": -0.11,
            "roe_4q": 1.2,
            "gross_profit": 10872,
            "gross_margin": 14.62,
            "gross_margin_4q_avg": 17.37,
            "net_income": -1283,
            "revenue": 74374,
            "common_shares": 900000,
            "book_valuer_per_share": 12.68,
            "book_valuer_per_share_4q_avg": 12.63,
            "equity": 1175112,
            "current_ratio": 215.48,
            "debt_ratio": 25.96,
            "inventory_turnover_ratio": 1.83,
            "account_receivable_turnover_ratio": null,
            "reinvestment_rate": null,
            "research_to_sale_ratio": null,
            "price_fair": 8.87,
            "eps_avg_yearly": 0.25,
            "eps_latest_yearly": 0.44,
            "eps_growth_yearly": 919.44
        },
        "20081": {
            "year_quarter": 20081,
            "year": 2008,
            "quarter": 1,
            "eps": -0.03,
            "eps_growth_year": -200,
            "eps_4q": 0.06,
            "eps_4q_growth_year": -61.7,
            "roe": -0.31,
            "roe_4q": 0.64,
            "gross_profit": 11096,
            "gross_margin": 9.68,
            "gross_margin_4q_avg": 15.59,
            "net_income": -3670,
            "revenue": 114586,
            "common_shares": 900000,
            "book_valuer_per_share": 12.64,
            "book_valuer_per_share_4q_avg": 12.65,
            "equity": 1171441,
            "current_ratio": 235.91,
            "debt_ratio": 25.35,
            "inventory_turnover_ratio": 2.6,
            "account_receivable_turnover_ratio": null,
            "reinvestment_rate": null,
            "research_to_sale_ratio": null,
            "price_fair": 10.36,
            "eps_avg_yearly": 0.3,
            "eps_latest_yearly": 0.44,
            "eps_growth_yearly": 1143.33
        },
        "20082": {
            "year_quarter": 20082,
            "year": 2008,
            "quarter": 2,
            "eps": -0.15,
            "eps_growth_year": -850,
            "eps_4q": -0.09,
            "eps_4q_growth_year": -174.14,
            "roe": -0.89,
            "roe_4q": -0.44000000000000006,
            "gross_profit": 35910,
            "gross_margin": 25.86,
            "gross_margin_4q_avg": 16.01,
            "net_income": -10378,
            "revenue": 138852,
            "common_shares": 900000,
            "book_valuer_per_share": 12.49,
            "book_valuer_per_share_4q_avg": 12.63,
            "equity": 1161064,
            "current_ratio": 234.76,
            "debt_ratio": 25.93,
            "inventory_turnover_ratio": 2.82,
            "account_receivable_turnover_ratio": null,
            "reinvestment_rate": null,
            "research_to_sale_ratio": null,
            "price_fair": 9.1,
            "eps_avg_yearly": 0.26,
            "eps_latest_yearly": 0.44,
            "eps_growth_yearly": 429.17
        },
        "20083": {
            "year_quarter": 20083,
            "year": 2008,
            "quarter": 3,
            "eps": 0.21,
            "eps_growth_year": 90.91,
            "eps_4q": 0.02,
            "eps_4q_growth_year": -87.59,
            "roe": 1.49,
            "roe_4q": 0.18,
            "gross_profit": 29847,
            "gross_margin": 22.36,
            "gross_margin_4q_avg": 18.13,
            "net_income": 17287,
            "revenue": 133508,
            "common_shares": 900000,
            "book_valuer_per_share": 12.51,
            "book_valuer_per_share_4q_avg": 12.58,
            "equity": 1164532,
            "current_ratio": 264.54,
            "debt_ratio": 24.04,
            "inventory_turnover_ratio": 3.04,
            "account_receivable_turnover_ratio": null,
            "reinvestment_rate": null,
            "research_to_sale_ratio": null,
            "price_fair": 9.1,
            "eps_avg_yearly": 0.26,
            "eps_latest_yearly": 0.44,
            "eps_growth_yearly": 429.17
        },
        "20084": {
            "year_quarter": 20084,
            "year": 2008,
            "quarter": 4,
            "eps": 0.02,
            "eps_growth_year": null,
            "eps_4q": 0.02,
            "eps_4q_growth_year": -85.75,
            "roe": 0.39,
            "roe_4q": 0.6799999999999999,
            "gross_profit": 15824,
            "gross_margin": 14.39,
            "gross_margin_4q_avg": 18.07,
            "net_income": 4508,
            "revenue": 109998,
            "common_shares": 900000,
            "book_valuer_per_share": 12.51,
            "book_valuer_per_share_4q_avg": 12.54,
            "equity": 1163587,
            "current_ratio": 308.89,
            "debt_ratio": 22.26,
            "inventory_turnover_ratio": 3.14,
            "account_receivable_turnover_ratio": 2.67,
            "reinvestment_rate": null,
            "research_to_sale_ratio": null,
            "price_fair": 7.84,
            "eps_avg_yearly": 0.22,
            "eps_latest_yearly": 0.08,
            "eps_growth_yearly": 270.95
        },
        "20091": {
            "year_quarter": 20091,
            "year": 2009,
            "quarter": 1,
            "eps": -0.09,
            "eps_growth_year": null,
            "eps_4q": -0.01,
            "eps_4q_growth_year": -111.01,
            "roe": -0.72,
            "roe_4q": 0.27000000000000013,
            "gross_profit": 6388,
            "gross_margin": 7.12,
            "gross_margin_4q_avg": 17.43,
            "net_income": -8394,
            "revenue": 89662,
            "common_shares": 900000,
            "book_valuer_per_share": 12.45,
            "book_valuer_per_share_4q_avg": 12.49,
            "equity": 1157924,
            "current_ratio": 327.46,
            "debt_ratio": 21.99,
            "inventory_turnover_ratio": 3.71,
            "account_receivable_turnover_ratio": 1.16,
            "reinvestment_rate": 1276.42,
            "research_to_sale_ratio": null,
            "price_fair": 7.84,
            "eps_avg_yearly": 0.22,
            "eps_latest_yearly": 0.08,
            "eps_growth_yearly": 270.95
        },
        "20092": {
            "year_quarter": 20092,
            "year": 2009,
            "quarter": 2,
            "eps": -0.14,
            "eps_growth_year": null,
            "eps_4q": -0,
            "eps_4q_growth_year": null,
            "roe": -1.01,
            "roe_4q": 0.15000000000000013,
            "gross_profit": 25950,
            "gross_margin": 21.74,
            "gross_margin_4q_avg": 16.4,
            "net_income": -11681,
            "revenue": 119350,
            "common_shares": 900000,
            "book_valuer_per_share": 12.37,
            "book_valuer_per_share_4q_avg": 12.46,
            "equity": 1151198,
            "current_ratio": 300.37,
            "debt_ratio": 22.6,
            "inventory_turnover_ratio": 4.53,
            "account_receivable_turnover_ratio": 1.38,
            "reinvestment_rate": 1595.06,
            "research_to_sale_ratio": null,
            "price_fair": 7.84,
            "eps_avg_yearly": 0.22,
            "eps_latest_yearly": 0.08,
            "eps_growth_yearly": 270.95
        },
        "20093": {
            "year_quarter": 20093,
            "year": 2009,
            "quarter": 3,
            "eps": 0.21,
            "eps_growth_year": 0,
            "eps_4q": 0,
            "eps_4q_growth_year": -95.38,
            "roe": 1.87,
            "roe_4q": 0.5300000000000001,
            "gross_profit": 36813,
            "gross_margin": 26.42,
            "gross_margin_4q_avg": 17.42,
            "net_income": 21739,
            "revenue": 139349,
            "common_shares": 900000,
            "book_valuer_per_share": 12.63,
            "book_valuer_per_share_4q_avg": 12.49,
            "equity": 1176606,
            "current_ratio": 335.81,
            "debt_ratio": 21.99,
            "inventory_turnover_ratio": 4.76,
            "account_receivable_turnover_ratio": 1.25,
            "reinvestment_rate": 631.61,
            "research_to_sale_ratio": null,
            "price_fair": 7.84,
            "eps_avg_yearly": 0.22,
            "eps_latest_yearly": 0.08,
            "eps_growth_yearly": 270.95
        },
        "20094": {
            "year_quarter": 20094,
            "year": 2009,
            "quarter": 4,
            "eps": -0.15,
            "eps_growth_year": -850,
            "eps_4q": -0.16,
            "eps_4q_growth_year": -968.08,
            "roe": -0.91,
            "roe_4q": -0.7699999999999999,
            "gross_profit": 32919,
            "gross_margin": 25.54,
            "gross_margin_4q_avg": 20.21,
            "net_income": -10682,
            "revenue": 128884,
            "common_shares": 900000,
            "book_valuer_per_share": 12.53,
            "book_valuer_per_share_4q_avg": 12.5,
            "equity": 1170045,
            "current_ratio": 379.42,
            "debt_ratio": 22.16,
            "inventory_turnover_ratio": 4.65,
            "account_receivable_turnover_ratio": 2.29,
            "reinvestment_rate": 282.82,
            "research_to_sale_ratio": null,
            "price_fair": 9.45,
            "eps_avg_yearly": 0.27,
            "eps_latest_yearly": 0.08,
            "eps_growth_yearly": 426.19
        },
        "20101": {
            "year_quarter": 20101,
            "year": 2010,
            "quarter": 1,
            "eps": 0.12,
            "eps_growth_year": null,
            "eps_4q": 0.04,
            "eps_4q_growth_year": null,
            "roe": 1.06,
            "roe_4q": 1.01,
            "gross_profit": 29938,
            "gross_margin": 22.57,
            "gross_margin_4q_avg": 24.07,
            "net_income": 12524,
            "revenue": 132639,
            "common_shares": 900000,
            "book_valuer_per_share": 12.66,
            "book_valuer_per_share_4q_avg": 12.55,
            "equity": 1183461,
            "current_ratio": 390.49,
            "debt_ratio": 22.1,
            "inventory_turnover_ratio": 4.36,
            "account_receivable_turnover_ratio": 1.23,
            "reinvestment_rate": 1144.67,
            "research_to_sale_ratio": 1.32,
            "price_fair": 9.45,
            "eps_avg_yearly": 0.27,
            "eps_latest_yearly": 0.08,
            "eps_growth_yearly": 426.19
        },
        "20102": {
            "year_quarter": 20102,
            "year": 2010,
            "quarter": 2,
            "eps": 0.22,
            "eps_growth_year": null,
            "eps_4q": 0.41,
            "eps_4q_growth_year": null,
            "roe": 1.9,
            "roe_4q": 3.92,
            "gross_profit": 51767,
            "gross_margin": 28.62,
            "gross_margin_4q_avg": 25.79,
            "net_income": 22652,
            "revenue": 180854,
            "common_shares": 900000,
            "book_valuer_per_share": 12.83,
            "book_valuer_per_share_4q_avg": 12.66,
            "equity": 1196911,
            "current_ratio": 353.92,
            "debt_ratio": 22.2,
            "inventory_turnover_ratio": 4.62,
            "account_receivable_turnover_ratio": 1.47,
            "reinvestment_rate": 876.98,
            "research_to_sale_ratio": 1.54,
            "price_fair": 13.72,
            "eps_avg_yearly": 0.39,
            "eps_latest_yearly": 0.88,
            "eps_growth_yearly": 407.62
        },
        "20103": {
            "year_quarter": 20103,
            "year": 2010,
            "quarter": 3,
            "eps": 0.35,
            "eps_growth_year": 64.74,
            "eps_4q": 0.54,
            "eps_4q_growth_year": 69687.32,
            "roe": 2.61,
            "roe_4q": 4.66,
            "gross_profit": 42922,
            "gross_margin": 25.61,
            "gross_margin_4q_avg": 25.59,
            "net_income": 31714,
            "revenue": 167574,
            "common_shares": 900000,
            "book_valuer_per_share": 13.23,
            "book_valuer_per_share_4q_avg": 12.81,
            "equity": 1234243,
            "current_ratio": 419.61,
            "debt_ratio": 20.69,
            "inventory_turnover_ratio": 4.19,
            "account_receivable_turnover_ratio": 1.23,
            "reinvestment_rate": 601.89,
            "research_to_sale_ratio": 1.08,
            "price_fair": 20.16,
            "eps_avg_yearly": 0.58,
            "eps_latest_yearly": 1.4,
            "eps_growth_yearly": 374.89
        },
        "20104": {
            "year_quarter": 20104,
            "year": 2010,
            "quarter": 4,
            "eps": 0.32,
            "eps_growth_year": null,
            "eps_4q": 1.01,
            "eps_4q_growth_year": null,
            "roe": 2.45,
            "roe_4q": 8.020000000000001,
            "gross_profit": 45241,
            "gross_margin": 29.14,
            "gross_margin_4q_avg": 26.49,
            "net_income": 30640,
            "revenue": 155259,
            "common_shares": 900000,
            "book_valuer_per_share": 13.53,
            "book_valuer_per_share_4q_avg": 13.06,
            "equity": 1262498,
            "current_ratio": 426.36,
            "debt_ratio": 20.91,
            "inventory_turnover_ratio": 3.45,
            "account_receivable_turnover_ratio": 1.23,
            "reinvestment_rate": 77.89,
            "research_to_sale_ratio": 2.14,
            "price_fair": 24.27,
            "eps_avg_yearly": 0.69,
            "eps_latest_yearly": 1.28,
            "eps_growth_yearly": 306.7
        },
        "20111": {
            "year_quarter": 20111,
            "year": 2011,
            "quarter": 1,
            "eps": 0.22,
            "eps_growth_year": 83.33,
            "eps_4q": 1.11,
            "eps_4q_growth_year": 2372.79,
            "roe": 1.69,
            "roe_4q": 8.65,
            "gross_profit": 39987,
            "gross_margin": 27.23,
            "gross_margin_4q_avg": 27.65,
            "net_income": 21472,
            "revenue": 146838,
            "common_shares": 900000,
            "book_valuer_per_share": 13.74,
            "book_valuer_per_share_4q_avg": 13.33,
            "equity": 1283603,
            "current_ratio": 498.05,
            "debt_ratio": 19.93,
            "inventory_turnover_ratio": 2.68,
            "account_receivable_turnover_ratio": 1.24,
            "reinvestment_rate": 334.21,
            "research_to_sale_ratio": 1.57,
            "price_fair": 25.2,
            "eps_avg_yearly": 0.72,
            "eps_latest_yearly": 0.88,
            "eps_growth_yearly": 245.02
        },
        "20112": {
            "year_quarter": 20112,
            "year": 2011,
            "quarter": 2,
            "eps": 0.32,
            "eps_growth_year": 45.65,
            "eps_4q": 1.21,
            "eps_4q_growth_year": 196.37,
            "roe": 2.36,
            "roe_4q": 9.11,
            "gross_profit": 52308,
            "gross_margin": 28.1,
            "gross_margin_4q_avg": 27.52,
            "net_income": 30400,
            "revenue": 186120,
            "common_shares": 900000,
            "book_valuer_per_share": 13.9,
            "book_valuer_per_share_4q_avg": 13.6,
            "equity": 1293162,
            "current_ratio": 439.33,
            "debt_ratio": 21.13,
            "inventory_turnover_ratio": 3.26,
            "account_receivable_turnover_ratio": 1.46,
            "reinvestment_rate": 205.58,
            "research_to_sale_ratio": 1.41,
            "price_fair": 31.2,
            "eps_avg_yearly": 0.89,
            "eps_latest_yearly": 1.28,
            "eps_growth_yearly": 290.05
        },
        "20113": {
            "year_quarter": 20113,
            "year": 2011,
            "quarter": 3,
            "eps": 0.3,
            "eps_growth_year": -13.26,
            "eps_4q": 1.16,
            "eps_4q_growth_year": 115.04,
            "roe": 2.17,
            "roe_4q": 8.669999999999998,
            "gross_profit": 45236,
            "gross_margin": 26.92,
            "gross_margin_4q_avg": 27.85,
            "net_income": 28294,
            "revenue": 168018,
            "common_shares": 900000,
            "book_valuer_per_share": 14.11,
            "book_valuer_per_share_4q_avg": 13.82,
            "equity": 1314118,
            "current_ratio": 591.9,
            "debt_ratio": 19.02,
            "inventory_turnover_ratio": 3.58,
            "account_receivable_turnover_ratio": 1.2,
            "reinvestment_rate": 183.81,
            "research_to_sale_ratio": 1.57,
            "price_fair": 35,
            "eps_avg_yearly": 1,
            "eps_latest_yearly": 1.2,
            "eps_growth_yearly": 29.33
        },
        "20114": {
            "year_quarter": 20114,
            "year": 2011,
            "quarter": 4,
            "eps": 0.22,
            "eps_growth_year": -29.96,
            "eps_4q": 1.06,
            "eps_4q_growth_year": 5.77,
            "roe": 1.61,
            "roe_4q": 7.83,
            "gross_profit": 41806,
            "gross_margin": 26.98,
            "gross_margin_4q_avg": 27.31,
            "net_income": 21291,
            "revenue": 154923,
            "common_shares": 900000,
            "book_valuer_per_share": 14.34,
            "book_valuer_per_share_4q_avg": 14.02,
            "equity": 1335713,
            "current_ratio": 703.79,
            "debt_ratio": 18.17,
            "inventory_turnover_ratio": 3.8,
            "account_receivable_turnover_ratio": 1.18,
            "reinvestment_rate": 30.29,
            "research_to_sale_ratio": 1.41,
            "price_fair": 22,
            "eps_avg_yearly": 0.99,
            "eps_latest_yearly": 0.88,
            "eps_growth_yearly": 12.33
        },
        "20121": {
            "year_quarter": 20121,
            "year": 2012,
            "quarter": 1,
            "eps": 0.16,
            "eps_growth_year": -27.27,
            "eps_4q": 1,
            "eps_4q_growth_year": -9.3,
            "roe": 1.13,
            "roe_4q": 7.27,
            "gross_profit": 34487,
            "gross_margin": 24.37,
            "gross_margin_4q_avg": 26.59,
            "net_income": 15211,
            "revenue": 141502,
            "common_shares": 900000,
            "book_valuer_per_share": 14.53,
            "book_valuer_per_share_4q_avg": 14.22,
            "equity": 1354080,
            "current_ratio": 754.16,
            "debt_ratio": 18.11,
            "inventory_turnover_ratio": 4.03,
            "account_receivable_turnover_ratio": 1.17,
            "reinvestment_rate": 37.23,
            "research_to_sale_ratio": 1.39,
            "price_fair": 2.84,
            "eps_avg_yearly": 0.95,
            "eps_latest_yearly": 0.64,
            "eps_growth_yearly": -1.16
        },
        "20122": {
            "year_quarter": 20122,
            "year": 2012,
            "quarter": 2,
            "eps": 0.48,
            "eps_growth_year": 49.54,
            "eps_4q": 1.16,
            "eps_4q_growth_year": -3.7,
            "roe": 3.47,
            "roe_4q": 8.379999999999999,
            "gross_profit": 67544,
            "gross_margin": 35.58,
            "gross_margin_4q_avg": 28.46,
            "net_income": 46212,
            "revenue": 189817,
            "common_shares": 900000,
            "book_valuer_per_share": 14.1,
            "book_valuer_per_share_4q_avg": 14.27,
            "equity": 1312184,
            "current_ratio": 412.04,
            "debt_ratio": 23.28,
            "inventory_turnover_ratio": 4.49,
            "account_receivable_turnover_ratio": 1.43,
            "reinvestment_rate": 24.93,
            "research_to_sale_ratio": 1.65,
            "price_fair": 36.54,
            "eps_avg_yearly": 1.04,
            "eps_latest_yearly": 1.92,
            "eps_growth_yearly": 78.96
        },
        "20123": {
            "year_quarter": 20123,
            "year": 2012,
            "quarter": 3,
            "eps": 0.39,
            "eps_growth_year": 30.56,
            "eps_4q": 1.25,
            "eps_4q_growth_year": 8.01,
            "roe": 2.86,
            "roe_4q": 9.07,
            "gross_profit": 57846,
            "gross_margin": 31.98,
            "gross_margin_4q_avg": 29.73,
            "net_income": 38053,
            "revenue": 180906,
            "common_shares": 900000,
            "book_valuer_per_share": 14.49,
            "book_valuer_per_share_4q_avg": 14.37,
            "equity": 1350163,
            "current_ratio": 707.11,
            "debt_ratio": 18.72,
            "inventory_turnover_ratio": 4.63,
            "account_receivable_turnover_ratio": 1.22,
            "reinvestment_rate": 35.03,
            "research_to_sale_ratio": 1.52,
            "price_fair": 38.18,
            "eps_avg_yearly": 1.09,
            "eps_latest_yearly": 1.56,
            "eps_growth_yearly": 64.96
        },
        "20124": {
            "year_quarter": 20124,
            "year": 2012,
            "quarter": 4,
            "eps": 0.25,
            "eps_growth_year": 10.9,
            "eps_4q": 1.28,
            "eps_4q_growth_year": 20.03,
            "roe": 1.73,
            "roe_4q": 9.190000000000001,
            "gross_profit": 41945,
            "gross_margin": 29.05,
            "gross_margin_4q_avg": 30.25,
            "net_income": 23606,
            "revenue": 144391,
            "common_shares": 900000,
            "book_valuer_per_share": 14.73,
            "book_valuer_per_share_4q_avg": 14.46,
            "equity": 1373566,
            "current_ratio": 863.09,
            "debt_ratio": 17.76,
            "inventory_turnover_ratio": 4.12,
            "account_receivable_turnover_ratio": 1.13,
            "reinvestment_rate": 36.17,
            "research_to_sale_ratio": 1.48,
            "price_fair": 41.11,
            "eps_avg_yearly": 1.17,
            "eps_latest_yearly": 1,
            "eps_growth_yearly": 84.81
        },
        "20131": {
            "year_quarter": 20131,
            "year": 2013,
            "quarter": 1,
            "eps": 0.21,
            "eps_growth_year": 31.25,
            "eps_4q": 1.33,
            "eps_4q_growth_year": 32.37,
            "roe": 1.41,
            "roe_4q": 9.47,
            "gross_profit": 35971,
            "gross_margin": 25.92,
            "gross_margin_4q_avg": 30.63,
            "net_income": 19526,
            "revenue": 138784,
            "common_shares": 900000,
            "book_valuer_per_share": 15.01,
            "book_valuer_per_share_4q_avg": 14.58,
            "equity": 1398752,
            "current_ratio": 933.96,
            "debt_ratio": 16.9,
            "inventory_turnover_ratio": 4.26,
            "account_receivable_turnover_ratio": 1.31,
            "reinvestment_rate": -186.27,
            "research_to_sale_ratio": 1.65,
            "price_fair": 40.13,
            "eps_avg_yearly": 1.15,
            "eps_latest_yearly": 0.84,
            "eps_growth_yearly": 72.41
        },
        "20132": {
            "year_quarter": 20132,
            "year": 2013,
            "quarter": 2,
            "eps": 0.31,
            "eps_growth_year": -35.22,
            "eps_4q": 1.16,
            "eps_4q_growth_year": 0.2,
            "roe": 2.19,
            "roe_4q": 8.19,
            "gross_profit": 49186,
            "gross_margin": 30.76,
            "gross_margin_4q_avg": 29.43,
            "net_income": 29660,
            "revenue": 159889,
            "common_shares": 900000,
            "book_valuer_per_share": 14.11,
            "book_valuer_per_share_4q_avg": 14.59,
            "equity": 1312409,
            "current_ratio": 387.47,
            "debt_ratio": 24.03,
            "inventory_turnover_ratio": 4.55,
            "account_receivable_turnover_ratio": 1.47,
            "reinvestment_rate": -163.62,
            "research_to_sale_ratio": 1.49,
            "price_fair": 40.38,
            "eps_avg_yearly": 1.15,
            "eps_latest_yearly": 1.24,
            "eps_growth_yearly": 81.49
        },
        "20133": {
            "year_quarter": 20133,
            "year": 2013,
            "quarter": 3,
            "eps": 0.32,
            "eps_growth_year": -18.32,
            "eps_4q": 1.1,
            "eps_4q_growth_year": -12.55,
            "roe": 2.22,
            "roe_4q": 7.550000000000001,
            "gross_profit": 50194,
            "gross_margin": 32.44,
            "gross_margin_4q_avg": 29.54,
            "net_income": 29423,
            "revenue": 154710,
            "common_shares": 900000,
            "book_valuer_per_share": 14.46,
            "book_valuer_per_share_4q_avg": 14.58,
            "equity": 1343904,
            "current_ratio": 715.94,
            "debt_ratio": 18.57,
            "inventory_turnover_ratio": 4.01,
            "account_receivable_turnover_ratio": 1.36,
            "reinvestment_rate": -153.52,
            "research_to_sale_ratio": 1.48,
            "price_fair": 40.7,
            "eps_avg_yearly": 1.16,
            "eps_latest_yearly": 1.28,
            "eps_growth_yearly": 76.59
        },
        "20134": {
            "year_quarter": 20134,
            "year": 2013,
            "quarter": 4,
            "eps": 0.23,
            "eps_growth_year": -7.3,
            "eps_4q": 1.08,
            "eps_4q_growth_year": -15.64,
            "roe": 1.71,
            "roe_4q": 7.53,
            "gross_profit": 42240,
            "gross_margin": 28.18,
            "gross_margin_4q_avg": 29.33,
            "net_income": 23142,
            "revenue": 149912,
            "common_shares": 900000,
            "book_valuer_per_share": 14.69,
            "book_valuer_per_share_4q_avg": 14.57,
            "equity": 1367777,
            "current_ratio": 793.27,
            "debt_ratio": 17.95,
            "inventory_turnover_ratio": 4.2,
            "account_receivable_turnover_ratio": 1.33,
            "reinvestment_rate": -192.29,
            "research_to_sale_ratio": 1.49,
            "price_fair": 40.13,
            "eps_avg_yearly": 1.15,
            "eps_latest_yearly": 0.92,
            "eps_growth_yearly": 63.98
        },
        "20141": {
            "year_quarter": 20141,
            "year": 2014,
            "quarter": 1,
            "eps": 0.17,
            "eps_growth_year": -19.05,
            "eps_4q": 1.04,
            "eps_4q_growth_year": -22,
            "roe": 1.18,
            "roe_4q": 7.299999999999999,
            "gross_profit": 36346,
            "gross_margin": 26.18,
            "gross_margin_4q_avg": 29.39,
            "net_income": 16175,
            "revenue": 138853,
            "common_shares": 900000,
            "book_valuer_per_share": 14.86,
            "book_valuer_per_share_4q_avg": 14.53,
            "equity": 1383811,
            "current_ratio": 729.15,
            "debt_ratio": 18.33,
            "inventory_turnover_ratio": 3.8,
            "account_receivable_turnover_ratio": 1.24,
            "reinvestment_rate": -188.28,
            "research_to_sale_ratio": 1.78,
            "price_fair": 39.11,
            "eps_avg_yearly": 1.12,
            "eps_latest_yearly": 0.68,
            "eps_growth_yearly": 53.46
        },
        "20142": {
            "year_quarter": 20142,
            "year": 2014,
            "quarter": 2,
            "eps": 0.28,
            "eps_growth_year": -9.68,
            "eps_4q": 1,
            "eps_4q_growth_year": -14.11,
            "roe": 1.95,
            "roe_4q": 7.0600000000000005,
            "gross_profit": 52201,
            "gross_margin": 30.27,
            "gross_margin_4q_avg": 29.27,
            "net_income": 26458,
            "revenue": 172470,
            "common_shares": 900000,
            "book_valuer_per_share": 14.24,
            "book_valuer_per_share_4q_avg": 14.56,
            "equity": 1324757,
            "current_ratio": 414.42,
            "debt_ratio": 23.31,
            "inventory_turnover_ratio": 3.57,
            "account_receivable_turnover_ratio": 1.41,
            "reinvestment_rate": -199.93,
            "research_to_sale_ratio": 1.47,
            "price_fair": 39.64,
            "eps_avg_yearly": 1.13,
            "eps_latest_yearly": 1.12,
            "eps_growth_yearly": 48.81
        },
        "20143": {
            "year_quarter": 20143,
            "year": 2014,
            "quarter": 3,
            "eps": 0.42,
            "eps_growth_year": 31.25,
            "eps_4q": 1.37,
            "eps_4q_growth_year": 24.68,
            "roe": 3.23,
            "roe_4q": 8.07,
            "gross_profit": 61547,
            "gross_margin": 34.67,
            "gross_margin_4q_avg": 29.83,
            "net_income": 40481,
            "revenue": 177499,
            "common_shares": 720000,
            "book_valuer_per_share": 15.8,
            "book_valuer_per_share_4q_avg": 14.9,
            "equity": 1184367,
            "current_ratio": 286.72,
            "debt_ratio": 28.8,
            "inventory_turnover_ratio": 3.09,
            "account_receivable_turnover_ratio": 1.28,
            "reinvestment_rate": -204.03,
            "research_to_sale_ratio": 1.34,
            "price_fair": 40.25,
            "eps_avg_yearly": 1.15,
            "eps_latest_yearly": 1.68,
            "eps_growth_yearly": 46.53
        },
        "20144": {
            "year_quarter": 20144,
            "year": 2014,
            "quarter": 4,
            "eps": 0.37,
            "eps_growth_year": 59.81,
            "eps_4q": 1.45,
            "eps_4q_growth_year": 34.21,
            "roe": 2.38,
            "roe_4q": 8.74,
            "gross_profit": 49995,
            "gross_margin": 33.62,
            "gross_margin_4q_avg": 31.19,
            "net_income": 28517,
            "revenue": 148691,
            "common_shares": 720000,
            "book_valuer_per_share": 16.21,
            "book_valuer_per_share_4q_avg": 15.28,
            "equity": 1215419,
            "current_ratio": 698.44,
            "debt_ratio": 19.23,
            "inventory_turnover_ratio": 3,
            "account_receivable_turnover_ratio": 1.14,
            "reinvestment_rate": -207.08,
            "research_to_sale_ratio": 1.28,
            "price_fair": 40.69,
            "eps_avg_yearly": 1.16,
            "eps_latest_yearly": 1.48,
            "eps_growth_yearly": 45.7
        },
        "20151": {
            "year_quarter": 20151,
            "year": 2015,
            "quarter": 1,
            "eps": 0.3,
            "eps_growth_year": 76.47,
            "eps_4q": 1.54,
            "eps_4q_growth_year": 48.6,
            "roe": 1.95,
            "roe_4q": 9.51,
            "gross_profit": 46965,
            "gross_margin": 32.88,
            "gross_margin_4q_avg": 32.86,
            "net_income": 23923,
            "revenue": 142816,
            "common_shares": 720000,
            "book_valuer_per_share": 16.49,
            "book_valuer_per_share_4q_avg": 15.69,
            "equity": 1238420,
            "current_ratio": 684.96,
            "debt_ratio": 19.29,
            "inventory_turnover_ratio": 3.37,
            "account_receivable_turnover_ratio": 1.24,
            "reinvestment_rate": -204.27,
            "research_to_sale_ratio": 1.4,
            "price_fair": 41.39,
            "eps_avg_yearly": 1.18,
            "eps_latest_yearly": 1.2,
            "eps_growth_yearly": 48.78
        },
        "20152": {
            "year_quarter": 20152,
            "year": 2015,
            "quarter": 2,
            "eps": 0.52,
            "eps_growth_year": 85.71,
            "eps_4q": 1.71,
            "eps_4q_growth_year": 70.85,
            "roe": 3.33,
            "roe_4q": 10.89,
            "gross_profit": 67272,
            "gross_margin": 37.98,
            "gross_margin_4q_avg": 34.79,
            "net_income": 40327,
            "revenue": 177146,
            "common_shares": 720000,
            "book_valuer_per_share": 15.79,
            "book_valuer_per_share_4q_avg": 16.07,
            "equity": 1183611,
            "current_ratio": 358.85,
            "debt_ratio": 25.56,
            "inventory_turnover_ratio": 3.65,
            "account_receivable_turnover_ratio": 1.4,
            "reinvestment_rate": -196.49,
            "research_to_sale_ratio": 1.2,
            "price_fair": 43.14,
            "eps_avg_yearly": 1.23,
            "eps_latest_yearly": 2.08,
            "eps_growth_yearly": 55.75
        },
        "20153": {
            "year_quarter": 20153,
            "year": 2015,
            "quarter": 3,
            "eps": 0.47,
            "eps_growth_year": 11.9,
            "eps_4q": 1.66,
            "eps_4q_growth_year": 21.26,
            "roe": 3,
            "roe_4q": 10.66,
            "gross_profit": 57540,
            "gross_margin": 36.85,
            "gross_margin_4q_avg": 35.33,
            "net_income": 35979,
            "revenue": 156140,
            "common_shares": 720000,
            "book_valuer_per_share": 16.22,
            "book_valuer_per_share_4q_avg": 16.18,
            "equity": 1216509,
            "current_ratio": 665.93,
            "debt_ratio": 19.76,
            "inventory_turnover_ratio": 3.11,
            "account_receivable_turnover_ratio": 1.22,
            "reinvestment_rate": -192.15,
            "research_to_sale_ratio": 1.35,
            "price_fair": 44.63,
            "eps_avg_yearly": 1.28,
            "eps_latest_yearly": 1.88,
            "eps_growth_yearly": 54.91
        },
        "20154": {
            "year_quarter": 20154,
            "year": 2015,
            "quarter": 4,
            "eps": 0.35,
            "eps_growth_year": -5.71,
            "eps_4q": 1.64,
            "eps_4q_growth_year": 13.09,
            "roe": 2.32,
            "roe_4q": 10.6,
            "gross_profit": 59561,
            "gross_margin": 38.66,
            "gross_margin_4q_avg": 36.59,
            "net_income": 28466,
            "revenue": 154060,
            "common_shares": 720000,
            "book_valuer_per_share": 16.53,
            "book_valuer_per_share_4q_avg": 16.26,
            "equity": 1242208,
            "current_ratio": 686.08,
            "debt_ratio": 18.73,
            "inventory_turnover_ratio": 3.24,
            "account_receivable_turnover_ratio": 1.36,
            "reinvestment_rate": -189.56,
            "research_to_sale_ratio": 1.28,
            "price_fair": 45.76,
            "eps_avg_yearly": 1.31,
            "eps_latest_yearly": 1.4,
            "eps_growth_yearly": 55.2
        },
        "20161": {
            "year_quarter": 20161,
            "year": 2016,
            "quarter": 1,
            "eps": 0.4,
            "eps_growth_year": 33.33,
            "eps_4q": 1.74,
            "eps_4q_growth_year": 12.85,
            "roe": 2.54,
            "roe_4q": 11.19,
            "gross_profit": 59266,
            "gross_margin": 39.55,
            "gross_margin_4q_avg": 38.26,
            "net_income": 31915,
            "revenue": 149850,
            "common_shares": 720000,
            "book_valuer_per_share": 16.92,
            "book_valuer_per_share_4q_avg": 16.37,
            "equity": 1273858,
            "current_ratio": 675.07,
            "debt_ratio": 18.59,
            "inventory_turnover_ratio": 3.43,
            "account_receivable_turnover_ratio": 1.37,
            "reinvestment_rate": -181.62,
            "research_to_sale_ratio": 1.4,
            "price_fair": 47.86,
            "eps_avg_yearly": 1.37,
            "eps_latest_yearly": 1.6,
            "eps_growth_yearly": 65.58
        },
        "20162": {
            "year_quarter": 20162,
            "year": 2016,
            "quarter": 2,
            "eps": 0.46,
            "eps_growth_year": -11.54,
            "eps_4q": 1.68,
            "eps_4q_growth_year": -1.9,
            "roe": 2.94,
            "roe_4q": 10.8,
            "gross_profit": 63488,
            "gross_margin": 38.95,
            "gross_margin_4q_avg": 38.5,
            "net_income": 36443,
            "revenue": 163002,
            "common_shares": 720000,
            "book_valuer_per_share": 16.08,
            "book_valuer_per_share_4q_avg": 16.44,
            "equity": 1207826,
            "current_ratio": 372.29,
            "debt_ratio": 24.04,
            "inventory_turnover_ratio": 4.36,
            "account_receivable_turnover_ratio": 1.4,
            "reinvestment_rate": -176.35,
            "research_to_sale_ratio": 1.33,
            "price_fair": 39.97,
            "eps_avg_yearly": 1.36,
            "eps_latest_yearly": 1.84,
            "eps_growth_yearly": 19.33
        },
        "20163": {
            "year_quarter": 20163,
            "year": 2016,
            "quarter": 3,
            "eps": 0.33,
            "eps_growth_year": -29.79,
            "eps_4q": 1.53,
            "eps_4q_growth_year": -7.46,
            "roe": 2.16,
            "roe_4q": 9.959999999999999,
            "gross_profit": 54036,
            "gross_margin": 37.56,
            "gross_margin_4q_avg": 38.68,
            "net_income": 26298,
            "revenue": 143847,
            "common_shares": 720000,
            "book_valuer_per_share": 16.39,
            "book_valuer_per_share_4q_avg": 16.48,
            "equity": 1232815,
            "current_ratio": 734.85,
            "debt_ratio": 18.01,
            "inventory_turnover_ratio": 4.38,
            "account_receivable_turnover_ratio": 1.23,
            "reinvestment_rate": -187.48,
            "research_to_sale_ratio": 1.55,
            "price_fair": 36.32,
            "eps_avg_yearly": 1.35,
            "eps_latest_yearly": 1.32,
            "eps_growth_yearly": 16.96
        },
        "20164": {
            "year_quarter": 20164,
            "year": 2016,
            "quarter": 4,
            "eps": 0.44,
            "eps_growth_year": 26.82,
            "eps_4q": 1.63,
            "eps_4q_growth_year": -0.58,
            "roe": 2.79,
            "roe_4q": 10.43,
            "gross_profit": 54809,
            "gross_margin": 38.29,
            "gross_margin_4q_avg": 38.59,
            "net_income": 34923,
            "revenue": 143130,
            "common_shares": 720000,
            "book_valuer_per_share": 16.84,
            "book_valuer_per_share_4q_avg": 16.56,
            "equity": 1268341,
            "current_ratio": 735.35,
            "debt_ratio": 17.93,
            "inventory_turnover_ratio": 4.42,
            "account_receivable_turnover_ratio": 1.32,
            "reinvestment_rate": -181,
            "research_to_sale_ratio": 1.29,
            "price_fair": 48.83,
            "eps_avg_yearly": 1.4,
            "eps_latest_yearly": 1.76,
            "eps_growth_yearly": 34.26
        },
        "20171": {
            "year_quarter": 20171,
            "year": 2017,
            "quarter": 1,
            "eps": 0.22,
            "eps_growth_year": -45,
            "eps_4q": 1.44,
            "eps_4q_growth_year": -16.77,
            "roe": 1.45,
            "roe_4q": 9.34,
            "gross_profit": 47707,
            "gross_margin": 35.93,
            "gross_margin_4q_avg": 37.68,
            "net_income": 18549,
            "revenue": 132777,
            "common_shares": 720000,
            "book_valuer_per_share": 17.1,
            "book_valuer_per_share_4q_avg": 16.6,
            "equity": 1289742,
            "current_ratio": 804.64,
            "debt_ratio": 17.4,
            "inventory_turnover_ratio": 4.3,
            "account_receivable_turnover_ratio": 1.3,
            "reinvestment_rate": -22.05,
            "research_to_sale_ratio": 1.55,
            "price_fair": 48.91,
            "eps_avg_yearly": 1.4,
            "eps_latest_yearly": 0.88,
            "eps_growth_yearly": 25.76
        },
        "20172": {
            "year_quarter": 20172,
            "year": 2017,
            "quarter": 2,
            "eps": 0.41,
            "eps_growth_year": -10.87,
            "eps_4q": 1.4,
            "eps_4q_growth_year": -16.54,
            "roe": 2.56,
            "roe_4q": 8.96,
            "gross_profit": 55839,
            "gross_margin": 39.74,
            "gross_margin_4q_avg": 37.88,
            "net_income": 31945,
            "revenue": 140494,
            "common_shares": 720000,
            "book_valuer_per_share": 16.05,
            "book_valuer_per_share_4q_avg": 16.6,
            "equity": 1205280,
            "current_ratio": 399.73,
            "debt_ratio": 23.84,
            "inventory_turnover_ratio": 4.31,
            "account_receivable_turnover_ratio": 1.42,
            "reinvestment_rate": -24.24,
            "research_to_sale_ratio": 1.39,
            "price_fair": 49.79,
            "eps_avg_yearly": 1.42,
            "eps_latest_yearly": 1.64,
            "eps_growth_yearly": 35.45
        },
        "20173": {
            "year_quarter": 20173,
            "year": 2017,
            "quarter": 3,
            "eps": 0.32,
            "eps_growth_year": -3.03,
            "eps_4q": 1.39,
            "eps_4q_growth_year": -9.3,
            "roe": 2.09,
            "roe_4q": 8.89,
            "gross_profit": 48552,
            "gross_margin": 36.54,
            "gross_margin_4q_avg": 37.63,
            "net_income": 25441,
            "revenue": 132881,
            "common_shares": 720000,
            "book_valuer_per_share": 16.38,
            "book_valuer_per_share_4q_avg": 16.59,
            "equity": 1231386,
            "current_ratio": 906.85,
            "debt_ratio": 17.26,
            "inventory_turnover_ratio": 4.35,
            "account_receivable_turnover_ratio": 1.32,
            "reinvestment_rate": -26.66,
            "research_to_sale_ratio": 1.58,
            "price_fair": 49.79,
            "eps_avg_yearly": 1.42,
            "eps_latest_yearly": 1.28,
            "eps_growth_yearly": 29.16
        },
        "20174": {
            "year_quarter": 20174,
            "year": 2017,
            "quarter": 4,
            "eps": 0.33,
            "eps_growth_year": -24.23,
            "eps_4q": 1.28,
            "eps_4q_growth_year": -21.04,
            "roe": 2.09,
            "roe_4q": 8.19,
            "gross_profit": 49260,
            "gross_margin": 38.76,
            "gross_margin_4q_avg": 37.74,
            "net_income": 26070,
            "revenue": 127100,
            "common_shares": 720000,
            "book_valuer_per_share": 16.74,
            "book_valuer_per_share_4q_avg": 16.57,
            "equity": 1259059,
            "current_ratio": 807.93,
            "debt_ratio": 17.65,
            "inventory_turnover_ratio": 3.88,
            "account_receivable_turnover_ratio": 1.29,
            "reinvestment_rate": -22.91,
            "research_to_sale_ratio": 1.49,
            "price_fair": 50.66,
            "eps_avg_yearly": 1.45,
            "eps_latest_yearly": 1.32,
            "eps_growth_yearly": 36.97
        },
        "20181": {
            "year_quarter": 20181,
            "year": 2018,
            "quarter": 1,
            "eps": 0.25,
            "eps_growth_year": 13.64,
            "eps_4q": 1.32,
            "eps_4q_growth_year": -8.94,
            "roe": 1.54,
            "roe_4q": 8.28,
            "gross_profit": 47825,
            "gross_margin": 38.9,
            "gross_margin_4q_avg": 38.49,
            "net_income": 19532,
            "revenue": 122940,
            "common_shares": 720000,
            "book_valuer_per_share": 16.97,
            "book_valuer_per_share_4q_avg": 16.54,
            "equity": 1277216,
            "current_ratio": 919.53,
            "debt_ratio": 16.94,
            "inventory_turnover_ratio": 3.86,
            "account_receivable_turnover_ratio": 1.35,
            "reinvestment_rate": -31.76,
            "research_to_sale_ratio": 1.59,
            "price_fair": 51.36,
            "eps_avg_yearly": 1.47,
            "eps_latest_yearly": 1,
            "eps_growth_yearly": 37.43
        },
        "20182": {
            "year_quarter": 20182,
            "year": 2018,
            "quarter": 2,
            "eps": 0.48,
            "eps_growth_year": 17.07,
            "eps_4q": 1.39,
            "eps_4q_growth_year": -0.72,
            "roe": 3.01,
            "roe_4q": 8.73,
            "gross_profit": 56081,
            "gross_margin": 39.23,
            "gross_margin_4q_avg": 38.36,
            "net_income": 37287,
            "revenue": 142943,
            "common_shares": 720000,
            "book_valuer_per_share": 16.04,
            "book_valuer_per_share_4q_avg": 16.53,
            "equity": 1202861,
            "current_ratio": 378.83,
            "debt_ratio": 24.74,
            "inventory_turnover_ratio": 4.38,
            "account_receivable_turnover_ratio": 1.49,
            "reinvestment_rate": -27.52,
            "research_to_sale_ratio": 1.69,
            "price_fair": 53.11,
            "eps_avg_yearly": 1.52,
            "eps_latest_yearly": 1.92,
            "eps_growth_yearly": 44.25
        },
        "20183": {
            "year_quarter": 20183,
            "year": 2018,
            "quarter": 3,
            "eps": 0.36,
            "eps_growth_year": 12.5,
            "eps_4q": 1.43,
            "eps_4q_growth_year": 2.58,
            "roe": 2.27,
            "roe_4q": 8.91,
            "gross_profit": 46345,
            "gross_margin": 38.12,
            "gross_margin_4q_avg": 38.75,
            "net_income": 27657,
            "revenue": 121585,
            "common_shares": 720000,
            "book_valuer_per_share": 16.4,
            "book_valuer_per_share_4q_avg": 16.54,
            "equity": 1230975,
            "current_ratio": 748.11,
            "debt_ratio": 18.23,
            "inventory_turnover_ratio": 3.26,
            "account_receivable_turnover_ratio": 1.27,
            "reinvestment_rate": -24.96,
            "research_to_sale_ratio": 1.62,
            "price_fair": 52.59,
            "eps_avg_yearly": 1.5,
            "eps_latest_yearly": 1.44,
            "eps_growth_yearly": 25.5
        },
        "20184": {
            "year_quarter": 20184,
            "year": 2018,
            "quarter": 4,
            "eps": 0.35,
            "eps_growth_year": 4.68,
            "eps_4q": 1.44,
            "eps_4q_growth_year": 12.31,
            "roe": 2.16,
            "roe_4q": 8.98,
            "gross_profit": 44757,
            "gross_margin": 37.77,
            "gross_margin_4q_avg": 38.51,
            "net_income": 26910,
            "revenue": 118514,
            "common_shares": 720000,
            "book_valuer_per_share": 16.77,
            "book_valuer_per_share_4q_avg": 16.55,
            "equity": 1258943,
            "current_ratio": 836.33,
            "debt_ratio": 17.55,
            "inventory_turnover_ratio": 2.68,
            "account_receivable_turnover_ratio": 1.44,
            "reinvestment_rate": -24.96,
            "research_to_sale_ratio": 1.55,
            "price_fair": 52.41,
            "eps_avg_yearly": 1.5,
            "eps_latest_yearly": 1.4,
            "eps_growth_yearly": 27.79
        },
        "20191": {
            "year_quarter": 20191,
            "year": 2019,
            "quarter": 1,
            "eps": 0.2,
            "eps_growth_year": -20,
            "eps_4q": 1.39,
            "eps_4q_growth_year": 5.79,
            "roe": 1.19,
            "roe_4q": 8.629999999999999,
            "gross_profit": 34224,
            "gross_margin": 35.52,
            "gross_margin_4q_avg": 37.66,
            "net_income": 15051,
            "revenue": 96340,
            "common_shares": 720000,
            "book_valuer_per_share": 16.97,
            "book_valuer_per_share_4q_avg": 16.55,
            "equity": 1273878,
            "current_ratio": 1035.17,
            "debt_ratio": 16.45,
            "inventory_turnover_ratio": 2.09,
            "account_receivable_turnover_ratio": 1.39,
            "reinvestment_rate": -27.81,
            "research_to_sale_ratio": 1.96,
            "price_fair": 46.83,
            "eps_avg_yearly": 1.47,
            "eps_latest_yearly": 0.8,
            "eps_growth_yearly": 21.8
        },
        "20192": {
            "year_quarter": 20192,
            "year": 2019,
            "quarter": 2,
            "eps": 0.27,
            "eps_growth_year": -43.75,
            "eps_4q": 1.18,
            "eps_4q_growth_year": -14.9,
            "roe": 1.59,
            "roe_4q": 7.210000000000001,
            "gross_profit": 37676,
            "gross_margin": 36.24,
            "gross_margin_4q_avg": 36.91,
            "net_income": 19615,
            "revenue": 103976,
            "common_shares": 720000,
            "book_valuer_per_share": 15.96,
            "book_valuer_per_share_4q_avg": 16.53,
            "equity": 1194865,
            "current_ratio": 482.4,
            "debt_ratio": 22.17,
            "inventory_turnover_ratio": 2.39,
            "account_receivable_turnover_ratio": 1.61,
            "reinvestment_rate": -28.46,
            "research_to_sale_ratio": 1.7,
            "price_fair": 31.33,
            "eps_avg_yearly": 1.41,
            "eps_latest_yearly": 1.08,
            "eps_growth_yearly": 12.22
        },
        "20193": {
            "year_quarter": 20193,
            "year": 2019,
            "quarter": 3,
            "eps": 0.29,
            "eps_growth_year": -19.44,
            "eps_4q": 1.25,
            "eps_4q_growth_year": -12.12,
            "roe": 1.77,
            "roe_4q": 6.710000000000001,
            "gross_profit": 32720,
            "gross_margin": 33.32,
            "gross_margin_4q_avg": 35.71,
            "net_income": 20482,
            "revenue": 98187,
            "common_shares": 630000,
            "book_valuer_per_share": 17.12,
            "book_valuer_per_share_4q_avg": 16.71,
            "equity": 1125408,
            "current_ratio": 471.26,
            "debt_ratio": 22.61,
            "inventory_turnover_ratio": 2.64,
            "account_receivable_turnover_ratio": 1.41,
            "reinvestment_rate": -30.01,
            "research_to_sale_ratio": 1.83,
            "price_fair": 36.14,
            "eps_avg_yearly": 1.37,
            "eps_latest_yearly": 1.16,
            "eps_growth_yearly": 16.47
        },
        "20194": {
            "year_quarter": 20194,
            "year": 2019,
            "quarter": 4,
            "eps": 0.18,
            "eps_growth_year": -48.95,
            "eps_4q": 1.03,
            "eps_4q_growth_year": -28.37,
            "roe": 0.98,
            "roe_4q": 5.529999999999999,
            "gross_profit": 38863,
            "gross_margin": 39.02,
            "gross_margin_4q_avg": 36.03,
            "net_income": 11137,
            "revenue": 99602,
            "common_shares": 630000,
            "book_valuer_per_share": 17.34,
            "book_valuer_per_share_4q_avg": 16.85,
            "equity": 1138829,
            "current_ratio": 1095.47,
            "debt_ratio": 16.9,
            "inventory_turnover_ratio": 2.67,
            "account_receivable_turnover_ratio": 1.48,
            "reinvestment_rate": -29.37,
            "research_to_sale_ratio": 1.81,
            "price_fair": 30.91,
            "eps_avg_yearly": 1.32,
            "eps_latest_yearly": 0.72,
            "eps_growth_yearly": 13.37
        },
        "20201": {
            "year_quarter": 20201,
            "year": 2020,
            "quarter": 1,
            "eps": 0.26,
            "eps_growth_year": 30,
            "eps_4q": 1.06,
            "eps_4q_growth_year": -24.01,
            "roe": 1.51,
            "roe_4q": 5.85,
            "gross_profit": 34738,
            "gross_margin": 35.72,
            "gross_margin_4q_avg": 36.08,
            "net_income": 16801,
            "revenue": 97263,
            "common_shares": 630000,
            "book_valuer_per_share": 16.54,
            "book_valuer_per_share_4q_avg": 16.74,
            "equity": 1089078,
            "current_ratio": 538.96,
            "debt_ratio": 21.52,
            "inventory_turnover_ratio": 2.84,
            "account_receivable_turnover_ratio": 1.44,
            "reinvestment_rate": -35.08,
            "research_to_sale_ratio": 1.69,
            "price_fair": 39.8,
            "eps_avg_yearly": 1.29,
            "eps_latest_yearly": 1.04,
            "eps_growth_yearly": 20.91
        },
        "20202": {
            "year_quarter": 20202,
            "year": 2020,
            "quarter": 2,
            "eps": 0.19,
            "eps_growth_year": -29.63,
            "eps_4q": 0.94,
            "eps_4q_growth_year": -20.32,
            "roe": 1.1,
            "roe_4q": 5.36,
            "gross_profit": 35744,
            "gross_margin": 34.89,
            "gross_margin_4q_avg": 35.74,
            "net_income": 12087,
            "revenue": 102435,
            "common_shares": 630000,
            "book_valuer_per_share": 16.77,
            "book_valuer_per_share_4q_avg": 16.94,
            "equity": 1102149,
            "current_ratio": 489.09,
            "debt_ratio": 22.27,
            "inventory_turnover_ratio": 2.98,
            "account_receivable_turnover_ratio": 1.47,
            "reinvestment_rate": -36.04,
            "research_to_sale_ratio": 1.65,
            "price_fair": 24.93,
            "eps_avg_yearly": 1.22,
            "eps_latest_yearly": 0.76,
            "eps_growth_yearly": 10.43
        },
        "20203": {
            "year_quarter": 20203,
            "year": 2020,
            "quarter": 3,
            "eps": 0.22,
            "eps_growth_year": -24.14,
            "eps_4q": 0.85,
            "eps_4q_growth_year": -32.04,
            "roe": 1.33,
            "roe_4q": 4.92,
            "gross_profit": 37199,
            "gross_margin": 36.01,
            "gross_margin_4q_avg": 36.41,
            "net_income": 14765,
            "revenue": 103312,
            "common_shares": 630000,
            "book_valuer_per_share": 16.99,
            "book_valuer_per_share_4q_avg": 16.91,
            "equity": 1116589,
            "current_ratio": 883.8,
            "debt_ratio": 17.68,
            "inventory_turnover_ratio": 2.83,
            "account_receivable_turnover_ratio": 1.47,
            "reinvestment_rate": -34.71,
            "research_to_sale_ratio": 1.65,
            "price_fair": 37.5,
            "eps_avg_yearly": 1.19,
            "eps_latest_yearly": 0.88,
            "eps_growth_yearly": 21.45
        },
        "20204": {
            "year_quarter": 20204,
            "year": 2020,
            "quarter": 4,
            "eps": 0.28,
            "eps_growth_year": 56.1,
            "eps_4q": 0.95,
            "eps_4q_growth_year": -7.85,
            "roe": 1.68,
            "roe_4q": 5.619999999999999,
            "gross_profit": 43971,
            "gross_margin": 38.83,
            "gross_margin_4q_avg": 36.36,
            "net_income": 18898,
            "revenue": 113246,
            "common_shares": 630000,
            "book_valuer_per_share": 17.32,
            "book_valuer_per_share_4q_avg": 16.91,
            "equity": 1138609,
            "current_ratio": 821.79,
            "debt_ratio": 17.94,
            "inventory_turnover_ratio": 2.63,
            "account_receivable_turnover_ratio": 1.58,
            "reinvestment_rate": -37.35,
            "research_to_sale_ratio": 1.35,
            "price_fair": 34.49,
            "eps_avg_yearly": 1.15,
            "eps_latest_yearly": 1.12,
            "eps_growth_yearly": 19.93
        },
        "20211": {
            "year_quarter": 20211,
            "year": 2021,
            "quarter": 1,
            "eps": 0.26,
            "eps_growth_year": 0,
            "eps_4q": 0.96,
            "eps_4q_growth_year": -9.51,
            "roe": 1.56,
            "roe_4q": 5.67,
            "gross_profit": 39565,
            "gross_margin": 36.53,
            "gross_margin_4q_avg": 36.57,
            "net_income": 17877,
            "revenue": 108312,
            "common_shares": 630000,
            "book_valuer_per_share": 17.59,
            "book_valuer_per_share_4q_avg": 17.17,
            "equity": 1157539,
            "current_ratio": 815.16,
            "debt_ratio": 17.52,
            "inventory_turnover_ratio": 2.42,
            "account_receivable_turnover_ratio": 1.59,
            "reinvestment_rate": -23.69,
            "research_to_sale_ratio": 1.6,
            "price_fair": 40.69,
            "eps_avg_yearly": 1.16,
            "eps_latest_yearly": 1.04,
            "eps_growth_yearly": 30.64
        },
        "20212": {
            "year_quarter": 20212,
            "year": 2021,
            "quarter": 2,
            "eps": 0.38,
            "eps_growth_year": 100,
            "eps_4q": 1.14,
            "eps_4q_growth_year": 21.32,
            "roe": 2.2,
            "roe_4q": 6.7700000000000005,
            "gross_profit": 53420,
            "gross_margin": 40.79,
            "gross_margin_4q_avg": 38.04,
            "net_income": 25273,
            "revenue": 130968,
            "common_shares": 630000,
            "book_valuer_per_share": 17.31,
            "book_valuer_per_share_4q_avg": 17.3,
            "equity": 1138829,
            "current_ratio": 479.43,
            "debt_ratio": 21.35,
            "inventory_turnover_ratio": 2.45,
            "account_receivable_turnover_ratio": 1.76,
            "reinvestment_rate": -19.04,
            "research_to_sale_ratio": 1.36,
            "price_fair": 35.33,
            "eps_avg_yearly": 1.16,
            "eps_latest_yearly": 1.52,
            "eps_growth_yearly": 20.59
        },
        "20213": {
            "year_quarter": 20213,
            "year": 2021,
            "quarter": 3,
            "eps": 0.33,
            "eps_growth_year": 50,
            "eps_4q": 1.24,
            "eps_4q_growth_year": 46,
            "roe": 1.97,
            "roe_4q": 7.41,
            "gross_profit": 43710,
            "gross_margin": 35.91,
            "gross_margin_4q_avg": 38.02,
            "net_income": 22656,
            "revenue": 121722,
            "common_shares": 630000,
            "book_valuer_per_share": 17.62,
            "book_valuer_per_share_4q_avg": 17.46,
            "equity": 1160023,
            "current_ratio": 773.4,
            "debt_ratio": 18.16,
            "inventory_turnover_ratio": 2.14,
            "account_receivable_turnover_ratio": 1.46,
            "reinvestment_rate": -17.45,
            "research_to_sale_ratio": 1.51,
            "price_fair": 37.95,
            "eps_avg_yearly": 1.16,
            "eps_latest_yearly": 1.32,
            "eps_growth_yearly": 22.79
        },
        "20214": {
            "year_quarter": 20214,
            "year": 2021,
            "quarter": 4,
            "eps": 0.32,
            "eps_growth_year": 16.11,
            "eps_4q": 1.29,
            "eps_4q_growth_year": 35.38,
            "roe": 1.85,
            "roe_4q": 7.58,
            "gross_profit": 46301,
            "gross_margin": 39.79,
            "gross_margin_4q_avg": 38.26,
            "net_income": 21676,
            "revenue": 116352,
            "common_shares": 630000,
            "book_valuer_per_share": 17.92,
            "book_valuer_per_share_4q_avg": 17.61,
            "equity": 1180599,
            "current_ratio": 934.53,
            "debt_ratio": 17.03,
            "inventory_turnover_ratio": 1.76,
            "account_receivable_turnover_ratio": 1.51,
            "reinvestment_rate": -19.07,
            "research_to_sale_ratio": 1.36,
            "price_fair": 36.1,
            "eps_avg_yearly": 1.16,
            "eps_latest_yearly": 1.28,
            "eps_growth_yearly": 21.25
        },
        "20221": {
            "year_quarter": 20221,
            "year": 2022,
            "quarter": 1,
            "eps": 0.13,
            "eps_growth_year": -50,
            "eps_4q": 1.16,
            "eps_4q_growth_year": 21.14,
            "roe": 0.76,
            "roe_4q": 6.78,
            "gross_profit": 25426,
            "gross_margin": 28.89,
            "gross_margin_4q_avg": 36.35,
            "net_income": 8688,
            "revenue": 88000,
            "common_shares": 630000,
            "book_valuer_per_share": 16.75,
            "book_valuer_per_share_4q_avg": 17.4,
            "equity": 1107252,
            "current_ratio": 458.28,
            "debt_ratio": 22.89,
            "inventory_turnover_ratio": 1.4,
            "account_receivable_turnover_ratio": 1.35,
            "reinvestment_rate": -10.79,
            "research_to_sale_ratio": 1.86,
            "price_fair": 25.28,
            "eps_avg_yearly": 1.13,
            "eps_latest_yearly": 0.52,
            "eps_growth_yearly": 12.47
        },
        "20222": {
            "year_quarter": 20222,
            "year": 2022,
            "quarter": 2,
            "eps": 0.24,
            "eps_growth_year": -36.84,
            "eps_4q": 1.02,
            "eps_4q_growth_year": -10.63,
            "roe": 1.34,
            "roe_4q": 5.92,
            "gross_profit": 38733,
            "gross_margin": 33.88,
            "gross_margin_4q_avg": 34.62,
            "net_income": 14853,
            "revenue": 114327,
            "common_shares": 630000,
            "book_valuer_per_share": 16.98,
            "book_valuer_per_share_4q_avg": 17.32,
            "equity": 1116715,
            "current_ratio": 462.98,
            "debt_ratio": 22.7,
            "inventory_turnover_ratio": 1.56,
            "account_receivable_turnover_ratio": 1.78,
            "reinvestment_rate": -10.17,
            "research_to_sale_ratio": 1.58,
            "price_fair": 21.96,
            "eps_avg_yearly": 1.07,
            "eps_latest_yearly": 0.96,
            "eps_growth_yearly": 10.62
        },
        "20223": {
            "year_quarter": 20223,
            "year": 2022,
            "quarter": 3,
            "eps": 0.25,
            "eps_growth_year": -24.24,
            "eps_4q": 0.95,
            "eps_4q_growth_year": -23.83,
            "roe": 1.44,
            "roe_4q": 5.390000000000001,
            "gross_profit": 28198,
            "gross_margin": 31.28,
            "gross_margin_4q_avg": 33.46,
            "net_income": 16237,
            "revenue": 90144,
            "common_shares": 630000,
            "book_valuer_per_share": 17.23,
            "book_valuer_per_share_4q_avg": 17.22,
            "equity": 1132723,
            "current_ratio": 1121.35,
            "debt_ratio": 16.82,
            "inventory_turnover_ratio": 1.33,
            "account_receivable_turnover_ratio": 1.54,
            "reinvestment_rate": -4.34,
            "research_to_sale_ratio": 1.68,
            "price_fair": 28.96,
            "eps_avg_yearly": 1.04,
            "eps_latest_yearly": 1,
            "eps_growth_yearly": 17.91
        },
        "20224": {
            "year_quarter": 20224,
            "year": 2022,
            "quarter": 4,
            "eps": 0.27,
            "eps_growth_year": -15.23,
            "eps_4q": 0.9,
            "eps_4q_growth_year": -30.29,
            "roe": 1.42,
            "roe_4q": 4.96,
            "gross_profit": 40582,
            "gross_margin": 39.21,
            "gross_margin_4q_avg": 33.32,
            "net_income": 16202,
            "revenue": 103500,
            "common_shares": 630000,
            "book_valuer_per_share": 17.56,
            "book_valuer_per_share_4q_avg": 17.13,
            "equity": 1152691,
            "current_ratio": 1222.08,
            "debt_ratio": 16.24,
            "inventory_turnover_ratio": 1.59,
            "account_receivable_turnover_ratio": 2.6,
            "reinvestment_rate": 0.48,
            "research_to_sale_ratio": 1.34,
            "price_fair": 31.14,
            "eps_avg_yearly": 1.02,
            "eps_latest_yearly": 1.08,
            "eps_growth_yearly": 20.61
        },
        "20231": {
            "year_quarter": 20231,
            "year": 2023,
            "quarter": 1,
            "eps": 0.09,
            "eps_growth_year": -30.77,
            "eps_4q": 0.86,
            "eps_4q_growth_year": -25.83,
            "roe": 0.49,
            "roe_4q": 4.6899999999999995,
            "gross_profit": 9535,
            "gross_margin": 17.59,
            "gross_margin_4q_avg": 30.49,
            "net_income": 5583,
            "revenue": 54214,
            "common_shares": 630000,
            "book_valuer_per_share": 16.85,
            "book_valuer_per_share_4q_avg": 17.16,
            "equity": 1107354,
            "current_ratio": 737.33,
            "debt_ratio": 18.86,
            "inventory_turnover_ratio": 1.22,
            "account_receivable_turnover_ratio": 1.93,
            "reinvestment_rate": 0.7,
            "research_to_sale_ratio": 4.88,
            "price_fair": 24.41,
            "eps_avg_yearly": 0.99,
            "eps_latest_yearly": 0.36,
            "eps_growth_yearly": 14.66
        }
    },
    "months": {
        "2001-06": {
            "month": "2001-06",
            "price": "6.18",
            "revenue": 29816
        },
        "2001-07": {
            "month": "2001-07",
            "price": "4.77",
            "revenue": 31292
        },
        "2001-08": {
            "month": "2001-08",
            "price": "4.58",
            "revenue": 27423
        },
        "2001-09": {
            "month": "2001-09",
            "price": "4.41",
            "revenue": 18322
        },
        "2001-10": {
            "month": "2001-10",
            "price": "4.13",
            "revenue": 28782
        },
        "2001-11": {
            "month": "2001-11",
            "price": "4.03",
            "revenue": 30196
        },
        "2001-12": {
            "month": "2001-12",
            "price": "5.48",
            "revenue": 27781
        },
        "2002-01": {
            "month": "2002-01",
            "price": "6.59",
            "revenue": 27641
        },
        "2002-02": {
            "month": "2002-02",
            "price": "6.37",
            "revenue": 18183
        },
        "2002-03": {
            "month": "2002-03",
            "price": "7.05",
            "revenue": 33218
        },
        "2002-04": {
            "month": "2002-04",
            "price": "8.36",
            "revenue": 36707
        },
        "2002-05": {
            "month": "2002-05",
            "price": "7.58",
            "revenue": 37468
        },
        "2002-06": {
            "month": "2002-06",
            "price": "7.04",
            "revenue": 36444
        },
        "2002-07": {
            "month": "2002-07",
            "price": "6.70",
            "revenue": 46714
        },
        "2002-08": {
            "month": "2002-08",
            "price": "5.85",
            "revenue": 38758
        },
        "2002-09": {
            "month": "2002-09",
            "price": "4.40",
            "revenue": 29438
        },
        "2002-10": {
            "month": "2002-10",
            "price": "4.02",
            "revenue": 37306
        },
        "2002-11": {
            "month": "2002-11",
            "price": "4.56",
            "revenue": 33004
        },
        "2002-12": {
            "month": "2002-12",
            "price": "5.40",
            "revenue": 31566
        },
        "2003-01": {
            "month": "2003-01",
            "price": "7.68",
            "revenue": 35975
        },
        "2003-02": {
            "month": "2003-02",
            "price": "7.62",
            "revenue": 23124
        },
        "2003-03": {
            "month": "2003-03",
            "price": "7.30",
            "revenue": 49778
        },
        "2003-04": {
            "month": "2003-04",
            "price": "7.43",
            "revenue": 50446
        },
        "2003-05": {
            "month": "2003-05",
            "price": "7.68",
            "revenue": 51117
        },
        "2003-06": {
            "month": "2003-06",
            "price": "8.18",
            "revenue": 39818
        },
        "2003-07": {
            "month": "2003-07",
            "price": "7.49",
            "revenue": 43391
        },
        "2003-08": {
            "month": "2003-08",
            "price": "6.45",
            "revenue": 37069
        },
        "2003-09": {
            "month": "2003-09",
            "price": "6.32",
            "revenue": 41560
        },
        "2003-10": {
            "month": "2003-10",
            "price": "6.95",
            "revenue": 47996
        },
        "2003-11": {
            "month": "2003-11",
            "price": "7.06",
            "revenue": 41781
        },
        "2003-12": {
            "month": "2003-12",
            "price": "6.76",
            "revenue": 35097
        },
        "2004-01": {
            "month": "2004-01",
            "price": "7.53",
            "revenue": 25531
        },
        "2004-02": {
            "month": "2004-02",
            "price": "9.51",
            "revenue": 35373
        },
        "2004-03": {
            "month": "2004-03",
            "price": "9.34",
            "revenue": 41681
        },
        "2004-04": {
            "month": "2004-04",
            "price": "8.79",
            "revenue": 39399
        },
        "2004-05": {
            "month": "2004-05",
            "price": "6.98",
            "revenue": 38758
        },
        "2004-06": {
            "month": "2004-06",
            "price": "6.84",
            "revenue": 44964
        },
        "2004-07": {
            "month": "2004-07",
            "price": "6.49",
            "revenue": 45725
        },
        "2004-08": {
            "month": "2004-08",
            "price": "5.94",
            "revenue": 39497
        },
        "2004-09": {
            "month": "2004-09",
            "price": "6.68",
            "revenue": 32991
        },
        "2004-10": {
            "month": "2004-10",
            "price": "6.61",
            "revenue": 25977
        },
        "2004-11": {
            "month": "2004-11",
            "price": "6.36",
            "revenue": 31606
        },
        "2004-12": {
            "month": "2004-12",
            "price": "6.49",
            "revenue": 39841
        },
        "2005-01": {
            "month": "2005-01",
            "price": "7.15",
            "revenue": 39317
        },
        "2005-02": {
            "month": "2005-02",
            "price": "6.74",
            "revenue": 22566
        },
        "2005-03": {
            "month": "2005-03",
            "price": "6.51",
            "revenue": 32262
        },
        "2005-04": {
            "month": "2005-04",
            "price": "5.96",
            "revenue": 32177
        },
        "2005-05": {
            "month": "2005-05",
            "price": "5.83",
            "revenue": 29216
        },
        "2005-06": {
            "month": "2005-06",
            "price": "6.25",
            "revenue": 31802
        },
        "2005-07": {
            "month": "2005-07",
            "price": "6.05",
            "revenue": 37555
        },
        "2005-08": {
            "month": "2005-08",
            "price": "5.84",
            "revenue": 43589
        },
        "2005-09": {
            "month": "2005-09",
            "price": "5.54",
            "revenue": 27749
        },
        "2005-10": {
            "month": "2005-10",
            "price": "5.00",
            "revenue": 30665
        },
        "2005-11": {
            "month": "2005-11",
            "price": "4.78",
            "revenue": 29720
        },
        "2005-12": {
            "month": "2005-12",
            "price": "5.15",
            "revenue": 26892
        },
        "2006-01": {
            "month": "2006-01",
            "price": "5.20",
            "revenue": 24343
        },
        "2006-02": {
            "month": "2006-02",
            "price": "5.00",
            "revenue": 18605
        },
        "2006-03": {
            "month": "2006-03",
            "price": "4.65",
            "revenue": 31915
        },
        "2006-04": {
            "month": "2006-04",
            "price": "5.32",
            "revenue": 32383
        },
        "2006-05": {
            "month": "2006-05",
            "price": "7.82",
            "revenue": 38971
        },
        "2006-06": {
            "month": "2006-06",
            "price": "6.66",
            "revenue": 38299
        },
        "2006-07": {
            "month": "2006-07",
            "price": "6.71",
            "revenue": 37741
        },
        "2006-08": {
            "month": "2006-08",
            "price": "6.19",
            "revenue": 40042
        },
        "2006-09": {
            "month": "2006-09",
            "price": "6.04",
            "revenue": 34674
        },
        "2006-10": {
            "month": "2006-10",
            "price": "7.13",
            "revenue": 21081
        },
        "2006-11": {
            "month": "2006-11",
            "price": "8.16",
            "revenue": 24365
        },
        "2006-12": {
            "month": "2006-12",
            "price": "9.13",
            "revenue": 27381
        },
        "2007-01": {
            "month": "2007-01",
            "price": "8.86",
            "revenue": 35415
        },
        "2007-02": {
            "month": "2007-02",
            "price": "8.88",
            "revenue": 16994
        },
        "2007-03": {
            "month": "2007-03",
            "price": "8.75",
            "revenue": 41150
        },
        "2007-04": {
            "month": "2007-04",
            "price": "9.40",
            "revenue": 36185
        },
        "2007-05": {
            "month": "2007-05",
            "price": "9.29",
            "revenue": 31505
        },
        "2007-06": {
            "month": "2007-06",
            "price": "10.43",
            "revenue": 31256
        },
        "2007-07": {
            "month": "2007-07",
            "price": "16.05",
            "revenue": 31211
        },
        "2007-08": {
            "month": "2007-08",
            "price": "17.81",
            "revenue": 24749
        },
        "2007-09": {
            "month": "2007-09",
            "price": "18.22",
            "revenue": 19612
        },
        "2007-10": {
            "month": "2007-10",
            "price": "19.09",
            "revenue": 26199
        },
        "2007-11": {
            "month": "2007-11",
            "price": "17.49",
            "revenue": 23691
        },
        "2007-12": {
            "month": "2007-12",
            "price": "16.27",
            "revenue": 24484
        },
        "2008-01": {
            "month": "2008-01",
            "price": "15.28",
            "revenue": 23698
        },
        "2008-02": {
            "month": "2008-02",
            "price": "16.23",
            "revenue": 10874
        },
        "2008-03": {
            "month": "2008-03",
            "price": "21.72",
            "revenue": 23001
        },
        "2008-04": {
            "month": "2008-04",
            "price": "23.76",
            "revenue": 21099
        },
        "2008-05": {
            "month": "2008-05",
            "price": "23.43",
            "revenue": 25865
        },
        "2008-06": {
            "month": "2008-06",
            "price": "20.01",
            "revenue": 26573
        },
        "2008-07": {
            "month": "2008-07",
            "price": "18.07",
            "revenue": 25547
        },
        "2008-08": {
            "month": "2008-08",
            "price": "14.75",
            "revenue": 21814
        },
        "2008-09": {
            "month": "2008-09",
            "price": "11.33",
            "revenue": 19229
        },
        "2008-10": {
            "month": "2008-10",
            "price": "8.80",
            "revenue": 19769
        },
        "2008-11": {
            "month": "2008-11",
            "price": "8.90",
            "revenue": 21496
        },
        "2008-12": {
            "month": "2008-12",
            "price": "8.97",
            "revenue": 20213
        },
        "2009-01": {
            "month": "2009-01",
            "price": "8.99",
            "revenue": 13862
        },
        "2009-02": {
            "month": "2009-02",
            "price": "8.31",
            "revenue": 15925
        },
        "2009-03": {
            "month": "2009-03",
            "price": "8.70",
            "revenue": 16142
        },
        "2009-04": {
            "month": "2009-04",
            "price": "10.76",
            "revenue": 16363
        },
        "2009-05": {
            "month": "2009-05",
            "price": "13.10",
            "revenue": 15985
        },
        "2009-06": {
            "month": "2009-06",
            "price": "12.87",
            "revenue": 21184
        },
        "2009-07": {
            "month": "2009-07",
            "price": "13.75",
            "revenue": 20561
        },
        "2009-08": {
            "month": "2009-08",
            "price": "13.40",
            "revenue": 17157
        },
        "2009-09": {
            "month": "2009-09",
            "price": "14.19",
            "revenue": 19416
        },
        "2009-10": {
            "month": "2009-10",
            "price": "16.60",
            "revenue": 14695
        },
        "2009-11": {
            "month": "2009-11",
            "price": "15.70",
            "revenue": 19138
        },
        "2009-12": {
            "month": "2009-12",
            "price": "16.38",
            "revenue": 21853
        },
        "2010-01": {
            "month": "2010-01",
            "price": "17.76",
            "revenue": 21000
        },
        "2010-02": {
            "month": "2010-02",
            "price": "14.64",
            "revenue": 12783
        },
        "2010-03": {
            "month": "2010-03",
            "price": "15.30",
            "revenue": 22503
        },
        "2010-04": {
            "month": "2010-04",
            "price": "16.26",
            "revenue": 23943
        },
        "2010-05": {
            "month": "2010-05",
            "price": "15.21",
            "revenue": 28281
        },
        "2010-06": {
            "month": "2010-06",
            "price": "15.10",
            "revenue": 33800
        },
        "2010-07": {
            "month": "2010-07",
            "price": "16.05",
            "revenue": 33692
        },
        "2010-08": {
            "month": "2010-08",
            "price": "16.75",
            "revenue": 31691
        },
        "2010-09": {
            "month": "2010-09",
            "price": "16.06",
            "revenue": 31661
        },
        "2010-10": {
            "month": "2010-10",
            "price": "17.93",
            "revenue": 24807
        },
        "2010-11": {
            "month": "2010-11",
            "price": "22.16",
            "revenue": 31696
        },
        "2010-12": {
            "month": "2010-12",
            "price": "22.13",
            "revenue": 30181
        },
        "2011-01": {
            "month": "2011-01",
            "price": "21.94",
            "revenue": 26508
        },
        "2011-02": {
            "month": "2011-02",
            "price": "20.18",
            "revenue": 17754
        },
        "2011-03": {
            "month": "2011-03",
            "price": "17.71",
            "revenue": 34054
        },
        "2011-04": {
            "month": "2011-04",
            "price": "18.22",
            "revenue": 31874
        },
        "2011-05": {
            "month": "2011-05",
            "price": "18.30",
            "revenue": 40022
        },
        "2011-06": {
            "month": "2011-06",
            "price": "17.19",
            "revenue": 34250
        },
        "2011-07": {
            "month": "2011-07",
            "price": "17.37",
            "revenue": 29290
        },
        "2011-08": {
            "month": "2011-08",
            "price": "16.49",
            "revenue": 32252
        },
        "2011-09": {
            "month": "2011-09",
            "price": "15.54",
            "revenue": 34001
        },
        "2011-10": {
            "month": "2011-10",
            "price": "15.84",
            "revenue": 27972
        },
        "2011-11": {
            "month": "2011-11",
            "price": "16.20",
            "revenue": 30141
        },
        "2011-12": {
            "month": "2011-12",
            "price": "15.87",
            "revenue": 29539
        },
        "2012-01": {
            "month": "2012-01",
            "price": "15.80",
            "revenue": 18256
        },
        "2012-02": {
            "month": "2012-02",
            "price": "17.58",
            "revenue": 26648
        },
        "2012-03": {
            "month": "2012-03",
            "price": "16.88",
            "revenue": 28696
        },
        "2012-04": {
            "month": "2012-04",
            "price": "16.11",
            "revenue": 29881
        },
        "2012-05": {
            "month": "2012-05",
            "price": "16.09",
            "revenue": 35786
        },
        "2012-06": {
            "month": "2012-06",
            "price": "15.52",
            "revenue": 32232
        },
        "2012-07": {
            "month": "2012-07",
            "price": "14.48",
            "revenue": 30126
        },
        "2012-08": {
            "month": "2012-08",
            "price": "15.14",
            "revenue": 29549
        },
        "2012-09": {
            "month": "2012-09",
            "price": "22.24",
            "revenue": 30721
        },
        "2012-10": {
            "month": "2012-10",
            "price": "23.76",
            "revenue": 26817
        },
        "2012-11": {
            "month": "2012-11",
            "price": "24.58",
            "revenue": 24307
        },
        "2012-12": {
            "month": "2012-12",
            "price": "25.10",
            "revenue": 24076
        },
        "2013-01": {
            "month": "2013-01",
            "price": "24.52",
            "revenue": 48894
        },
        "2013-02": {
            "month": "2013-02",
            "price": "23.57",
            "revenue": 34632
        },
        "2013-03": {
            "month": "2013-03",
            "price": "23.80",
            "revenue": 55259
        },
        "2013-04": {
            "month": "2013-04",
            "price": "23.98",
            "revenue": 57759
        },
        "2013-05": {
            "month": "2013-05",
            "price": "24.20",
            "revenue": 52964
        },
        "2013-06": {
            "month": "2013-06",
            "price": "22.75",
            "revenue": 49166
        },
        "2013-07": {
            "month": "2013-07",
            "price": "21.31",
            "revenue": 54759
        },
        "2013-08": {
            "month": "2013-08",
            "price": "20.51",
            "revenue": 46203
        },
        "2013-09": {
            "month": "2013-09",
            "price": "20.81",
            "revenue": 53747
        },
        "2013-10": {
            "month": "2013-10",
            "price": "22.36",
            "revenue": 46579
        },
        "2013-11": {
            "month": "2013-11",
            "price": "21.85",
            "revenue": 48391
        },
        "2013-12": {
            "month": "2013-12",
            "price": "23.09",
            "revenue": 54943
        },
        "2014-01": {
            "month": "2014-01",
            "price": "23.06",
            "revenue": 45246
        },
        "2014-02": {
            "month": "2014-02",
            "price": "22.99",
            "revenue": 41372
        },
        "2014-03": {
            "month": "2014-03",
            "price": "23.44",
            "revenue": 52235
        },
        "2014-04": {
            "month": "2014-04",
            "price": "24.15",
            "revenue": 55925
        },
        "2014-05": {
            "month": "2014-05",
            "price": "23.53",
            "revenue": 57466
        },
        "2014-06": {
            "month": "2014-06",
            "price": "23.77",
            "revenue": 59078
        },
        "2014-07": {
            "month": "2014-07",
            "price": "24.31",
            "revenue": 61395
        },
        "2014-08": {
            "month": "2014-08",
            "price": "25.02",
            "revenue": 58652
        },
        "2014-09": {
            "month": "2014-09",
            "price": "24.53",
            "revenue": 57451
        },
        "2014-10": {
            "month": "2014-10",
            "price": "25.23",
            "revenue": 47990
        },
        "2014-11": {
            "month": "2014-11",
            "price": "25.50",
            "revenue": 45790
        },
        "2014-12": {
            "month": "2014-12",
            "price": "25.69",
            "revenue": 54912
        },
        "2015-01": {
            "month": "2015-01",
            "price": "25.62",
            "revenue": 46551
        },
        "2015-02": {
            "month": "2015-02",
            "price": "25.41",
            "revenue": 37630
        },
        "2015-03": {
            "month": "2015-03",
            "price": "25.46",
            "revenue": 58635
        },
        "2015-04": {
            "month": "2015-04",
            "price": "25.68",
            "revenue": 60297
        },
        "2015-05": {
            "month": "2015-05",
            "price": "26.15",
            "revenue": 56815
        },
        "2015-06": {
            "month": "2015-06",
            "price": "25.10",
            "revenue": 60032
        },
        "2015-07": {
            "month": "2015-07",
            "price": "23.94",
            "revenue": 53201
        },
        "2015-08": {
            "month": "2015-08",
            "price": "22.96",
            "revenue": 55351
        },
        "2015-09": {
            "month": "2015-09",
            "price": "23.93",
            "revenue": 47588
        },
        "2015-10": {
            "month": "2015-10",
            "price": "23.82",
            "revenue": 50564
        },
        "2015-11": {
            "month": "2015-11",
            "price": "23.73",
            "revenue": 51264
        },
        "2015-12": {
            "month": "2015-12",
            "price": "23.74",
            "revenue": 52231
        },
        "2016-01": {
            "month": "2016-01",
            "price": "23.70",
            "revenue": 46890
        },
        "2016-02": {
            "month": "2016-02",
            "price": "23.78",
            "revenue": 38724
        },
        "2016-03": {
            "month": "2016-03",
            "price": "24.28",
            "revenue": 64230
        },
        "2016-04": {
            "month": "2016-04",
            "price": "24.40",
            "revenue": 52927
        },
        "2016-05": {
            "month": "2016-05",
            "price": "24.26",
            "revenue": 55335
        },
        "2016-06": {
            "month": "2016-06",
            "price": "24.54",
            "revenue": 52810
        },
        "2016-07": {
            "month": "2016-07",
            "price": "23.97",
            "revenue": 48868
        },
        "2016-08": {
            "month": "2016-08",
            "price": "24.01",
            "revenue": 54357
        },
        "2016-09": {
            "month": "2016-09",
            "price": "24.51",
            "revenue": 40621
        },
        "2016-10": {
            "month": "2016-10",
            "price": "24.31",
            "revenue": 44980
        },
        "2016-11": {
            "month": "2016-11",
            "price": "24.25",
            "revenue": 50560
        },
        "2016-12": {
            "month": "2016-12",
            "price": "24.47",
            "revenue": 47590
        },
        "2017-01": {
            "month": "2017-01",
            "price": "24.86",
            "revenue": 39339
        },
        "2017-02": {
            "month": "2017-02",
            "price": "27.61",
            "revenue": 43418
        },
        "2017-03": {
            "month": "2017-03",
            "price": "26.05",
            "revenue": 50020
        },
        "2017-04": {
            "month": "2017-04",
            "price": "25.35",
            "revenue": 43576
        },
        "2017-05": {
            "month": "2017-05",
            "price": "24.82",
            "revenue": 42057
        },
        "2017-06": {
            "month": "2017-06",
            "price": "24.83",
            "revenue": 54861
        },
        "2017-07": {
            "month": "2017-07",
            "price": "23.72",
            "revenue": 46439
        },
        "2017-08": {
            "month": "2017-08",
            "price": "23.28",
            "revenue": 42652
        },
        "2017-09": {
            "month": "2017-09",
            "price": "24.06",
            "revenue": 43789
        },
        "2017-10": {
            "month": "2017-10",
            "price": "24.02",
            "revenue": 41559
        },
        "2017-11": {
            "month": "2017-11",
            "price": "23.80",
            "revenue": 45141
        },
        "2017-12": {
            "month": "2017-12",
            "price": "23.46",
            "revenue": 40400
        },
        "2018-01": {
            "month": "2018-01",
            "price": "23.45",
            "revenue": 44092
        },
        "2018-02": {
            "month": "2018-02",
            "price": "23.08",
            "revenue": 31637
        },
        "2018-03": {
            "month": "2018-03",
            "price": "23.45",
            "revenue": 47210
        },
        "2018-04": {
            "month": "2018-04",
            "price": "23.57",
            "revenue": 43453
        },
        "2018-05": {
            "month": "2018-05",
            "price": "23.72",
            "revenue": 57751
        },
        "2018-06": {
            "month": "2018-06",
            "price": "24.22",
            "revenue": 41739
        },
        "2018-07": {
            "month": "2018-07",
            "price": "23.45",
            "revenue": 42488
        },
        "2018-08": {
            "month": "2018-08",
            "price": "23.01",
            "revenue": 42748
        },
        "2018-09": {
            "month": "2018-09",
            "price": "23.12",
            "revenue": 36350
        },
        "2018-10": {
            "month": "2018-10",
            "price": "23.47",
            "revenue": 43931
        },
        "2018-11": {
            "month": "2018-11",
            "price": "23.07",
            "revenue": 40088
        },
        "2018-12": {
            "month": "2018-12",
            "price": "23.99",
            "revenue": 34495
        },
        "2019-01": {
            "month": "2019-01",
            "price": "24.08",
            "revenue": 37375
        },
        "2019-02": {
            "month": "2019-02",
            "price": "24.89",
            "revenue": 25652
        },
        "2019-03": {
            "month": "2019-03",
            "price": "25.26",
            "revenue": 33322
        },
        "2019-04": {
            "month": "2019-04",
            "price": "26.37",
            "revenue": 33432
        },
        "2019-05": {
            "month": "2019-05",
            "price": "27.48",
            "revenue": 43565
        },
        "2019-06": {
            "month": "2019-06",
            "price": "27.21",
            "revenue": 26979
        },
        "2019-07": {
            "month": "2019-07",
            "price": "26.76",
            "revenue": 33496
        },
        "2019-08": {
            "month": "2019-08",
            "price": "26.30",
            "revenue": 35635
        },
        "2019-09": {
            "month": "2019-09",
            "price": "26.40",
            "revenue": 29056
        },
        "2019-10": {
            "month": "2019-10",
            "price": "28.46",
            "revenue": 35521
        },
        "2019-11": {
            "month": "2019-11",
            "price": "29.99",
            "revenue": 33974
        },
        "2019-12": {
            "month": "2019-12",
            "price": "31.66",
            "revenue": 30107
        },
        "2020-01": {
            "month": "2020-01",
            "price": "32.22",
            "revenue": 24254
        },
        "2020-02": {
            "month": "2020-02",
            "price": "28.59",
            "revenue": 34036
        },
        "2020-03": {
            "month": "2020-03",
            "price": "28.15",
            "revenue": 38973
        },
        "2020-04": {
            "month": "2020-04",
            "price": "29.25",
            "revenue": 35217
        },
        "2020-05": {
            "month": "2020-05",
            "price": "30.46",
            "revenue": 38867
        },
        "2020-06": {
            "month": "2020-06",
            "price": "32.10",
            "revenue": 28351
        },
        "2020-07": {
            "month": "2020-07",
            "price": "33.61",
            "revenue": 31295
        },
        "2020-08": {
            "month": "2020-08",
            "price": "33.40",
            "revenue": 31428
        },
        "2020-09": {
            "month": "2020-09",
            "price": "34.07",
            "revenue": 40589
        },
        "2020-10": {
            "month": "2020-10",
            "price": "33.60",
            "revenue": 34020
        },
        "2020-11": {
            "month": "2020-11",
            "price": "33.80",
            "revenue": 37087
        },
        "2020-12": {
            "month": "2020-12",
            "price": "34.03",
            "revenue": 42139
        },
        "2021-01": {
            "month": "2021-01",
            "price": "33.83",
            "revenue": 36064
        },
        "2021-02": {
            "month": "2021-02",
            "price": "33.92",
            "revenue": 29102
        },
        "2021-03": {
            "month": "2021-03",
            "price": "33.84",
            "revenue": 43164
        },
        "2021-04": {
            "month": "2021-04",
            "price": "34.56",
            "revenue": 42253
        },
        "2021-05": {
            "month": "2021-05",
            "price": "35.26",
            "revenue": 52699
        },
        "2021-06": {
            "month": "2021-06",
            "price": "34.86",
            "revenue": 35997
        },
        "2021-07": {
            "month": "2021-07",
            "price": "34.28",
            "revenue": 40335
        },
        "2021-08": {
            "month": "2021-08",
            "price": "34.14",
            "revenue": 43566
        },
        "2021-09": {
            "month": "2021-09",
            "price": "34.84",
            "revenue": 37833
        },
        "2021-10": {
            "month": "2021-10",
            "price": "35.08",
            "revenue": 37426
        },
        "2021-11": {
            "month": "2021-11",
            "price": "36.57",
            "revenue": 50600
        },
        "2021-12": {
            "month": "2021-12",
            "price": "37.25",
            "revenue": 28325
        },
        "2022-01": {
            "month": "2022-01",
            "price": "37.05",
            "revenue": 21405
        },
        "2022-02": {
            "month": "2022-02",
            "price": "37.09",
            "revenue": 25621
        },
        "2022-03": {
            "month": "2022-03",
            "price": "36.78",
            "revenue": 40992
        },
        "2022-04": {
            "month": "2022-04",
            "price": "36.78",
            "revenue": 36907
        },
        "2022-05": {
            "month": "2022-05",
            "price": "35.97",
            "revenue": 47273
        },
        "2022-06": {
            "month": "2022-06",
            "price": "35.27",
            "revenue": 30146
        },
        "2022-07": {
            "month": "2022-07",
            "price": "34.05",
            "revenue": 30028
        },
        "2022-08": {
            "month": "2022-08",
            "price": "35.52",
            "revenue": 29489
        },
        "2022-09": {
            "month": "2022-09",
            "price": "41.21",
            "revenue": 30640
        },
        "2022-10": {
            "month": "2022-10",
            "price": "40.80",
            "revenue": 35487
        },
        "2022-11": {
            "month": "2022-11",
            "price": "42.47",
            "revenue": 35454
        },
        "2022-12": {
            "month": "2022-12",
            "price": "42.02",
            "revenue": 32605
        },
        "2023-01": {
            "month": "2023-01",
            "price": "40.32",
            "revenue": 16558
        },
        "2023-02": {
            "month": "2023-02",
            "price": "40.53",
            "revenue": 20346
        },
        "2023-03": {
            "month": "2023-03",
            "price": "39.37",
            "revenue": 17310
        },
        "2023-04": {
            "month": "2023-04",
            "price": "38.70",
            "revenue": 15452
        },
        "2023-05": {
            "month": "2023-05",
            "price": "37.73",
            "revenue": 23932
        }
    }
}
