{
    "summary": {
        "stock_name": "宏洲",
        "stock_id": "1413",
        "category": "紡織纖維",
        "main_business": "合成化學纖維之製造及加工買賣業務<br>塑膠抽絲品之製造及加工買賣業務",
        "website_url": "http://www.hungchou.com.tw/",
        "ceo": "林金鈴",
        "pe_ratio": 65,
        "report_year_from": 2001,
        "report_year_to": 2023,
        "age": 22,
        "eps_negative_percentage": 75,
        "eps_growth_avg": {
            "last_all": -54.34,
            "last_2y": -54.32,
            "last_4y": -20.1,
            "last_8y": -36.08,
            "last_12y": -46.73,
            "last_16y": -54.34,
            "last_20y": -54.34,
            "at_2006_last_3y": null,
            "at_2007_last_3y": null,
            "at_2008_last_3y": -100,
            "at_2009_last_3y": -100,
            "at_2010_last_3y": -100,
            "at_2011_last_3y": -100,
            "at_2012_last_3y": -100,
            "at_2013_last_3y": -100,
            "at_2014_last_3y": -100,
            "at_2015_last_3y": null,
            "at_2016_last_3y": -100,
            "at_2017_last_3y": -100,
            "at_2018_last_3y": 0,
            "at_2019_last_3y": -23.91,
            "at_2020_last_3y": -23.91,
            "at_2021_last_3y": -23.91,
            "at_2022_last_3y": -60.13,
            "at_2023_last_3y": -60.13,
            "at_2006_last_all": null,
            "at_2007_last_all": null,
            "at_2008_last_all": -100,
            "at_2009_last_all": -100,
            "at_2010_last_all": -100,
            "at_2011_last_all": -100,
            "at_2012_last_all": -100,
            "at_2013_last_all": -100,
            "at_2014_last_all": -100,
            "at_2015_last_all": -100,
            "at_2016_last_all": -100,
            "at_2017_last_all": -100,
            "at_2018_last_all": -50,
            "at_2019_last_all": -54.35,
            "at_2020_last_all": -61.96,
            "at_2021_last_all": -61.96,
            "at_2022_last_all": -54.34,
            "at_2023_last_all": -54.34
        },
        "latest_eps": 0.14,
        "latest_price": 9.14,
        "latest_roe": 1.57,
        "latest_gross_margin": -4.37,
        "latest_equity": 1193061,
        "latest_revenue": 467757,
        "latest_gross_profit": -20457,
        "latest_net_income": -34898,
        "latest_debt_ratio": 54.71,
        "latest_current_ratio": 127.62,
        "latest_account_receivable_turnover_ratio": 4.1,
        "latest_inventory_turnover_ratio": 0.87,
        "latest_reinvestment_rate": 16.28,
        "latest_research_to_sale_ratio": null
    },
    "eps_dividends": {
        "1992": {
            "cash": 0,
            "stock": 3,
            "eps": 0
        },
        "1993": {
            "cash": 0,
            "stock": 2,
            "eps": 0
        },
        "2001": {
            "cash": 0,
            "stock": 0,
            "eps": -1.54
        },
        "2002": {
            "cash": 0,
            "stock": 0,
            "eps": -0.12
        },
        "2003": {
            "cash": 0,
            "stock": 0,
            "eps": -0.57
        },
        "2004": {
            "cash": 0,
            "stock": 0,
            "eps": -0.15
        },
        "2005": {
            "cash": 0,
            "stock": 0,
            "eps": -1.38
        },
        "2006": {
            "cash": 0,
            "stock": 0,
            "eps": -0.78
        },
        "2007": {
            "cash": 0,
            "stock": 0,
            "eps": 0.09
        },
        "2008": {
            "cash": 0,
            "stock": 0,
            "eps": -1.13
        },
        "2009": {
            "cash": 0,
            "stock": 0,
            "eps": -1.05
        },
        "2010": {
            "cash": 0,
            "stock": 0,
            "eps": 0.71
        },
        "2011": {
            "cash": 0,
            "stock": 0,
            "eps": -0.58
        },
        "2012": {
            "cash": 0,
            "stock": 0,
            "eps": -1.62
        },
        "2013": {
            "cash": 0,
            "stock": 0,
            "eps": -1.77
        },
        "2014": {
            "cash": 0,
            "stock": 0,
            "eps": -2.16
        },
        "2015": {
            "cash": 0,
            "stock": 0,
            "eps": 0.04
        },
        "2016": {
            "cash": 0,
            "stock": 0,
            "eps": -0.48
        },
        "2017": {
            "cash": 0,
            "stock": 0,
            "eps": 0.88
        },
        "2018": {
            "cash": 0,
            "stock": 0,
            "eps": 1.84
        },
        "2019": {
            "cash": 0,
            "stock": 0,
            "eps": 0.52
        },
        "2020": {
            "cash": 0,
            "stock": 0,
            "eps": -1.22
        },
        "2021": {
            "cash": 0,
            "stock": 0,
            "eps": 0.81
        },
        "2022": {
            "cash": 0,
            "stock": 0,
            "eps": 0.74
        },
        "2023": {
            "cash": 0,
            "stock": 0,
            "eps": -0.26
        }
    },
    "dividends": {
        "1992-06-20": {
            "cash": 0,
            "stock": 2.8
        },
        "1993-06-19": {
            "cash": 0,
            "stock": 1.8
        }
    },
    "prices": {
        "200101": "2.75",
        "200102": "3.11",
        "200103": "2.94",
        "200104": "2.81",
        "200105": "2.03",
        "200106": "1.77",
        "200107": "1.58",
        "200108": "1.86",
        "200109": "1.67",
        "200110": "1.44",
        "200111": "1.40",
        "200112": "1.46",
        "200201": "1.83",
        "200202": "2.42",
        "200203": "3.80",
        "200204": "4.14",
        "200205": "3.61",
        "200206": "3.59",
        "200207": "3.21",
        "200208": "2.83",
        "200209": "2.86",
        "200210": "2.65",
        "200211": "3.06",
        "200212": "3.35",
        "200301": "4.83",
        "200302": "5.92",
        "200303": "4.56",
        "200304": "3.89",
        "200305": "3.07",
        "200306": "3.73",
        "200307": "4.15",
        "200308": "4.12",
        "200309": "3.85",
        "200310": "4.13",
        "200311": "4.47",
        "200312": "4.64",
        "200401": "5.54",
        "200402": "6.02",
        "200403": "5.36",
        "200404": "4.85",
        "200405": "4.08",
        "200406": "4.07",
        "200407": "3.78",
        "200408": "3.89",
        "200409": "4.56",
        "200410": "4.52",
        "200411": "4.11",
        "200412": "3.90",
        "200501": "3.97",
        "200502": "3.77",
        "200503": "3.42",
        "200504": "2.81",
        "200505": "2.70",
        "200506": "3.07",
        "200507": "2.92",
        "200508": "2.70",
        "200509": "2.49",
        "200510": "2.33",
        "200511": "2.15",
        "200512": "2.21",
        "200601": "2.28",
        "200602": "2.10",
        "200603": "1.92",
        "200604": "1.97",
        "200605": "2.47",
        "200606": "2.17",
        "200607": "2.10",
        "200608": "2.00",
        "200609": "1.98",
        "200610": "2.11",
        "200611": "2.43",
        "200612": "3.84",
        "200701": "3.47",
        "200702": "3.27",
        "200703": "3.30",
        "200704": "3.93",
        "200705": "3.65",
        "200706": "3.78",
        "200707": "5.23",
        "200708": "5.04",
        "200709": "4.51",
        "200710": "4.53",
        "200711": "3.68",
        "200712": "3.47",
        "200801": "3.41",
        "200802": "3.39",
        "200803": "3.84",
        "200804": "4.09",
        "200805": "4.04",
        "200806": "3.35",
        "200807": "2.84",
        "200808": "2.77",
        "200809": "2.16",
        "200810": "1.77",
        "200811": "1.60",
        "200812": "1.62",
        "200901": "1.71",
        "200902": "1.60",
        "200903": "1.82",
        "200904": "2.42",
        "200905": "2.31",
        "200906": "2.10",
        "200907": "2.07",
        "200908": "2.10",
        "200909": "2.29",
        "200910": "2.80",
        "200911": "2.92",
        "200912": "5.47",
        "201001": "5.82",
        "201002": "5.38",
        "201003": "5.63",
        "201004": "6.28",
        "201005": "5.51",
        "201006": "5.31",
        "201007": "5.69",
        "201008": "7.67",
        "201009": "8.78",
        "201010": "11.01",
        "201011": "10.44",
        "201012": "10.09",
        "201101": "10.43",
        "201102": "10.37",
        "201103": "9.28",
        "201104": "9.34",
        "201105": "9.04",
        "201106": "8.28",
        "201107": "7.63",
        "201108": "6.76",
        "201109": "5.45",
        "201110": "5.12",
        "201111": "4.68",
        "201112": "4.54",
        "201201": "4.83",
        "201202": "5.59",
        "201203": "5.41",
        "201204": "4.59",
        "201205": "4.36",
        "201206": "3.98",
        "201207": "3.87",
        "201208": "4.03",
        "201209": "4.54",
        "201210": "4.66",
        "201211": "4.50",
        "201212": "4.63",
        "201301": "4.78",
        "201302": "4.39",
        "201303": "4.06",
        "201304": "3.94",
        "201305": "4.12",
        "201306": "4.24",
        "201307": "4.08",
        "201308": "4.03",
        "201309": "4.06",
        "201310": "4.34",
        "201311": "4.12",
        "201312": "4.56",
        "201401": "5.04",
        "201402": "4.83",
        "201403": "4.54",
        "201404": "4.30",
        "201405": "4.07",
        "201406": "4.06",
        "201407": "4.44",
        "201408": "4.13",
        "201409": "4.05",
        "201410": "3.72",
        "201411": "3.57",
        "201412": "5.59",
        "201501": "6.22",
        "201502": "6.47",
        "201503": "6.46",
        "201504": "6.54",
        "201505": "6.77",
        "201506": "8.03",
        "201507": "7.93",
        "201508": "7.36",
        "201509": "7.91",
        "201510": "8.76",
        "201511": "8.28",
        "201512": "7.53",
        "201601": "7.24",
        "201602": "7.19",
        "201603": "7.15",
        "201604": "6.98",
        "201605": "6.36",
        "201606": "6.53",
        "201607": "6.52",
        "201608": "6.44",
        "201609": "6.34",
        "201610": "5.93",
        "201611": "5.77",
        "201612": "5.91",
        "201701": "5.60",
        "201702": "5.73",
        "201703": "5.88",
        "201704": "5.99",
        "201705": "6.08",
        "201706": "6.34",
        "201707": "7.66",
        "201708": "7.65",
        "201709": "7.82",
        "201710": "8.12",
        "201711": "8.93",
        "201712": "9.17",
        "201801": "9.06",
        "201802": "8.85",
        "201803": "9.53",
        "201804": "14.28",
        "201805": "14.70",
        "201806": "13.02",
        "201807": "11.65",
        "201808": "13.44",
        "201809": "13.06",
        "201810": "12.06",
        "201811": "11.68",
        "201812": "11.19",
        "201901": "10.80",
        "201902": "12.15",
        "201903": "12.31",
        "201904": "13.20",
        "201905": "12.67",
        "201906": "12.28",
        "201907": "12.25",
        "201908": "12.20",
        "201909": "11.26",
        "201910": "10.04",
        "201911": "9.80",
        "201912": "9.61",
        "202001": "9.32",
        "202002": "9.32",
        "202003": "7.32",
        "202004": "6.92",
        "202005": "7.10",
        "202006": "7.67",
        "202007": "8.15",
        "202008": "8.31",
        "202009": "8.72",
        "202010": "9.01",
        "202011": "8.71",
        "202012": "8.72",
        "202101": "8.39",
        "202102": "8.10",
        "202103": "8.38",
        "202104": "9.66",
        "202105": "12.04",
        "202106": "11.71",
        "202107": "11.16",
        "202108": "10.41",
        "202109": "10.24",
        "202110": "10.09",
        "202111": "10.09",
        "202112": "10.35",
        "202201": "10.58",
        "202202": "10.38",
        "202203": "10.61",
        "202204": "10.35",
        "202205": "9.93",
        "202206": "9.88",
        "202207": "9.54",
        "202208": "10.91",
        "202209": "10.95",
        "202210": "10.23",
        "202211": "9.75",
        "202212": "9.59",
        "202301": "9.44",
        "202302": "9.50",
        "202303": "9.63",
        "202304": "9.53",
        "202305": "9.27"
    },
    "quarters": {
        "20011": {
            "year_quarter": 20011,
            "year": 2001,
            "quarter": 1,
            "eps": -0.19,
            "eps_growth_year": null,
            "eps_4q": -1.5,
            "eps_4q_growth_year": null,
            "roe": -2.01,
            "gross_profit": -8815,
            "gross_margin": -1.05,
            "net_income": -53320,
            "revenue": 841148,
            "common_shares": 2836457,
            "equity": 2632555,
            "current_ratio": 79.51,
            "debt_ratio": 50.32,
            "inventory_turnover_ratio": 0.82,
            "account_receivable_turnover_ratio": null,
            "reinvestment_rate": null,
            "research_to_sale_ratio": null,
            "price_fair": 0,
            "eps_avg_yearly": 0,
            "eps_latest_yearly": 0,
            "eps_growth_yearly": 0
        },
        "20012": {
            "year_quarter": 20012,
            "year": 2001,
            "quarter": 2,
            "eps": -0.43,
            "eps_growth_year": null,
            "eps_4q": -1.2,
            "eps_4q_growth_year": null,
            "roe": -4.69,
            "gross_profit": -101881,
            "gross_margin": -15.18,
            "net_income": -120704,
            "revenue": 671360,
            "common_shares": 2836457,
            "equity": 2511851,
            "current_ratio": 79.11,
            "debt_ratio": 50.58,
            "inventory_turnover_ratio": 0.71,
            "account_receivable_turnover_ratio": null,
            "reinvestment_rate": null,
            "research_to_sale_ratio": null,
            "price_fair": 0,
            "eps_avg_yearly": 0,
            "eps_latest_yearly": 0,
            "eps_growth_yearly": 0
        },
        "20013": {
            "year_quarter": 20013,
            "year": 2001,
            "quarter": 3,
            "eps": -0.45,
            "eps_growth_year": null,
            "eps_4q": -1.38,
            "eps_4q_growth_year": null,
            "roe": -5.23,
            "gross_profit": -107646,
            "gross_margin": -16.18,
            "net_income": -128063,
            "revenue": 665448,
            "common_shares": 2836457,
            "equity": 2383787,
            "current_ratio": 66.93,
            "debt_ratio": 47.46,
            "inventory_turnover_ratio": 0.86,
            "account_receivable_turnover_ratio": null,
            "reinvestment_rate": null,
            "research_to_sale_ratio": null,
            "price_fair": 0,
            "eps_avg_yearly": 0,
            "eps_latest_yearly": 0,
            "eps_growth_yearly": 0
        },
        "20014": {
            "year_quarter": 20014,
            "year": 2001,
            "quarter": 4,
            "eps": -0.47,
            "eps_growth_year": null,
            "eps_4q": -1.54,
            "eps_4q_growth_year": null,
            "roe": -5.8,
            "gross_profit": -104073,
            "gross_margin": -16.24,
            "net_income": -134359,
            "revenue": 640845,
            "common_shares": 2836457,
            "equity": 2249428,
            "current_ratio": 69.19,
            "debt_ratio": 46.72,
            "inventory_turnover_ratio": 1.2,
            "account_receivable_turnover_ratio": null,
            "reinvestment_rate": null,
            "research_to_sale_ratio": null,
            "price_fair": 0,
            "eps_avg_yearly": 0,
            "eps_latest_yearly": 0,
            "eps_growth_yearly": 0
        },
        "20021": {
            "year_quarter": 20021,
            "year": 2002,
            "quarter": 1,
            "eps": -0.14,
            "eps_growth_year": null,
            "eps_4q": -1.52,
            "eps_4q_growth_year": null,
            "roe": -1.74,
            "gross_profit": 17369,
            "gross_margin": 2.12,
            "net_income": -38873,
            "revenue": 820642,
            "common_shares": 2836457,
            "equity": 2210555,
            "current_ratio": 69.4,
            "debt_ratio": 47.72,
            "inventory_turnover_ratio": 1.58,
            "account_receivable_turnover_ratio": null,
            "reinvestment_rate": null,
            "research_to_sale_ratio": null,
            "price_fair": 0,
            "eps_avg_yearly": 0,
            "eps_latest_yearly": 0,
            "eps_growth_yearly": 0
        },
        "20022": {
            "year_quarter": 20022,
            "year": 2002,
            "quarter": 2,
            "eps": 0.35,
            "eps_growth_year": null,
            "eps_4q": -0.7,
            "eps_4q_growth_year": null,
            "roe": 4.43,
            "gross_profit": 128789,
            "gross_margin": 13.08,
            "net_income": 100055,
            "revenue": 984852,
            "common_shares": 2836457,
            "equity": 2310610,
            "current_ratio": 78.21,
            "debt_ratio": 44.04,
            "inventory_turnover_ratio": 1.95,
            "account_receivable_turnover_ratio": null,
            "reinvestment_rate": null,
            "research_to_sale_ratio": null,
            "price_fair": 0,
            "eps_avg_yearly": 0,
            "eps_latest_yearly": 0,
            "eps_growth_yearly": 0
        },
        "20023": {
            "year_quarter": 20023,
            "year": 2002,
            "quarter": 3,
            "eps": -0.12,
            "eps_growth_year": null,
            "eps_4q": -0.37,
            "eps_4q_growth_year": null,
            "roe": -1.43,
            "gross_profit": -2398,
            "gross_margin": -0.27,
            "net_income": -32781,
            "revenue": 880963,
            "common_shares": 2836457,
            "equity": 2277829,
            "current_ratio": 72.55,
            "debt_ratio": 42.41,
            "inventory_turnover_ratio": 2.1,
            "account_receivable_turnover_ratio": null,
            "reinvestment_rate": null,
            "research_to_sale_ratio": null,
            "price_fair": 0,
            "eps_avg_yearly": 0,
            "eps_latest_yearly": 0,
            "eps_growth_yearly": 0
        },
        "20024": {
            "year_quarter": 20024,
            "year": 2002,
            "quarter": 4,
            "eps": -0.21,
            "eps_growth_year": null,
            "eps_4q": -0.11,
            "eps_4q_growth_year": null,
            "roe": -2.65,
            "gross_profit": 16578,
            "gross_margin": 1.83,
            "net_income": -59682,
            "revenue": 907584,
            "common_shares": 2836457,
            "equity": 2218147,
            "current_ratio": 74.99,
            "debt_ratio": 42.67,
            "inventory_turnover_ratio": 2.12,
            "account_receivable_turnover_ratio": null,
            "reinvestment_rate": null,
            "research_to_sale_ratio": null,
            "price_fair": 0,
            "eps_avg_yearly": 0,
            "eps_latest_yearly": 0,
            "eps_growth_yearly": 0
        },
        "20031": {
            "year_quarter": 20031,
            "year": 2003,
            "quarter": 1,
            "eps": 0.07,
            "eps_growth_year": null,
            "eps_4q": 0.1,
            "eps_4q_growth_year": null,
            "roe": 0.88,
            "gross_profit": 90048,
            "gross_margin": 8.6,
            "net_income": 19644,
            "revenue": 1046710,
            "common_shares": 2836457,
            "equity": 2237791,
            "current_ratio": 103.17,
            "debt_ratio": 43.31,
            "inventory_turnover_ratio": 1.8,
            "account_receivable_turnover_ratio": null,
            "reinvestment_rate": null,
            "research_to_sale_ratio": null,
            "price_fair": 0,
            "eps_avg_yearly": 0,
            "eps_latest_yearly": 0,
            "eps_growth_yearly": 0
        },
        "20032": {
            "year_quarter": 20032,
            "year": 2003,
            "quarter": 2,
            "eps": -0.57,
            "eps_growth_year": -262.86,
            "eps_4q": -0.82,
            "eps_4q_growth_year": null,
            "roe": -7.43,
            "gross_profit": -28255,
            "gross_margin": -3.12,
            "net_income": -160393,
            "revenue": 906502,
            "common_shares": 2836457,
            "equity": 2077398,
            "current_ratio": 96.8,
            "debt_ratio": 45.83,
            "inventory_turnover_ratio": 1.58,
            "account_receivable_turnover_ratio": null,
            "reinvestment_rate": null,
            "research_to_sale_ratio": null,
            "price_fair": 0,
            "eps_avg_yearly": 0,
            "eps_latest_yearly": 0,
            "eps_growth_yearly": 0
        },
        "20033": {
            "year_quarter": 20033,
            "year": 2003,
            "quarter": 3,
            "eps": -0.08,
            "eps_growth_year": null,
            "eps_4q": -0.79,
            "eps_4q_growth_year": null,
            "roe": -1.12,
            "gross_profit": 53368,
            "gross_margin": 5.8,
            "net_income": -23165,
            "revenue": 920644,
            "common_shares": 2836457,
            "equity": 2054233,
            "current_ratio": 98.78,
            "debt_ratio": 43.94,
            "inventory_turnover_ratio": 1.47,
            "account_receivable_turnover_ratio": null,
            "reinvestment_rate": null,
            "research_to_sale_ratio": null,
            "price_fair": 0,
            "eps_avg_yearly": 0,
            "eps_latest_yearly": 0,
            "eps_growth_yearly": 0
        },
        "20034": {
            "year_quarter": 20034,
            "year": 2003,
            "quarter": 4,
            "eps": 0.01,
            "eps_growth_year": null,
            "eps_4q": -0.57,
            "eps_4q_growth_year": null,
            "roe": 0.17,
            "gross_profit": 41605,
            "gross_margin": 4.45,
            "net_income": 3415,
            "revenue": 934269,
            "common_shares": 2836457,
            "equity": 2057648,
            "current_ratio": 101.88,
            "debt_ratio": 45.68,
            "inventory_turnover_ratio": 1.2,
            "account_receivable_turnover_ratio": null,
            "reinvestment_rate": null,
            "research_to_sale_ratio": null,
            "price_fair": 0,
            "eps_avg_yearly": 0,
            "eps_latest_yearly": 0,
            "eps_growth_yearly": 0
        },
        "20041": {
            "year_quarter": 20041,
            "year": 2004,
            "quarter": 1,
            "eps": 0.15,
            "eps_growth_year": 114.29,
            "eps_4q": -0.51,
            "eps_4q_growth_year": -622.28,
            "roe": 1.98,
            "gross_profit": 52523,
            "gross_margin": 4.74,
            "net_income": 41135,
            "revenue": 1106929,
            "common_shares": 2836457,
            "equity": 2098783,
            "current_ratio": 104.25,
            "debt_ratio": 44,
            "inventory_turnover_ratio": 1.22,
            "account_receivable_turnover_ratio": null,
            "reinvestment_rate": null,
            "research_to_sale_ratio": null,
            "price_fair": 21,
            "eps_avg_yearly": 0.6,
            "eps_latest_yearly": 0.6,
            "eps_growth_yearly": 5600
        },
        "20042": {
            "year_quarter": 20042,
            "year": 2004,
            "quarter": 2,
            "eps": -0.16,
            "eps_growth_year": null,
            "eps_4q": -0.09,
            "eps_4q_growth_year": null,
            "roe": -2.08,
            "gross_profit": 2379,
            "gross_margin": 0.2,
            "net_income": -46166,
            "revenue": 1217064,
            "common_shares": 2836457,
            "equity": 2350412,
            "current_ratio": 102.63,
            "debt_ratio": 47.2,
            "inventory_turnover_ratio": 1.34,
            "account_receivable_turnover_ratio": null,
            "reinvestment_rate": null,
            "research_to_sale_ratio": null,
            "price_fair": 21,
            "eps_avg_yearly": 0.6,
            "eps_latest_yearly": 0.6,
            "eps_growth_yearly": 5600
        },
        "20043": {
            "year_quarter": 20043,
            "year": 2004,
            "quarter": 3,
            "eps": -0.12,
            "eps_growth_year": null,
            "eps_4q": -0.13,
            "eps_4q_growth_year": null,
            "roe": -1.51,
            "gross_profit": -1888,
            "gross_margin": -0.14,
            "net_income": -35210,
            "revenue": 1381588,
            "common_shares": 2836457,
            "equity": 2315202,
            "current_ratio": 103.82,
            "debt_ratio": 48.48,
            "inventory_turnover_ratio": 1.42,
            "account_receivable_turnover_ratio": null,
            "reinvestment_rate": null,
            "research_to_sale_ratio": null,
            "price_fair": 21,
            "eps_avg_yearly": 0.6,
            "eps_latest_yearly": 0.6,
            "eps_growth_yearly": 5600
        },
        "20044": {
            "year_quarter": 20044,
            "year": 2004,
            "quarter": 4,
            "eps": -0.02,
            "eps_growth_year": -300,
            "eps_4q": -0.17,
            "eps_4q_growth_year": null,
            "roe": -0.29,
            "gross_profit": 51437,
            "gross_margin": 4.89,
            "net_income": -6743,
            "revenue": 1051704,
            "common_shares": 2836457,
            "equity": 2308459,
            "current_ratio": 110.92,
            "debt_ratio": 47.04,
            "inventory_turnover_ratio": 0.95,
            "account_receivable_turnover_ratio": null,
            "reinvestment_rate": null,
            "research_to_sale_ratio": null,
            "price_fair": 21,
            "eps_avg_yearly": 0.6,
            "eps_latest_yearly": 0.6,
            "eps_growth_yearly": 5600
        },
        "20051": {
            "year_quarter": 20051,
            "year": 2005,
            "quarter": 1,
            "eps": -0.16,
            "eps_growth_year": -206.67,
            "eps_4q": -0.47,
            "eps_4q_growth_year": null,
            "roe": -1.95,
            "gross_profit": -38773,
            "gross_margin": -3.88,
            "net_income": -45825,
            "revenue": 999163,
            "common_shares": 2836457,
            "equity": 2396360,
            "current_ratio": 108.68,
            "debt_ratio": 45.52,
            "inventory_turnover_ratio": 0.91,
            "account_receivable_turnover_ratio": null,
            "reinvestment_rate": null,
            "research_to_sale_ratio": null,
            "price_fair": 21,
            "eps_avg_yearly": 0.6,
            "eps_latest_yearly": 0.6,
            "eps_growth_yearly": 5600
        },
        "20052": {
            "year_quarter": 20052,
            "year": 2005,
            "quarter": 2,
            "eps": -0.58,
            "eps_growth_year": null,
            "eps_4q": -0.89,
            "eps_4q_growth_year": null,
            "roe": -7.1,
            "gross_profit": -161916,
            "gross_margin": -18.77,
            "net_income": -163816,
            "revenue": 862818,
            "common_shares": 2836457,
            "equity": 2217504,
            "current_ratio": 99.37,
            "debt_ratio": 45.79,
            "inventory_turnover_ratio": 0.99,
            "account_receivable_turnover_ratio": null,
            "reinvestment_rate": null,
            "research_to_sale_ratio": null,
            "price_fair": 21,
            "eps_avg_yearly": 0.6,
            "eps_latest_yearly": 0.6,
            "eps_growth_yearly": 5600
        },
        "20053": {
            "year_quarter": 20053,
            "year": 2005,
            "quarter": 3,
            "eps": -0.29,
            "eps_growth_year": null,
            "eps_4q": -1.05,
            "eps_4q_growth_year": null,
            "roe": -3.72,
            "gross_profit": -57734,
            "gross_margin": -5.78,
            "net_income": -81086,
            "revenue": 998088,
            "common_shares": 2836457,
            "equity": 2136418,
            "current_ratio": 96.47,
            "debt_ratio": 48.78,
            "inventory_turnover_ratio": 1.11,
            "account_receivable_turnover_ratio": null,
            "reinvestment_rate": null,
            "research_to_sale_ratio": null,
            "price_fair": 21,
            "eps_avg_yearly": 0.6,
            "eps_latest_yearly": 0.6,
            "eps_growth_yearly": 5600
        },
        "20054": {
            "year_quarter": 20054,
            "year": 2005,
            "quarter": 4,
            "eps": -0.35,
            "eps_growth_year": null,
            "eps_4q": -1.36,
            "eps_4q_growth_year": null,
            "roe": -4.73,
            "gross_profit": -25122,
            "gross_margin": -2.85,
            "net_income": -99139,
            "revenue": 880764,
            "common_shares": 2836457,
            "equity": 2053163,
            "current_ratio": 97.19,
            "debt_ratio": 49.03,
            "inventory_turnover_ratio": 0.88,
            "account_receivable_turnover_ratio": null,
            "reinvestment_rate": null,
            "research_to_sale_ratio": null,
            "price_fair": 21,
            "eps_avg_yearly": 0.6,
            "eps_latest_yearly": 0.6,
            "eps_growth_yearly": 5600
        },
        "20061": {
            "year_quarter": 20061,
            "year": 2006,
            "quarter": 1,
            "eps": -0.26,
            "eps_growth_year": null,
            "eps_4q": -1.5,
            "eps_4q_growth_year": null,
            "roe": -3.6,
            "gross_profit": -58048,
            "gross_margin": -6.13,
            "net_income": -72239,
            "revenue": 947396,
            "common_shares": 2836457,
            "equity": 1965040,
            "current_ratio": 93.15,
            "debt_ratio": 48.18,
            "inventory_turnover_ratio": 1.01,
            "account_receivable_turnover_ratio": null,
            "reinvestment_rate": null,
            "research_to_sale_ratio": null,
            "price_fair": 21,
            "eps_avg_yearly": 0.6,
            "eps_latest_yearly": 0.6,
            "eps_growth_yearly": 5600
        },
        "20062": {
            "year_quarter": 20062,
            "year": 2006,
            "quarter": 2,
            "eps": -0.17,
            "eps_growth_year": null,
            "eps_4q": -1.06,
            "eps_4q_growth_year": null,
            "roe": -2.43,
            "gross_profit": -30426,
            "gross_margin": -2.8,
            "net_income": -47118,
            "revenue": 1088332,
            "common_shares": 2836457,
            "equity": 1917922,
            "current_ratio": 90.33,
            "debt_ratio": 48.32,
            "inventory_turnover_ratio": 1.22,
            "account_receivable_turnover_ratio": null,
            "reinvestment_rate": null,
            "research_to_sale_ratio": null,
            "price_fair": 21,
            "eps_avg_yearly": 0.6,
            "eps_latest_yearly": 0.6,
            "eps_growth_yearly": 5600
        },
        "20063": {
            "year_quarter": 20063,
            "year": 2006,
            "quarter": 3,
            "eps": -0.08,
            "eps_growth_year": null,
            "eps_4q": -0.85,
            "eps_4q_growth_year": null,
            "roe": -1.13,
            "gross_profit": 7336,
            "gross_margin": 0.68,
            "net_income": -21613,
            "revenue": 1072711,
            "common_shares": 2836457,
            "equity": 1896309,
            "current_ratio": 89.15,
            "debt_ratio": 47.4,
            "inventory_turnover_ratio": 1.19,
            "account_receivable_turnover_ratio": null,
            "reinvestment_rate": null,
            "research_to_sale_ratio": null,
            "price_fair": 21,
            "eps_avg_yearly": 0.6,
            "eps_latest_yearly": 0.6,
            "eps_growth_yearly": 5600
        },
        "20064": {
            "year_quarter": 20064,
            "year": 2006,
            "quarter": 4,
            "eps": -0.27,
            "eps_growth_year": null,
            "eps_4q": -0.83,
            "eps_4q_growth_year": null,
            "roe": -4.03,
            "gross_profit": -19519,
            "gross_margin": -1.81,
            "net_income": -75459,
            "revenue": 1077258,
            "common_shares": 2836457,
            "equity": 1852394,
            "current_ratio": 92.95,
            "debt_ratio": 50.71,
            "inventory_turnover_ratio": 1.2,
            "account_receivable_turnover_ratio": null,
            "reinvestment_rate": null,
            "research_to_sale_ratio": null,
            "price_fair": 21,
            "eps_avg_yearly": 0.6,
            "eps_latest_yearly": 0.6,
            "eps_growth_yearly": 5600
        },
        "20071": {
            "year_quarter": 20071,
            "year": 2007,
            "quarter": 1,
            "eps": 0.07,
            "eps_growth_year": null,
            "eps_4q": -0.44,
            "eps_4q_growth_year": null,
            "roe": 1.07,
            "gross_profit": 46539,
            "gross_margin": 4.13,
            "net_income": 19677,
            "revenue": 1126475,
            "common_shares": 2836457,
            "equity": 1840528,
            "current_ratio": 92.79,
            "debt_ratio": 48.88,
            "inventory_turnover_ratio": 1.15,
            "account_receivable_turnover_ratio": null,
            "reinvestment_rate": null,
            "research_to_sale_ratio": null,
            "price_fair": 21,
            "eps_avg_yearly": 0.6,
            "eps_latest_yearly": 0.6,
            "eps_growth_yearly": 5600
        },
        "20072": {
            "year_quarter": 20072,
            "year": 2007,
            "quarter": 2,
            "eps": -0.21,
            "eps_growth_year": null,
            "eps_4q": -0.48,
            "eps_4q_growth_year": null,
            "roe": -3.25,
            "gross_profit": 9111,
            "gross_margin": 0.72,
            "net_income": -58774,
            "revenue": 1260220,
            "common_shares": 2836457,
            "equity": 1781754,
            "current_ratio": 94.15,
            "debt_ratio": 48.56,
            "inventory_turnover_ratio": 1.38,
            "account_receivable_turnover_ratio": null,
            "reinvestment_rate": null,
            "research_to_sale_ratio": null,
            "price_fair": 21,
            "eps_avg_yearly": 0.6,
            "eps_latest_yearly": 0.6,
            "eps_growth_yearly": 5600
        },
        "20073": {
            "year_quarter": 20073,
            "year": 2007,
            "quarter": 3,
            "eps": 0.07,
            "eps_growth_year": null,
            "eps_4q": -0.35,
            "eps_4q_growth_year": null,
            "roe": 1.06,
            "gross_profit": 51998,
            "gross_margin": 4.13,
            "net_income": 19068,
            "revenue": 1260024,
            "common_shares": 2836457,
            "equity": 1800822,
            "current_ratio": 98.87,
            "debt_ratio": 46.22,
            "inventory_turnover_ratio": 1.39,
            "account_receivable_turnover_ratio": null,
            "reinvestment_rate": null,
            "research_to_sale_ratio": null,
            "price_fair": 21,
            "eps_avg_yearly": 0.6,
            "eps_latest_yearly": 0.6,
            "eps_growth_yearly": 5600
        },
        "20074": {
            "year_quarter": 20074,
            "year": 2007,
            "quarter": 4,
            "eps": 0.16,
            "eps_growth_year": null,
            "eps_4q": 0.09,
            "eps_4q_growth_year": null,
            "roe": 2.36,
            "gross_profit": 58889,
            "gross_margin": 4.68,
            "net_income": 43729,
            "revenue": 1259014,
            "common_shares": 2836457,
            "equity": 1897672,
            "current_ratio": 114.74,
            "debt_ratio": 43.89,
            "inventory_turnover_ratio": 1.4,
            "account_receivable_turnover_ratio": null,
            "reinvestment_rate": null,
            "research_to_sale_ratio": null,
            "price_fair": 21.7,
            "eps_avg_yearly": 0.62,
            "eps_latest_yearly": 0.64,
            "eps_growth_yearly": 3057.14
        },
        "20081": {
            "year_quarter": 20081,
            "year": 2008,
            "quarter": 1,
            "eps": 0,
            "eps_growth_year": -100,
            "eps_4q": 0.01,
            "eps_4q_growth_year": null,
            "roe": 0.01,
            "gross_profit": 23404,
            "gross_margin": 2.09,
            "net_income": 104,
            "revenue": 1119537,
            "common_shares": 2836457,
            "equity": 1897225,
            "current_ratio": 120.8,
            "debt_ratio": 43.39,
            "inventory_turnover_ratio": 1.32,
            "account_receivable_turnover_ratio": null,
            "reinvestment_rate": null,
            "research_to_sale_ratio": null,
            "price_fair": 22.4,
            "eps_avg_yearly": 0.64,
            "eps_latest_yearly": 0.64,
            "eps_growth_yearly": 514.29
        },
        "20082": {
            "year_quarter": 20082,
            "year": 2008,
            "quarter": 2,
            "eps": -0.19,
            "eps_growth_year": null,
            "eps_4q": 0.03,
            "eps_4q_growth_year": null,
            "roe": -3.64,
            "gross_profit": 1977,
            "gross_margin": 0.18,
            "net_income": -67881,
            "revenue": 1073297,
            "common_shares": 2836457,
            "equity": 1829120,
            "current_ratio": 112.65,
            "debt_ratio": 47.56,
            "inventory_turnover_ratio": 1.22,
            "account_receivable_turnover_ratio": null,
            "reinvestment_rate": null,
            "research_to_sale_ratio": null,
            "price_fair": 22.4,
            "eps_avg_yearly": 0.64,
            "eps_latest_yearly": 0.64,
            "eps_growth_yearly": 514.29
        },
        "20083": {
            "year_quarter": 20083,
            "year": 2008,
            "quarter": 3,
            "eps": -0.06,
            "eps_growth_year": -185.71,
            "eps_4q": -0.1,
            "eps_4q_growth_year": null,
            "roe": -1.01,
            "gross_profit": -13365,
            "gross_margin": -1.63,
            "net_income": -18148,
            "revenue": 821087,
            "common_shares": 2836457,
            "equity": 1762716,
            "current_ratio": 112.21,
            "debt_ratio": 45.85,
            "inventory_turnover_ratio": 0.87,
            "account_receivable_turnover_ratio": null,
            "reinvestment_rate": null,
            "research_to_sale_ratio": null,
            "price_fair": 22.4,
            "eps_avg_yearly": 0.64,
            "eps_latest_yearly": 0.64,
            "eps_growth_yearly": 514.29
        },
        "20084": {
            "year_quarter": 20084,
            "year": 2008,
            "quarter": 4,
            "eps": -0.88,
            "eps_growth_year": -650,
            "eps_4q": -1.11,
            "eps_4q_growth_year": -1383.37,
            "roe": -14.85,
            "gross_profit": -245969,
            "gross_margin": -42.73,
            "net_income": -242060,
            "revenue": 575666,
            "common_shares": 2836457,
            "equity": 1497756,
            "current_ratio": 95.21,
            "debt_ratio": 49.14,
            "inventory_turnover_ratio": 0.97,
            "account_receivable_turnover_ratio": 8.04,
            "reinvestment_rate": null,
            "research_to_sale_ratio": null,
            "price_fair": 22.4,
            "eps_avg_yearly": 0.64,
            "eps_latest_yearly": 0.64,
            "eps_growth_yearly": 514.29
        },
        "20091": {
            "year_quarter": 20091,
            "year": 2009,
            "quarter": 1,
            "eps": -0.19,
            "eps_growth_year": null,
            "eps_4q": -1.31,
            "eps_4q_growth_year": -10594.18,
            "roe": -3.59,
            "gross_profit": -13717,
            "gross_margin": -2.51,
            "net_income": -52800,
            "revenue": 547339,
            "common_shares": 2836457,
            "equity": 1446988,
            "current_ratio": 97.28,
            "debt_ratio": 50.99,
            "inventory_turnover_ratio": 0.75,
            "account_receivable_turnover_ratio": 7.64,
            "reinvestment_rate": null,
            "research_to_sale_ratio": null,
            "price_fair": 22.4,
            "eps_avg_yearly": 0.64,
            "eps_latest_yearly": 0.64,
            "eps_growth_yearly": 514.29
        },
        "20092": {
            "year_quarter": 20092,
            "year": 2009,
            "quarter": 2,
            "eps": -0.11,
            "eps_growth_year": null,
            "eps_4q": -1.23,
            "eps_4q_growth_year": -4526.04,
            "roe": -2.53,
            "gross_profit": 43174,
            "gross_margin": 5.12,
            "net_income": -36638,
            "revenue": 842485,
            "common_shares": 2836457,
            "equity": 1449750,
            "current_ratio": 105.96,
            "debt_ratio": 51,
            "inventory_turnover_ratio": 1.01,
            "account_receivable_turnover_ratio": 8,
            "reinvestment_rate": null,
            "research_to_sale_ratio": null,
            "price_fair": 22.4,
            "eps_avg_yearly": 0.64,
            "eps_latest_yearly": 0.64,
            "eps_growth_yearly": 514.29
        },
        "20093": {
            "year_quarter": 20093,
            "year": 2009,
            "quarter": 3,
            "eps": -0.49,
            "eps_growth_year": null,
            "eps_4q": -2.42,
            "eps_4q_growth_year": null,
            "roe": -5.68,
            "gross_profit": -57685,
            "gross_margin": -6.33,
            "net_income": -80727,
            "revenue": 911275,
            "common_shares": 1701874,
            "equity": 1391522,
            "current_ratio": 105.36,
            "debt_ratio": 52.41,
            "inventory_turnover_ratio": 1.21,
            "account_receivable_turnover_ratio": 4.36,
            "reinvestment_rate": null,
            "research_to_sale_ratio": null,
            "price_fair": 22.4,
            "eps_avg_yearly": 0.64,
            "eps_latest_yearly": 0.64,
            "eps_growth_yearly": 514.29
        },
        "20094": {
            "year_quarter": 20094,
            "year": 2009,
            "quarter": 4,
            "eps": -0.26,
            "eps_growth_year": null,
            "eps_4q": -1.24,
            "eps_4q_growth_year": null,
            "roe": -3.14,
            "gross_profit": -8829,
            "gross_margin": -0.92,
            "net_income": -43317,
            "revenue": 954570,
            "common_shares": 1701874,
            "equity": 1364256,
            "current_ratio": 107.57,
            "debt_ratio": 53.11,
            "inventory_turnover_ratio": 1.26,
            "account_receivable_turnover_ratio": 7.87,
            "reinvestment_rate": null,
            "research_to_sale_ratio": null,
            "price_fair": 22.4,
            "eps_avg_yearly": 0.64,
            "eps_latest_yearly": 0.64,
            "eps_growth_yearly": 514.29
        },
        "20101": {
            "year_quarter": 20101,
            "year": 2010,
            "quarter": 1,
            "eps": -0.07,
            "eps_growth_year": null,
            "eps_4q": -0.99,
            "eps_4q_growth_year": null,
            "roe": -0.81,
            "gross_profit": 27370,
            "gross_margin": 2.85,
            "net_income": -10987,
            "revenue": 958975,
            "common_shares": 1701874,
            "equity": 1360558,
            "current_ratio": 110.72,
            "debt_ratio": 54.18,
            "inventory_turnover_ratio": 1.2,
            "account_receivable_turnover_ratio": 4.21,
            "reinvestment_rate": null,
            "research_to_sale_ratio": null,
            "price_fair": 22.4,
            "eps_avg_yearly": 0.64,
            "eps_latest_yearly": 0.64,
            "eps_growth_yearly": 514.29
        },
        "20102": {
            "year_quarter": 20102,
            "year": 2010,
            "quarter": 2,
            "eps": 0.09,
            "eps_growth_year": null,
            "eps_4q": -0.72,
            "eps_4q_growth_year": null,
            "roe": 1.13,
            "gross_profit": 62890,
            "gross_margin": 5.9,
            "net_income": 15337,
            "revenue": 1065589,
            "common_shares": 1701874,
            "equity": 1363891,
            "current_ratio": 120.24,
            "debt_ratio": 52.07,
            "inventory_turnover_ratio": 1.24,
            "account_receivable_turnover_ratio": 4.49,
            "reinvestment_rate": null,
            "research_to_sale_ratio": null,
            "price_fair": 22.4,
            "eps_avg_yearly": 0.64,
            "eps_latest_yearly": 0.64,
            "eps_growth_yearly": 514.29
        },
        "20103": {
            "year_quarter": 20103,
            "year": 2010,
            "quarter": 3,
            "eps": 0.33,
            "eps_growth_year": null,
            "eps_4q": 0.09,
            "eps_4q_growth_year": null,
            "roe": 4.06,
            "gross_profit": 80812,
            "gross_margin": 7.41,
            "net_income": 56865,
            "revenue": 1091192,
            "common_shares": 1701874,
            "equity": 1436830,
            "current_ratio": 128.12,
            "debt_ratio": 49,
            "inventory_turnover_ratio": 1.25,
            "account_receivable_turnover_ratio": 4.75,
            "reinvestment_rate": null,
            "research_to_sale_ratio": null,
            "price_fair": 34.3,
            "eps_avg_yearly": 0.98,
            "eps_latest_yearly": 1.32,
            "eps_growth_yearly": 790.48
        },
        "20104": {
            "year_quarter": 20104,
            "year": 2010,
            "quarter": 4,
            "eps": 0.36,
            "eps_growth_year": null,
            "eps_4q": 0.71,
            "eps_4q_growth_year": null,
            "roe": 4.03,
            "gross_profit": 117027,
            "gross_margin": 10.27,
            "net_income": 59669,
            "revenue": 1139690,
            "common_shares": 1701874,
            "equity": 1526676,
            "current_ratio": 135.21,
            "debt_ratio": 48.76,
            "inventory_turnover_ratio": 1.15,
            "account_receivable_turnover_ratio": 5.26,
            "reinvestment_rate": null,
            "research_to_sale_ratio": null,
            "price_fair": 39.67,
            "eps_avg_yearly": 1.13,
            "eps_latest_yearly": 1.44,
            "eps_growth_yearly": 539.11
        },
        "20111": {
            "year_quarter": 20111,
            "year": 2011,
            "quarter": 1,
            "eps": 0.47,
            "eps_growth_year": null,
            "eps_4q": 1.24,
            "eps_4q_growth_year": null,
            "roe": 4.97,
            "gross_profit": 113060,
            "gross_margin": 9.02,
            "net_income": 78119,
            "revenue": 1253378,
            "common_shares": 1701874,
            "equity": 1615905,
            "current_ratio": 142.78,
            "debt_ratio": 49.31,
            "inventory_turnover_ratio": 1.08,
            "account_receivable_turnover_ratio": 5.03,
            "reinvestment_rate": null,
            "research_to_sale_ratio": null,
            "price_fair": 46.2,
            "eps_avg_yearly": 1.32,
            "eps_latest_yearly": 1.88,
            "eps_growth_yearly": 434.88
        },
        "20112": {
            "year_quarter": 20112,
            "year": 2011,
            "quarter": 2,
            "eps": -0.24,
            "eps_growth_year": -365.21,
            "eps_4q": 0.91,
            "eps_4q_growth_year": null,
            "roe": -2.56,
            "gross_profit": -10846,
            "gross_margin": -0.96,
            "net_income": -40794,
            "revenue": 1128177,
            "common_shares": 1701874,
            "equity": 1575278,
            "current_ratio": 137.12,
            "debt_ratio": 51.42,
            "inventory_turnover_ratio": 0.98,
            "account_receivable_turnover_ratio": 4.3,
            "reinvestment_rate": null,
            "research_to_sale_ratio": null,
            "price_fair": 46.2,
            "eps_avg_yearly": 1.32,
            "eps_latest_yearly": 1.88,
            "eps_growth_yearly": 434.88
        },
        "20113": {
            "year_quarter": 20113,
            "year": 2011,
            "quarter": 3,
            "eps": -0.34,
            "eps_growth_year": -203.21,
            "eps_4q": 0.25,
            "eps_4q_growth_year": 171.24,
            "roe": -3.45,
            "gross_profit": -36097,
            "gross_margin": -3.6,
            "net_income": -53133,
            "revenue": 1003722,
            "common_shares": 1701874,
            "equity": 1509185,
            "current_ratio": 127.15,
            "debt_ratio": 53.98,
            "inventory_turnover_ratio": 0.87,
            "account_receivable_turnover_ratio": 3.86,
            "reinvestment_rate": null,
            "research_to_sale_ratio": null,
            "price_fair": 46.2,
            "eps_avg_yearly": 1.32,
            "eps_latest_yearly": 1.88,
            "eps_growth_yearly": 434.88
        },
        "20114": {
            "year_quarter": 20114,
            "year": 2011,
            "quarter": 4,
            "eps": -0.47,
            "eps_growth_year": -230.2,
            "eps_4q": -0.58,
            "eps_4q_growth_year": -181.28,
            "roe": -5.37,
            "gross_profit": -74643,
            "gross_margin": -8.03,
            "net_income": -78085,
            "revenue": 929800,
            "common_shares": 1701874,
            "equity": 1399696,
            "current_ratio": 113.65,
            "debt_ratio": 57.17,
            "inventory_turnover_ratio": 0.85,
            "account_receivable_turnover_ratio": 3.61,
            "reinvestment_rate": null,
            "research_to_sale_ratio": null,
            "price_fair": 54.13,
            "eps_avg_yearly": 1.55,
            "eps_latest_yearly": 1.88,
            "eps_growth_yearly": 408.42
        },
        "20121": {
            "year_quarter": 20121,
            "year": 2012,
            "quarter": 1,
            "eps": -0.42,
            "eps_growth_year": -189.36,
            "eps_4q": -1.46,
            "eps_4q_growth_year": -217.87,
            "roe": -4.89,
            "gross_profit": -48556,
            "gross_margin": -4.49,
            "net_income": -70876,
            "revenue": 1081818,
            "common_shares": 1701874,
            "equity": 1500191,
            "current_ratio": 111.36,
            "debt_ratio": 56.53,
            "inventory_turnover_ratio": 1,
            "account_receivable_turnover_ratio": 4.33,
            "reinvestment_rate": null,
            "research_to_sale_ratio": null,
            "price_fair": 54.13,
            "eps_avg_yearly": 1.55,
            "eps_latest_yearly": 1.88,
            "eps_growth_yearly": 408.42
        },
        "20122": {
            "year_quarter": 20122,
            "year": 2012,
            "quarter": 2,
            "eps": -0.02,
            "eps_growth_year": null,
            "eps_4q": -1.24,
            "eps_4q_growth_year": -236.46,
            "roe": -0.26,
            "gross_profit": 29401,
            "gross_margin": 2.96,
            "net_income": -3854,
            "revenue": 993747,
            "common_shares": 1701874,
            "equity": 1479059,
            "current_ratio": 108.59,
            "debt_ratio": 57.22,
            "inventory_turnover_ratio": 0.85,
            "account_receivable_turnover_ratio": 4.41,
            "reinvestment_rate": null,
            "research_to_sale_ratio": null,
            "price_fair": 54.13,
            "eps_avg_yearly": 1.55,
            "eps_latest_yearly": 1.88,
            "eps_growth_yearly": 408.42
        },
        "20123": {
            "year_quarter": 20123,
            "year": 2012,
            "quarter": 3,
            "eps": -0.27,
            "eps_growth_year": null,
            "eps_4q": -1.17,
            "eps_4q_growth_year": -574.05,
            "roe": -2.96,
            "gross_profit": -25094,
            "gross_margin": -2.84,
            "net_income": -43239,
            "revenue": 883943,
            "common_shares": 1701874,
            "equity": 1439750,
            "current_ratio": 97.93,
            "debt_ratio": 59.55,
            "inventory_turnover_ratio": 0.79,
            "account_receivable_turnover_ratio": 4.34,
            "reinvestment_rate": null,
            "research_to_sale_ratio": null,
            "price_fair": 54.13,
            "eps_avg_yearly": 1.55,
            "eps_latest_yearly": 1.88,
            "eps_growth_yearly": 408.42
        },
        "20124": {
            "year_quarter": 20124,
            "year": 2012,
            "quarter": 4,
            "eps": -0.91,
            "eps_growth_year": null,
            "eps_4q": -1.61,
            "eps_4q_growth_year": null,
            "roe": -11.22,
            "gross_profit": -77718,
            "gross_margin": -7.53,
            "net_income": -152548,
            "revenue": 1032336,
            "common_shares": 1701874,
            "equity": 1280402,
            "current_ratio": 91.86,
            "debt_ratio": 65.91,
            "inventory_turnover_ratio": 0.94,
            "account_receivable_turnover_ratio": 3.84,
            "reinvestment_rate": null,
            "research_to_sale_ratio": null,
            "price_fair": 54.13,
            "eps_avg_yearly": 1.55,
            "eps_latest_yearly": 1.88,
            "eps_growth_yearly": 408.42
        },
        "20131": {
            "year_quarter": 20131,
            "year": 2013,
            "quarter": 1,
            "eps": -0.42,
            "eps_growth_year": null,
            "eps_4q": -1.62,
            "eps_4q_growth_year": null,
            "roe": -5.85,
            "gross_profit": -41843,
            "gross_margin": -3.71,
            "net_income": -71515,
            "revenue": 1128664,
            "common_shares": 1701874,
            "equity": 1163751,
            "current_ratio": 90.19,
            "debt_ratio": 69.07,
            "inventory_turnover_ratio": 0.97,
            "account_receivable_turnover_ratio": 3.28,
            "reinvestment_rate": null,
            "research_to_sale_ratio": null,
            "price_fair": 54.13,
            "eps_avg_yearly": 1.55,
            "eps_latest_yearly": 1.88,
            "eps_growth_yearly": 408.42
        },
        "20132": {
            "year_quarter": 20132,
            "year": 2013,
            "quarter": 2,
            "eps": -0.71,
            "eps_growth_year": null,
            "eps_4q": -2.31,
            "eps_4q_growth_year": null,
            "roe": -10.72,
            "gross_profit": -82957,
            "gross_margin": -6.72,
            "net_income": -118976,
            "revenue": 1233840,
            "common_shares": 1701874,
            "equity": 1055409,
            "current_ratio": 84.5,
            "debt_ratio": 70.28,
            "inventory_turnover_ratio": 1.17,
            "account_receivable_turnover_ratio": 3.58,
            "reinvestment_rate": null,
            "research_to_sale_ratio": null,
            "price_fair": 54.13,
            "eps_avg_yearly": 1.55,
            "eps_latest_yearly": 1.88,
            "eps_growth_yearly": 408.42
        },
        "20133": {
            "year_quarter": 20133,
            "year": 2013,
            "quarter": 3,
            "eps": -0.12,
            "eps_growth_year": null,
            "eps_4q": -2.16,
            "eps_4q_growth_year": null,
            "roe": -1.93,
            "gross_profit": 14180,
            "gross_margin": 1.19,
            "net_income": -20319,
            "revenue": 1193663,
            "common_shares": 1701874,
            "equity": 1044805,
            "current_ratio": 86.74,
            "debt_ratio": 70.9,
            "inventory_turnover_ratio": 1.1,
            "account_receivable_turnover_ratio": 3.5,
            "reinvestment_rate": null,
            "research_to_sale_ratio": null,
            "price_fair": 54.13,
            "eps_avg_yearly": 1.55,
            "eps_latest_yearly": 1.88,
            "eps_growth_yearly": 408.42
        },
        "20134": {
            "year_quarter": 20134,
            "year": 2013,
            "quarter": 4,
            "eps": -0.52,
            "eps_growth_year": null,
            "eps_4q": -1.77,
            "eps_4q_growth_year": null,
            "roe": -8.66,
            "gross_profit": -51583,
            "gross_margin": -4.64,
            "net_income": -87158,
            "revenue": 1112904,
            "common_shares": 1701874,
            "equity": 969196,
            "current_ratio": 80.35,
            "debt_ratio": 71.39,
            "inventory_turnover_ratio": 1.16,
            "account_receivable_turnover_ratio": 3.37,
            "reinvestment_rate": null,
            "research_to_sale_ratio": null,
            "price_fair": 54.13,
            "eps_avg_yearly": 1.55,
            "eps_latest_yearly": 1.88,
            "eps_growth_yearly": 408.42
        },
        "20141": {
            "year_quarter": 20141,
            "year": 2014,
            "quarter": 1,
            "eps": -0.29,
            "eps_growth_year": null,
            "eps_4q": -1.64,
            "eps_4q_growth_year": null,
            "roe": -5.21,
            "gross_profit": -15831,
            "gross_margin": -1.65,
            "net_income": -48839,
            "revenue": 957423,
            "common_shares": 1701874,
            "equity": 905640,
            "current_ratio": 76.59,
            "debt_ratio": 72.02,
            "inventory_turnover_ratio": 1.08,
            "account_receivable_turnover_ratio": 3.38,
            "reinvestment_rate": null,
            "research_to_sale_ratio": null,
            "price_fair": 54.13,
            "eps_avg_yearly": 1.55,
            "eps_latest_yearly": 1.88,
            "eps_growth_yearly": 408.42
        },
        "20142": {
            "year_quarter": 20142,
            "year": 2014,
            "quarter": 2,
            "eps": -0.14,
            "eps_growth_year": null,
            "eps_4q": -1.06,
            "eps_4q_growth_year": null,
            "roe": -2.56,
            "gross_profit": 19645,
            "gross_margin": 2.21,
            "net_income": -23000,
            "revenue": 887400,
            "common_shares": 1701874,
            "equity": 889771,
            "current_ratio": 79.25,
            "debt_ratio": 72.9,
            "inventory_turnover_ratio": 0.95,
            "account_receivable_turnover_ratio": 3.41,
            "reinvestment_rate": null,
            "research_to_sale_ratio": null,
            "price_fair": 54.13,
            "eps_avg_yearly": 1.55,
            "eps_latest_yearly": 1.88,
            "eps_growth_yearly": 408.42
        },
        "20143": {
            "year_quarter": 20143,
            "year": 2014,
            "quarter": 3,
            "eps": -1,
            "eps_growth_year": null,
            "eps_4q": -2.57,
            "eps_4q_growth_year": null,
            "roe": -11.92,
            "gross_profit": -77289,
            "gross_margin": -8.91,
            "net_income": -99550,
            "revenue": 867541,
            "common_shares": 1021125,
            "equity": 780632,
            "current_ratio": 71,
            "debt_ratio": 73.73,
            "inventory_turnover_ratio": 1.06,
            "account_receivable_turnover_ratio": 4.13,
            "reinvestment_rate": null,
            "research_to_sale_ratio": null,
            "price_fair": 58.1,
            "eps_avg_yearly": 1.66,
            "eps_latest_yearly": 1.88,
            "eps_growth_yearly": 79.29
        },
        "20144": {
            "year_quarter": 20144,
            "year": 2014,
            "quarter": 4,
            "eps": -0.73,
            "eps_growth_year": null,
            "eps_4q": -2.44,
            "eps_4q_growth_year": null,
            "roe": -10.35,
            "gross_profit": -50551,
            "gross_margin": -6.33,
            "net_income": -75787,
            "revenue": 799190,
            "common_shares": 1021124,
            "equity": 683256,
            "current_ratio": 64.91,
            "debt_ratio": 75.52,
            "inventory_turnover_ratio": 1.07,
            "account_receivable_turnover_ratio": 5.05,
            "reinvestment_rate": null,
            "research_to_sale_ratio": null,
            "price_fair": 65.8,
            "eps_avg_yearly": 1.88,
            "eps_latest_yearly": 1.88,
            "eps_growth_yearly": 122.22
        },
        "20151": {
            "year_quarter": 20151,
            "year": 2015,
            "quarter": 1,
            "eps": -0.32,
            "eps_growth_year": null,
            "eps_4q": -2.28,
            "eps_4q_growth_year": null,
            "roe": -5.05,
            "gross_profit": -14996,
            "gross_margin": -2.59,
            "net_income": -32724,
            "revenue": 579570,
            "common_shares": 1021124,
            "equity": 612109,
            "current_ratio": 57.58,
            "debt_ratio": 77.43,
            "inventory_turnover_ratio": 0.77,
            "account_receivable_turnover_ratio": 3.78,
            "reinvestment_rate": null,
            "research_to_sale_ratio": null,
            "price_fair": 0,
            "eps_avg_yearly": 0,
            "eps_latest_yearly": 0,
            "eps_growth_yearly": 0
        },
        "20152": {
            "year_quarter": 20152,
            "year": 2015,
            "quarter": 2,
            "eps": 0.4,
            "eps_growth_year": null,
            "eps_4q": -1.25,
            "eps_4q_growth_year": null,
            "roe": 5.48,
            "gross_profit": -11501,
            "gross_margin": -1.56,
            "net_income": 40213,
            "revenue": 738986,
            "common_shares": 1321124,
            "equity": 855406,
            "current_ratio": 80.9,
            "debt_ratio": 66.94,
            "inventory_turnover_ratio": 0.98,
            "account_receivable_turnover_ratio": 5.11,
            "reinvestment_rate": null,
            "research_to_sale_ratio": null,
            "price_fair": 0,
            "eps_avg_yearly": 0,
            "eps_latest_yearly": 0,
            "eps_growth_yearly": 0
        },
        "20153": {
            "year_quarter": 20153,
            "year": 2015,
            "quarter": 3,
            "eps": -0.28,
            "eps_growth_year": null,
            "eps_4q": -0.77,
            "eps_4q_growth_year": null,
            "roe": -4.34,
            "gross_profit": -39770,
            "gross_margin": -6.74,
            "net_income": -36131,
            "revenue": 590450,
            "common_shares": 1321124,
            "equity": 809134,
            "current_ratio": 85.26,
            "debt_ratio": 68.31,
            "inventory_turnover_ratio": 0.93,
            "account_receivable_turnover_ratio": 2.93,
            "reinvestment_rate": null,
            "research_to_sale_ratio": null,
            "price_fair": 0,
            "eps_avg_yearly": 0,
            "eps_latest_yearly": 0,
            "eps_growth_yearly": 0
        },
        "20154": {
            "year_quarter": 20154,
            "year": 2015,
            "quarter": 4,
            "eps": 0.24,
            "eps_growth_year": null,
            "eps_4q": 0.03,
            "eps_4q_growth_year": null,
            "roe": 3.88,
            "gross_profit": -29821,
            "gross_margin": -4.76,
            "net_income": 32001,
            "revenue": 625951,
            "common_shares": 1321124,
            "equity": 841245,
            "current_ratio": 115.26,
            "debt_ratio": 63.48,
            "inventory_turnover_ratio": 1.16,
            "account_receivable_turnover_ratio": 2.69,
            "reinvestment_rate": null,
            "research_to_sale_ratio": null,
            "price_fair": 0,
            "eps_avg_yearly": 0,
            "eps_latest_yearly": 0,
            "eps_growth_yearly": 0
        },
        "20161": {
            "year_quarter": 20161,
            "year": 2016,
            "quarter": 1,
            "eps": -0.03,
            "eps_growth_year": null,
            "eps_4q": 0.25,
            "eps_4q_growth_year": null,
            "roe": -0.4,
            "gross_profit": 9292,
            "gross_margin": 2,
            "net_income": -3319,
            "revenue": 465683,
            "common_shares": 1321124,
            "equity": 837926,
            "current_ratio": 116.61,
            "debt_ratio": 63.85,
            "inventory_turnover_ratio": 0.89,
            "account_receivable_turnover_ratio": 2.08,
            "reinvestment_rate": null,
            "research_to_sale_ratio": null,
            "price_fair": 0,
            "eps_avg_yearly": 0,
            "eps_latest_yearly": 0,
            "eps_growth_yearly": 0
        },
        "20162": {
            "year_quarter": 20162,
            "year": 2016,
            "quarter": 2,
            "eps": -0.11,
            "eps_growth_year": -127.5,
            "eps_4q": -0.18,
            "eps_4q_growth_year": null,
            "roe": -1.83,
            "gross_profit": 240,
            "gross_margin": 0.05,
            "net_income": -15192,
            "revenue": 525693,
            "common_shares": 1321124,
            "equity": 822734,
            "current_ratio": 108.69,
            "debt_ratio": 64.3,
            "inventory_turnover_ratio": 0.97,
            "account_receivable_turnover_ratio": 2.58,
            "reinvestment_rate": null,
            "research_to_sale_ratio": null,
            "price_fair": 0,
            "eps_avg_yearly": 0,
            "eps_latest_yearly": 0,
            "eps_growth_yearly": 0
        },
        "20163": {
            "year_quarter": 20163,
            "year": 2016,
            "quarter": 3,
            "eps": -0.18,
            "eps_growth_year": null,
            "eps_4q": -0.08,
            "eps_4q_growth_year": null,
            "roe": -2.91,
            "gross_profit": -5331,
            "gross_margin": -0.93,
            "net_income": -23572,
            "revenue": 575631,
            "common_shares": 1321124,
            "equity": 799162,
            "current_ratio": 155.3,
            "debt_ratio": 65.2,
            "inventory_turnover_ratio": 1.1,
            "account_receivable_turnover_ratio": 2.84,
            "reinvestment_rate": null,
            "research_to_sale_ratio": null,
            "price_fair": 0,
            "eps_avg_yearly": 0,
            "eps_latest_yearly": 0,
            "eps_growth_yearly": 0
        },
        "20164": {
            "year_quarter": 20164,
            "year": 2016,
            "quarter": 4,
            "eps": -0.16,
            "eps_growth_year": -164.13,
            "eps_4q": -0.47,
            "eps_4q_growth_year": -1846.33,
            "roe": -2.6,
            "gross_profit": -407,
            "gross_margin": -0.06,
            "net_income": -20523,
            "revenue": 625727,
            "common_shares": 1321124,
            "equity": 778590,
            "current_ratio": 135.59,
            "debt_ratio": 66.16,
            "inventory_turnover_ratio": 1.25,
            "account_receivable_turnover_ratio": 2.58,
            "reinvestment_rate": null,
            "research_to_sale_ratio": null,
            "price_fair": 0,
            "eps_avg_yearly": 0,
            "eps_latest_yearly": 0,
            "eps_growth_yearly": 0
        },
        "20171": {
            "year_quarter": 20171,
            "year": 2017,
            "quarter": 1,
            "eps": -0.05,
            "eps_growth_year": null,
            "eps_4q": -0.5,
            "eps_4q_growth_year": -301.57,
            "roe": -0.94,
            "gross_profit": 12673,
            "gross_margin": 1.69,
            "net_income": -7262,
            "revenue": 751681,
            "common_shares": 1321124,
            "equity": 771328,
            "current_ratio": 131.12,
            "debt_ratio": 66.44,
            "inventory_turnover_ratio": 1.5,
            "account_receivable_turnover_ratio": 3.23,
            "reinvestment_rate": null,
            "research_to_sale_ratio": null,
            "price_fair": 0,
            "eps_avg_yearly": 0,
            "eps_latest_yearly": 0,
            "eps_growth_yearly": 0
        },
        "20172": {
            "year_quarter": 20172,
            "year": 2017,
            "quarter": 2,
            "eps": 0.22,
            "eps_growth_year": null,
            "eps_4q": -0.17,
            "eps_4q_growth_year": null,
            "roe": 3.74,
            "gross_profit": 48426,
            "gross_margin": 5.86,
            "net_income": 29414,
            "revenue": 826803,
            "common_shares": 1321124,
            "equity": 800742,
            "current_ratio": 148.5,
            "debt_ratio": 64.05,
            "inventory_turnover_ratio": 1.83,
            "account_receivable_turnover_ratio": 3.91,
            "reinvestment_rate": null,
            "research_to_sale_ratio": null,
            "price_fair": 0,
            "eps_avg_yearly": 0,
            "eps_latest_yearly": 0,
            "eps_growth_yearly": 0
        },
        "20173": {
            "year_quarter": 20173,
            "year": 2017,
            "quarter": 3,
            "eps": 0.3,
            "eps_growth_year": null,
            "eps_4q": 0.31,
            "eps_4q_growth_year": null,
            "roe": 4.86,
            "gross_profit": 57305,
            "gross_margin": 7.54,
            "net_income": 39893,
            "revenue": 760253,
            "common_shares": 1321124,
            "equity": 840635,
            "current_ratio": 144.87,
            "debt_ratio": 63.16,
            "inventory_turnover_ratio": 1.81,
            "account_receivable_turnover_ratio": 3.72,
            "reinvestment_rate": null,
            "research_to_sale_ratio": null,
            "price_fair": 42,
            "eps_avg_yearly": 1.2,
            "eps_latest_yearly": 1.2,
            "eps_growth_yearly": 145.45
        },
        "20174": {
            "year_quarter": 20174,
            "year": 2017,
            "quarter": 4,
            "eps": 0.41,
            "eps_growth_year": null,
            "eps_4q": 0.88,
            "eps_4q_growth_year": null,
            "roe": 6.28,
            "gross_profit": 71948,
            "gross_margin": 8.93,
            "net_income": 54517,
            "revenue": 805406,
            "common_shares": 1321124,
            "equity": 895152,
            "current_ratio": 132.37,
            "debt_ratio": 61.42,
            "inventory_turnover_ratio": 1.77,
            "account_receivable_turnover_ratio": 3.85,
            "reinvestment_rate": null,
            "research_to_sale_ratio": null,
            "price_fair": 49.7,
            "eps_avg_yearly": 1.42,
            "eps_latest_yearly": 1.64,
            "eps_growth_yearly": 146.06
        },
        "20181": {
            "year_quarter": 20181,
            "year": 2018,
            "quarter": 1,
            "eps": 0.39,
            "eps_growth_year": null,
            "eps_4q": 1.33,
            "eps_4q_growth_year": null,
            "roe": 5.58,
            "gross_profit": 75733,
            "gross_margin": 8.4,
            "net_income": 51413,
            "revenue": 901228,
            "common_shares": 1321124,
            "equity": 947281,
            "current_ratio": 124.82,
            "debt_ratio": 58.25,
            "inventory_turnover_ratio": 2.06,
            "account_receivable_turnover_ratio": 3.62,
            "reinvestment_rate": null,
            "research_to_sale_ratio": null,
            "price_fair": 51.33,
            "eps_avg_yearly": 1.47,
            "eps_latest_yearly": 1.56,
            "eps_growth_yearly": 90.87
        },
        "20182": {
            "year_quarter": 20182,
            "year": 2018,
            "quarter": 2,
            "eps": 0.61,
            "eps_growth_year": 177.27,
            "eps_4q": 1.71,
            "eps_4q_growth_year": null,
            "roe": 8.17,
            "gross_profit": 76777,
            "gross_margin": 8.87,
            "net_income": 80572,
            "revenue": 865553,
            "common_shares": 1321124,
            "equity": 1025457,
            "current_ratio": 104.49,
            "debt_ratio": 53.15,
            "inventory_turnover_ratio": 1.9,
            "account_receivable_turnover_ratio": 3.41,
            "reinvestment_rate": -3913.09,
            "research_to_sale_ratio": null,
            "price_fair": 59.85,
            "eps_avg_yearly": 1.71,
            "eps_latest_yearly": 2.44,
            "eps_growth_yearly": 124.56
        },
        "20183": {
            "year_quarter": 20183,
            "year": 2018,
            "quarter": 3,
            "eps": 0.35,
            "eps_growth_year": 16.67,
            "eps_4q": 1.76,
            "eps_4q_growth_year": 459.36,
            "roe": 4.37,
            "gross_profit": 65749,
            "gross_margin": 6.92,
            "net_income": 45755,
            "revenue": 950295,
            "common_shares": 1321124,
            "equity": 1069534,
            "current_ratio": 107.3,
            "debt_ratio": 51.14,
            "inventory_turnover_ratio": 1.94,
            "account_receivable_turnover_ratio": 4.15,
            "reinvestment_rate": -352.38,
            "research_to_sale_ratio": null,
            "price_fair": 57.68,
            "eps_avg_yearly": 1.65,
            "eps_latest_yearly": 1.4,
            "eps_growth_yearly": 65.55
        },
        "20184": {
            "year_quarter": 20184,
            "year": 2018,
            "quarter": 4,
            "eps": 0.49,
            "eps_growth_year": 18.58,
            "eps_4q": 1.83,
            "eps_4q_growth_year": 107.94,
            "roe": 5.87,
            "gross_profit": 65185,
            "gross_margin": 6.98,
            "net_income": 64644,
            "revenue": 933960,
            "common_shares": 1321124,
            "equity": 1134178,
            "current_ratio": 111.74,
            "debt_ratio": 51.8,
            "inventory_turnover_ratio": 1.76,
            "account_receivable_turnover_ratio": 3.62,
            "reinvestment_rate": -184.48,
            "research_to_sale_ratio": null,
            "price_fair": 59.5,
            "eps_avg_yearly": 1.7,
            "eps_latest_yearly": 1.96,
            "eps_growth_yearly": 81.29
        },
        "20191": {
            "year_quarter": 20191,
            "year": 2019,
            "quarter": 1,
            "eps": 0.29,
            "eps_growth_year": -25.64,
            "eps_4q": 1.73,
            "eps_4q_growth_year": 30.63,
            "roe": 3.29,
            "gross_profit": 54445,
            "gross_margin": 6.13,
            "net_income": 37941,
            "revenue": 887773,
            "common_shares": 1321124,
            "equity": 1173066,
            "current_ratio": 110.73,
            "debt_ratio": 49.34,
            "inventory_turnover_ratio": 1.59,
            "account_receivable_turnover_ratio": 3.4,
            "reinvestment_rate": -131.15,
            "research_to_sale_ratio": null,
            "price_fair": 56.8,
            "eps_avg_yearly": 1.62,
            "eps_latest_yearly": 1.16,
            "eps_growth_yearly": 46.36
        },
        "20192": {
            "year_quarter": 20192,
            "year": 2019,
            "quarter": 2,
            "eps": 0.28,
            "eps_growth_year": -54.1,
            "eps_4q": 1.4,
            "eps_4q_growth_year": -18.37,
            "roe": 3.06,
            "gross_profit": 59360,
            "gross_margin": 7.4,
            "net_income": 36469,
            "revenue": 802474,
            "common_shares": 1321124,
            "equity": 1207731,
            "current_ratio": 109.02,
            "debt_ratio": 46.7,
            "inventory_turnover_ratio": 1.45,
            "account_receivable_turnover_ratio": 4.23,
            "reinvestment_rate": -99.44,
            "research_to_sale_ratio": null,
            "price_fair": 54.6,
            "eps_avg_yearly": 1.56,
            "eps_latest_yearly": 1.12,
            "eps_growth_yearly": 38.84
        },
        "20193": {
            "year_quarter": 20193,
            "year": 2019,
            "quarter": 3,
            "eps": 0.06,
            "eps_growth_year": -82.86,
            "eps_4q": 1.11,
            "eps_4q_growth_year": -36.63,
            "roe": 0.67,
            "gross_profit": 27211,
            "gross_margin": 3.88,
            "net_income": 8116,
            "revenue": 700739,
            "common_shares": 1321124,
            "equity": 1215845,
            "current_ratio": 98.37,
            "debt_ratio": 47.66,
            "inventory_turnover_ratio": 1.37,
            "account_receivable_turnover_ratio": 4.59,
            "reinvestment_rate": -86.43,
            "research_to_sale_ratio": null,
            "price_fair": 4.24,
            "eps_avg_yearly": 1.41,
            "eps_latest_yearly": 0.24,
            "eps_growth_yearly": -0.4
        },
        "20194": {
            "year_quarter": 20194,
            "year": 2019,
            "quarter": 4,
            "eps": -0.11,
            "eps_growth_year": -121.6,
            "eps_4q": 0.52,
            "eps_4q_growth_year": -71.71,
            "roe": -1.16,
            "gross_profit": 5625,
            "gross_margin": 1.01,
            "net_income": -13964,
            "revenue": 556379,
            "common_shares": 1321124,
            "equity": 1199790,
            "current_ratio": 93.35,
            "debt_ratio": 56.4,
            "inventory_turnover_ratio": 1.09,
            "account_receivable_turnover_ratio": 3.44,
            "reinvestment_rate": -5.66,
            "research_to_sale_ratio": null,
            "price_fair": 4.24,
            "eps_avg_yearly": 1.41,
            "eps_latest_yearly": 0.24,
            "eps_growth_yearly": -0.4
        },
        "20201": {
            "year_quarter": 20201,
            "year": 2020,
            "quarter": 1,
            "eps": -0.29,
            "eps_growth_year": -200,
            "eps_4q": -0.06,
            "eps_4q_growth_year": -103.61,
            "roe": -3.3,
            "gross_profit": -20136,
            "gross_margin": -4.39,
            "net_income": -38895,
            "revenue": 458226,
            "common_shares": 1321124,
            "equity": 1160895,
            "current_ratio": 88.69,
            "debt_ratio": 56.73,
            "inventory_turnover_ratio": 0.9,
            "account_receivable_turnover_ratio": 3.26,
            "reinvestment_rate": -7.65,
            "research_to_sale_ratio": null,
            "price_fair": 4.24,
            "eps_avg_yearly": 1.41,
            "eps_latest_yearly": 0.24,
            "eps_growth_yearly": -0.4
        },
        "20202": {
            "year_quarter": 20202,
            "year": 2020,
            "quarter": 2,
            "eps": -0.47,
            "eps_growth_year": -267.86,
            "eps_4q": -0.81,
            "eps_4q_growth_year": -157.99,
            "roe": -5.53,
            "gross_profit": -48841,
            "gross_margin": -16.03,
            "net_income": -62433,
            "revenue": 304681,
            "common_shares": 1321124,
            "equity": 1098462,
            "current_ratio": 80.83,
            "debt_ratio": 57.96,
            "inventory_turnover_ratio": 0.66,
            "account_receivable_turnover_ratio": 3.83,
            "reinvestment_rate": -6.53,
            "research_to_sale_ratio": null,
            "price_fair": 4.24,
            "eps_avg_yearly": 1.41,
            "eps_latest_yearly": 0.24,
            "eps_growth_yearly": -0.4
        },
        "20203": {
            "year_quarter": 20203,
            "year": 2020,
            "quarter": 3,
            "eps": -0.29,
            "eps_growth_year": -583.33,
            "eps_4q": -1.16,
            "eps_4q_growth_year": -203.99,
            "roe": -3.49,
            "gross_profit": -21722,
            "gross_margin": -7.12,
            "net_income": -37755,
            "revenue": 304900,
            "common_shares": 1321124,
            "equity": 1063441,
            "current_ratio": 91.05,
            "debt_ratio": 60.36,
            "inventory_turnover_ratio": 0.61,
            "account_receivable_turnover_ratio": 4.45,
            "reinvestment_rate": 3.31,
            "research_to_sale_ratio": null,
            "price_fair": 4.24,
            "eps_avg_yearly": 1.41,
            "eps_latest_yearly": 0.24,
            "eps_growth_yearly": -0.4
        },
        "20204": {
            "year_quarter": 20204,
            "year": 2020,
            "quarter": 4,
            "eps": -0.17,
            "eps_growth_year": null,
            "eps_4q": -1.23,
            "eps_4q_growth_year": -336.34,
            "roe": -2.18,
            "gross_profit": 17835,
            "gross_margin": 3.63,
            "net_income": -22955,
            "revenue": 491156,
            "common_shares": 1321124,
            "equity": 1040486,
            "current_ratio": 86.48,
            "debt_ratio": 61.99,
            "inventory_turnover_ratio": 0.92,
            "account_receivable_turnover_ratio": 4.4,
            "reinvestment_rate": 6.9,
            "research_to_sale_ratio": null,
            "price_fair": 4.24,
            "eps_avg_yearly": 1.41,
            "eps_latest_yearly": 0.24,
            "eps_growth_yearly": -0.4
        },
        "20211": {
            "year_quarter": 20211,
            "year": 2021,
            "quarter": 1,
            "eps": 0.05,
            "eps_growth_year": null,
            "eps_4q": -0.88,
            "eps_4q_growth_year": null,
            "roe": 0.61,
            "gross_profit": 34673,
            "gross_margin": 5.61,
            "net_income": 6333,
            "revenue": 617660,
            "common_shares": 1321124,
            "equity": 1046819,
            "current_ratio": 86.44,
            "debt_ratio": 61.54,
            "inventory_turnover_ratio": 1.1,
            "account_receivable_turnover_ratio": 6.72,
            "reinvestment_rate": 19.08,
            "research_to_sale_ratio": null,
            "price_fair": 4.24,
            "eps_avg_yearly": 1.41,
            "eps_latest_yearly": 0.24,
            "eps_growth_yearly": -0.4
        },
        "20212": {
            "year_quarter": 20212,
            "year": 2021,
            "quarter": 2,
            "eps": 0.19,
            "eps_growth_year": null,
            "eps_4q": -0.22,
            "eps_4q_growth_year": null,
            "roe": 2.39,
            "gross_profit": 45940,
            "gross_margin": 6.02,
            "net_income": 25319,
            "revenue": 763212,
            "common_shares": 1321124,
            "equity": 1072138,
            "current_ratio": 89.96,
            "debt_ratio": 61.87,
            "inventory_turnover_ratio": 1.25,
            "account_receivable_turnover_ratio": 7.24,
            "reinvestment_rate": 17.75,
            "research_to_sale_ratio": null,
            "price_fair": 47.18,
            "eps_avg_yearly": 1.35,
            "eps_latest_yearly": 0.76,
            "eps_growth_yearly": 111.64
        },
        "20213": {
            "year_quarter": 20213,
            "year": 2021,
            "quarter": 3,
            "eps": 0.23,
            "eps_growth_year": null,
            "eps_4q": 0.29,
            "eps_4q_growth_year": null,
            "roe": 2.74,
            "gross_profit": 44740,
            "gross_margin": 5.96,
            "net_income": 29768,
            "revenue": 750477,
            "common_shares": 1321124,
            "equity": 1101906,
            "current_ratio": 92.23,
            "debt_ratio": 60.22,
            "inventory_turnover_ratio": 1.23,
            "account_receivable_turnover_ratio": 4.56,
            "reinvestment_rate": 18.9,
            "research_to_sale_ratio": null,
            "price_fair": 46.2,
            "eps_avg_yearly": 1.32,
            "eps_latest_yearly": 0.92,
            "eps_growth_yearly": 105.52
        },
        "20214": {
            "year_quarter": 20214,
            "year": 2021,
            "quarter": 4,
            "eps": 0.34,
            "eps_growth_year": null,
            "eps_4q": 0.8,
            "eps_4q_growth_year": null,
            "roe": 3.99,
            "gross_profit": 68198,
            "gross_margin": 8.18,
            "net_income": 44891,
            "revenue": 833977,
            "common_shares": 1321124,
            "equity": 1146797,
            "current_ratio": 121.82,
            "debt_ratio": 59.53,
            "inventory_turnover_ratio": 1.36,
            "account_receivable_turnover_ratio": 5.41,
            "reinvestment_rate": 21.57,
            "research_to_sale_ratio": null,
            "price_fair": 45.22,
            "eps_avg_yearly": 1.29,
            "eps_latest_yearly": 1.36,
            "eps_growth_yearly": 109.98
        },
        "20221": {
            "year_quarter": 20221,
            "year": 2022,
            "quarter": 1,
            "eps": 0.34,
            "eps_growth_year": 580,
            "eps_4q": 1.1,
            "eps_4q_growth_year": null,
            "roe": 3.89,
            "gross_profit": 75328,
            "gross_margin": 8.48,
            "net_income": 45466,
            "revenue": 888266,
            "common_shares": 1321124,
            "equity": 1192263,
            "current_ratio": 125.18,
            "debt_ratio": 58.98,
            "inventory_turnover_ratio": 1.32,
            "account_receivable_turnover_ratio": 5.38,
            "reinvestment_rate": 25.65,
            "research_to_sale_ratio": null,
            "price_fair": 44.52,
            "eps_avg_yearly": 1.27,
            "eps_latest_yearly": 1.36,
            "eps_growth_yearly": 111.93
        },
        "20222": {
            "year_quarter": 20222,
            "year": 2022,
            "quarter": 2,
            "eps": 0.5,
            "eps_growth_year": 163.16,
            "eps_4q": 1.41,
            "eps_4q_growth_year": null,
            "roe": 5.46,
            "gross_profit": 97312,
            "gross_margin": 10.95,
            "net_income": 66621,
            "revenue": 888526,
            "common_shares": 1321124,
            "equity": 1248227,
            "current_ratio": 135.6,
            "debt_ratio": 55.47,
            "inventory_turnover_ratio": 1.24,
            "account_receivable_turnover_ratio": 5.1,
            "reinvestment_rate": 33.29,
            "research_to_sale_ratio": null,
            "price_fair": 42.98,
            "eps_avg_yearly": 1.23,
            "eps_latest_yearly": 2,
            "eps_growth_yearly": 108.19
        },
        "20223": {
            "year_quarter": 20223,
            "year": 2022,
            "quarter": 3,
            "eps": -0.05,
            "eps_growth_year": -121.74,
            "eps_4q": 1.14,
            "eps_4q_growth_year": 290.84,
            "roe": -0.53,
            "gross_profit": 24824,
            "gross_margin": 3.43,
            "net_income": -6643,
            "revenue": 724266,
            "common_shares": 1321124,
            "equity": 1241584,
            "current_ratio": 138.69,
            "debt_ratio": 53.92,
            "inventory_turnover_ratio": 1.2,
            "account_receivable_turnover_ratio": 5.09,
            "reinvestment_rate": 39.87,
            "research_to_sale_ratio": null,
            "price_fair": 42.31,
            "eps_avg_yearly": 1.21,
            "eps_latest_yearly": 2,
            "eps_growth_yearly": 139.16
        },
        "20224": {
            "year_quarter": 20224,
            "year": 2022,
            "quarter": 4,
            "eps": -0.05,
            "eps_growth_year": -114.26,
            "eps_4q": 0.75,
            "eps_4q_growth_year": -6.84,
            "roe": -0.52,
            "gross_profit": 10683,
            "gross_margin": 1.66,
            "net_income": -6403,
            "revenue": 644875,
            "common_shares": 1321124,
            "equity": 1227959,
            "current_ratio": 136.76,
            "debt_ratio": 53.93,
            "inventory_turnover_ratio": 1.17,
            "account_receivable_turnover_ratio": 4.82,
            "reinvestment_rate": 45.67,
            "research_to_sale_ratio": null,
            "price_fair": 39.03,
            "eps_avg_yearly": 1.12,
            "eps_latest_yearly": 2,
            "eps_growth_yearly": 136.55
        },
        "20231": {
            "year_quarter": 20231,
            "year": 2023,
            "quarter": 1,
            "eps": -0.26,
            "eps_growth_year": -176.47,
            "eps_4q": 0.14,
            "eps_4q_growth_year": -87.16,
            "roe": -2.88,
            "gross_profit": -20457,
            "gross_margin": -4.37,
            "net_income": -34898,
            "revenue": 467757,
            "common_shares": 1321124,
            "equity": 1193061,
            "current_ratio": 127.62,
            "debt_ratio": 54.71,
            "inventory_turnover_ratio": 0.87,
            "account_receivable_turnover_ratio": 4.1,
            "reinvestment_rate": 16.28,
            "research_to_sale_ratio": null,
            "price_fair": 38.8,
            "eps_avg_yearly": 1.11,
            "eps_latest_yearly": 2,
            "eps_growth_yearly": 179.38
        }
    },
    "months": {
        "2001-06": {
            "month": "2001-06",
            "price": "1.77",
            "revenue": 208741
        },
        "2001-07": {
            "month": "2001-07",
            "price": "1.58",
            "revenue": 223186
        },
        "2001-08": {
            "month": "2001-08",
            "price": "1.86",
            "revenue": 252677
        },
        "2001-09": {
            "month": "2001-09",
            "price": "1.67",
            "revenue": 208049
        },
        "2001-10": {
            "month": "2001-10",
            "price": "1.44",
            "revenue": 230305
        },
        "2001-11": {
            "month": "2001-11",
            "price": "1.40",
            "revenue": 221228
        },
        "2001-12": {
            "month": "2001-12",
            "price": "1.46",
            "revenue": 190072
        },
        "2002-01": {
            "month": "2002-01",
            "price": "1.83",
            "revenue": 251965
        },
        "2002-02": {
            "month": "2002-02",
            "price": "2.42",
            "revenue": 229614
        },
        "2002-03": {
            "month": "2002-03",
            "price": "3.80",
            "revenue": 339071
        },
        "2002-04": {
            "month": "2002-04",
            "price": "4.14",
            "revenue": 369937
        },
        "2002-05": {
            "month": "2002-05",
            "price": "3.61",
            "revenue": 326848
        },
        "2002-06": {
            "month": "2002-06",
            "price": "3.59",
            "revenue": 268505
        },
        "2002-07": {
            "month": "2002-07",
            "price": "3.21",
            "revenue": 245337
        },
        "2002-08": {
            "month": "2002-08",
            "price": "2.83",
            "revenue": 343761
        },
        "2002-09": {
            "month": "2002-09",
            "price": "2.86",
            "revenue": 291865
        },
        "2002-10": {
            "month": "2002-10",
            "price": "2.65",
            "revenue": 278574
        },
        "2002-11": {
            "month": "2002-11",
            "price": "3.06",
            "revenue": 293107
        },
        "2002-12": {
            "month": "2002-12",
            "price": "3.35",
            "revenue": 332415
        },
        "2003-01": {
            "month": "2003-01",
            "price": "4.83",
            "revenue": 359572
        },
        "2003-02": {
            "month": "2003-02",
            "price": "5.92",
            "revenue": 411026
        },
        "2003-03": {
            "month": "2003-03",
            "price": "4.56",
            "revenue": 269065
        },
        "2003-04": {
            "month": "2003-04",
            "price": "3.89",
            "revenue": 193566
        },
        "2003-05": {
            "month": "2003-05",
            "price": "3.07",
            "revenue": 261802
        },
        "2003-06": {
            "month": "2003-06",
            "price": "3.73",
            "revenue": 449951
        },
        "2003-07": {
            "month": "2003-07",
            "price": "4.15",
            "revenue": 312798
        },
        "2003-08": {
            "month": "2003-08",
            "price": "4.12",
            "revenue": 316441
        },
        "2003-09": {
            "month": "2003-09",
            "price": "3.85",
            "revenue": 286881
        },
        "2003-10": {
            "month": "2003-10",
            "price": "4.13",
            "revenue": 331948
        },
        "2003-11": {
            "month": "2003-11",
            "price": "4.47",
            "revenue": 307152
        },
        "2003-12": {
            "month": "2003-12",
            "price": "4.64",
            "revenue": 279338
        },
        "2004-01": {
            "month": "2004-01",
            "price": "5.54",
            "revenue": 411504
        },
        "2004-02": {
            "month": "2004-02",
            "price": "6.02",
            "revenue": 345324
        },
        "2004-03": {
            "month": "2004-03",
            "price": "5.36",
            "revenue": 350100
        },
        "2004-04": {
            "month": "2004-04",
            "price": "4.85",
            "revenue": 374979
        },
        "2004-05": {
            "month": "2004-05",
            "price": "4.08",
            "revenue": 463456
        },
        "2004-06": {
            "month": "2004-06",
            "price": "4.07",
            "revenue": 372519
        },
        "2004-07": {
            "month": "2004-07",
            "price": "3.78",
            "revenue": 440950
        },
        "2004-08": {
            "month": "2004-08",
            "price": "3.89",
            "revenue": 541194
        },
        "2004-09": {
            "month": "2004-09",
            "price": "4.56",
            "revenue": 399444
        },
        "2004-10": {
            "month": "2004-10",
            "price": "4.52",
            "revenue": 350429
        },
        "2004-11": {
            "month": "2004-11",
            "price": "4.11",
            "revenue": 404543
        },
        "2004-12": {
            "month": "2004-12",
            "price": "3.90",
            "revenue": 296731
        },
        "2005-01": {
            "month": "2005-01",
            "price": "3.97",
            "revenue": 432828
        },
        "2005-02": {
            "month": "2005-02",
            "price": "3.77",
            "revenue": 244198
        },
        "2005-03": {
            "month": "2005-03",
            "price": "3.42",
            "revenue": 322137
        },
        "2005-04": {
            "month": "2005-04",
            "price": "2.81",
            "revenue": 299951
        },
        "2005-05": {
            "month": "2005-05",
            "price": "2.70",
            "revenue": 228589
        },
        "2005-06": {
            "month": "2005-06",
            "price": "3.07",
            "revenue": 334278
        },
        "2005-07": {
            "month": "2005-07",
            "price": "2.92",
            "revenue": 301378
        },
        "2005-08": {
            "month": "2005-08",
            "price": "2.70",
            "revenue": 341402
        },
        "2005-09": {
            "month": "2005-09",
            "price": "2.49",
            "revenue": 354841
        },
        "2005-10": {
            "month": "2005-10",
            "price": "2.33",
            "revenue": 303641
        },
        "2005-11": {
            "month": "2005-11",
            "price": "2.15",
            "revenue": 278192
        },
        "2005-12": {
            "month": "2005-12",
            "price": "2.21",
            "revenue": 298932
        },
        "2006-01": {
            "month": "2006-01",
            "price": "2.28",
            "revenue": 319740
        },
        "2006-02": {
            "month": "2006-02",
            "price": "2.10",
            "revenue": 294432
        },
        "2006-03": {
            "month": "2006-03",
            "price": "1.92",
            "revenue": 332534
        },
        "2006-04": {
            "month": "2006-04",
            "price": "1.97",
            "revenue": 382368
        },
        "2006-05": {
            "month": "2006-05",
            "price": "2.47",
            "revenue": 338184
        },
        "2006-06": {
            "month": "2006-06",
            "price": "2.17",
            "revenue": 367779
        },
        "2006-07": {
            "month": "2006-07",
            "price": "2.10",
            "revenue": 359617
        },
        "2006-08": {
            "month": "2006-08",
            "price": "2.00",
            "revenue": 401542
        },
        "2006-09": {
            "month": "2006-09",
            "price": "1.98",
            "revenue": 311553
        },
        "2006-10": {
            "month": "2006-10",
            "price": "2.11",
            "revenue": 289611
        },
        "2006-11": {
            "month": "2006-11",
            "price": "2.43",
            "revenue": 382073
        },
        "2006-12": {
            "month": "2006-12",
            "price": "3.84",
            "revenue": 404884
        },
        "2007-01": {
            "month": "2007-01",
            "price": "3.47",
            "revenue": 457878
        },
        "2007-02": {
            "month": "2007-02",
            "price": "3.27",
            "revenue": 287234
        },
        "2007-03": {
            "month": "2007-03",
            "price": "3.30",
            "revenue": 381363
        },
        "2007-04": {
            "month": "2007-04",
            "price": "3.93",
            "revenue": 465686
        },
        "2007-05": {
            "month": "2007-05",
            "price": "3.65",
            "revenue": 437642
        },
        "2007-06": {
            "month": "2007-06",
            "price": "3.78",
            "revenue": 356892
        },
        "2007-07": {
            "month": "2007-07",
            "price": "5.23",
            "revenue": 486373
        },
        "2007-08": {
            "month": "2007-08",
            "price": "5.04",
            "revenue": 395548
        },
        "2007-09": {
            "month": "2007-09",
            "price": "4.51",
            "revenue": 378103
        },
        "2007-10": {
            "month": "2007-10",
            "price": "4.53",
            "revenue": 436340
        },
        "2007-11": {
            "month": "2007-11",
            "price": "3.68",
            "revenue": 417964
        },
        "2007-12": {
            "month": "2007-12",
            "price": "3.47",
            "revenue": 404659
        },
        "2008-01": {
            "month": "2008-01",
            "price": "3.41",
            "revenue": 375593
        },
        "2008-02": {
            "month": "2008-02",
            "price": "3.39",
            "revenue": 346467
        },
        "2008-03": {
            "month": "2008-03",
            "price": "3.84",
            "revenue": 397477
        },
        "2008-04": {
            "month": "2008-04",
            "price": "4.09",
            "revenue": 374395
        },
        "2008-05": {
            "month": "2008-05",
            "price": "4.04",
            "revenue": 329800
        },
        "2008-06": {
            "month": "2008-06",
            "price": "3.35",
            "revenue": 369102
        },
        "2008-07": {
            "month": "2008-07",
            "price": "2.84",
            "revenue": 345882
        },
        "2008-08": {
            "month": "2008-08",
            "price": "2.77",
            "revenue": 276557
        },
        "2008-09": {
            "month": "2008-09",
            "price": "2.16",
            "revenue": 184608
        },
        "2008-10": {
            "month": "2008-10",
            "price": "1.77",
            "revenue": 230343
        },
        "2008-11": {
            "month": "2008-11",
            "price": "1.60",
            "revenue": 179350
        },
        "2008-12": {
            "month": "2008-12",
            "price": "1.62",
            "revenue": 180034
        },
        "2009-01": {
            "month": "2009-01",
            "price": "1.71",
            "revenue": 132482
        },
        "2009-02": {
            "month": "2009-02",
            "price": "1.60",
            "revenue": 174259
        },
        "2009-03": {
            "month": "2009-03",
            "price": "1.82",
            "revenue": 240598
        },
        "2009-04": {
            "month": "2009-04",
            "price": "2.42",
            "revenue": 330054
        },
        "2009-05": {
            "month": "2009-05",
            "price": "2.31",
            "revenue": 246164
        },
        "2009-06": {
            "month": "2009-06",
            "price": "2.10",
            "revenue": 266267
        },
        "2009-07": {
            "month": "2009-07",
            "price": "2.07",
            "revenue": 317431
        },
        "2009-08": {
            "month": "2009-08",
            "price": "2.10",
            "revenue": 313833
        },
        "2009-09": {
            "month": "2009-09",
            "price": "2.29",
            "revenue": 279449
        },
        "2009-10": {
            "month": "2009-10",
            "price": "2.80",
            "revenue": 299288
        },
        "2009-11": {
            "month": "2009-11",
            "price": "2.92",
            "revenue": 328730
        },
        "2009-12": {
            "month": "2009-12",
            "price": "5.47",
            "revenue": 327114
        },
        "2010-01": {
            "month": "2010-01",
            "price": "5.82",
            "revenue": 330836
        },
        "2010-02": {
            "month": "2010-02",
            "price": "5.38",
            "revenue": 256004
        },
        "2010-03": {
            "month": "2010-03",
            "price": "5.63",
            "revenue": 372134
        },
        "2010-04": {
            "month": "2010-04",
            "price": "6.28",
            "revenue": 394962
        },
        "2010-05": {
            "month": "2010-05",
            "price": "5.51",
            "revenue": 337584
        },
        "2010-06": {
            "month": "2010-06",
            "price": "5.31",
            "revenue": 333044
        },
        "2010-07": {
            "month": "2010-07",
            "price": "5.69",
            "revenue": 386568
        },
        "2010-08": {
            "month": "2010-08",
            "price": "7.67",
            "revenue": 379781
        },
        "2010-09": {
            "month": "2010-09",
            "price": "8.78",
            "revenue": 324843
        },
        "2010-10": {
            "month": "2010-10",
            "price": "11.01",
            "revenue": 356674
        },
        "2010-11": {
            "month": "2010-11",
            "price": "10.44",
            "revenue": 395287
        },
        "2010-12": {
            "month": "2010-12",
            "price": "10.09",
            "revenue": 387729
        },
        "2011-01": {
            "month": "2011-01",
            "price": "10.43",
            "revenue": 442506
        },
        "2011-02": {
            "month": "2011-02",
            "price": "10.37",
            "revenue": 323214
        },
        "2011-03": {
            "month": "2011-03",
            "price": "9.28",
            "revenue": 487658
        },
        "2011-04": {
            "month": "2011-04",
            "price": "9.34",
            "revenue": 385292
        },
        "2011-05": {
            "month": "2011-05",
            "price": "9.04",
            "revenue": 383450
        },
        "2011-06": {
            "month": "2011-06",
            "price": "8.28",
            "revenue": 359434
        },
        "2011-07": {
            "month": "2011-07",
            "price": "7.63",
            "revenue": 331220
        },
        "2011-08": {
            "month": "2011-08",
            "price": "6.76",
            "revenue": 320909
        },
        "2011-09": {
            "month": "2011-09",
            "price": "5.45",
            "revenue": 351592
        },
        "2011-10": {
            "month": "2011-10",
            "price": "5.12",
            "revenue": 294338
        },
        "2011-11": {
            "month": "2011-11",
            "price": "4.68",
            "revenue": 334220
        },
        "2011-12": {
            "month": "2011-12",
            "price": "4.54",
            "revenue": 301243
        },
        "2012-01": {
            "month": "2012-01",
            "price": "4.83",
            "revenue": 262743
        },
        "2012-02": {
            "month": "2012-02",
            "price": "5.59",
            "revenue": 357735
        },
        "2012-03": {
            "month": "2012-03",
            "price": "5.41",
            "revenue": 461340
        },
        "2012-04": {
            "month": "2012-04",
            "price": "4.59",
            "revenue": 396009
        },
        "2012-05": {
            "month": "2012-05",
            "price": "4.36",
            "revenue": 342947
        },
        "2012-06": {
            "month": "2012-06",
            "price": "3.98",
            "revenue": 254791
        },
        "2012-07": {
            "month": "2012-07",
            "price": "3.87",
            "revenue": 290606
        },
        "2012-08": {
            "month": "2012-08",
            "price": "4.03",
            "revenue": 278690
        },
        "2012-09": {
            "month": "2012-09",
            "price": "4.54",
            "revenue": 314647
        },
        "2012-10": {
            "month": "2012-10",
            "price": "4.66",
            "revenue": 313554
        },
        "2012-11": {
            "month": "2012-11",
            "price": "4.50",
            "revenue": 365683
        },
        "2012-12": {
            "month": "2012-12",
            "price": "4.63",
            "revenue": 353099
        },
        "2013-01": {
            "month": "2013-01",
            "price": "4.78",
            "revenue": 376224
        },
        "2013-02": {
            "month": "2013-02",
            "price": "4.39",
            "revenue": 280850
        },
        "2013-03": {
            "month": "2013-03",
            "price": "4.06",
            "revenue": 471590
        },
        "2013-04": {
            "month": "2013-04",
            "price": "3.94",
            "revenue": 427349
        },
        "2013-05": {
            "month": "2013-05",
            "price": "4.12",
            "revenue": 437387
        },
        "2013-06": {
            "month": "2013-06",
            "price": "4.24",
            "revenue": 369104
        },
        "2013-07": {
            "month": "2013-07",
            "price": "4.08",
            "revenue": 415474
        },
        "2013-08": {
            "month": "2013-08",
            "price": "4.03",
            "revenue": 416708
        },
        "2013-09": {
            "month": "2013-09",
            "price": "4.06",
            "revenue": 361481
        },
        "2013-10": {
            "month": "2013-10",
            "price": "4.34",
            "revenue": 379067
        },
        "2013-11": {
            "month": "2013-11",
            "price": "4.12",
            "revenue": 353168
        },
        "2013-12": {
            "month": "2013-12",
            "price": "4.56",
            "revenue": 380669
        },
        "2014-01": {
            "month": "2014-01",
            "price": "5.04",
            "revenue": 341819
        },
        "2014-02": {
            "month": "2014-02",
            "price": "4.83",
            "revenue": 283106
        },
        "2014-03": {
            "month": "2014-03",
            "price": "4.54",
            "revenue": 332498
        },
        "2014-04": {
            "month": "2014-04",
            "price": "4.30",
            "revenue": 290825
        },
        "2014-05": {
            "month": "2014-05",
            "price": "4.07",
            "revenue": 314394
        },
        "2014-06": {
            "month": "2014-06",
            "price": "4.06",
            "revenue": 282181
        },
        "2014-07": {
            "month": "2014-07",
            "price": "4.44",
            "revenue": 309567
        },
        "2014-08": {
            "month": "2014-08",
            "price": "4.13",
            "revenue": 320632
        },
        "2014-09": {
            "month": "2014-09",
            "price": "4.05",
            "revenue": 237343
        },
        "2014-10": {
            "month": "2014-10",
            "price": "3.72",
            "revenue": 296194
        },
        "2014-11": {
            "month": "2014-11",
            "price": "3.57",
            "revenue": 261885
        },
        "2014-12": {
            "month": "2014-12",
            "price": "5.59",
            "revenue": 241111
        },
        "2015-01": {
            "month": "2015-01",
            "price": "6.22",
            "revenue": 175980
        },
        "2015-02": {
            "month": "2015-02",
            "price": "6.47",
            "revenue": 168177
        },
        "2015-03": {
            "month": "2015-03",
            "price": "6.46",
            "revenue": 235413
        },
        "2015-04": {
            "month": "2015-04",
            "price": "6.54",
            "revenue": 251637
        },
        "2015-05": {
            "month": "2015-05",
            "price": "6.77",
            "revenue": 273056
        },
        "2015-06": {
            "month": "2015-06",
            "price": "8.03",
            "revenue": 214293
        },
        "2015-07": {
            "month": "2015-07",
            "price": "7.93",
            "revenue": 211798
        },
        "2015-08": {
            "month": "2015-08",
            "price": "7.36",
            "revenue": 174248
        },
        "2015-09": {
            "month": "2015-09",
            "price": "7.91",
            "revenue": 212372
        },
        "2015-10": {
            "month": "2015-10",
            "price": "8.76",
            "revenue": 203268
        },
        "2015-11": {
            "month": "2015-11",
            "price": "8.28",
            "revenue": 205166
        },
        "2015-12": {
            "month": "2015-12",
            "price": "7.53",
            "revenue": 223438
        },
        "2016-01": {
            "month": "2016-01",
            "price": "7.24",
            "revenue": 154599
        },
        "2016-02": {
            "month": "2016-02",
            "price": "7.19",
            "revenue": 119043
        },
        "2016-03": {
            "month": "2016-03",
            "price": "7.15",
            "revenue": 201659
        },
        "2016-04": {
            "month": "2016-04",
            "price": "6.98",
            "revenue": 156487
        },
        "2016-05": {
            "month": "2016-05",
            "price": "6.36",
            "revenue": 190149
        },
        "2016-06": {
            "month": "2016-06",
            "price": "6.53",
            "revenue": 192335
        },
        "2016-07": {
            "month": "2016-07",
            "price": "6.52",
            "revenue": 218975
        },
        "2016-08": {
            "month": "2016-08",
            "price": "6.44",
            "revenue": 204154
        },
        "2016-09": {
            "month": "2016-09",
            "price": "6.34",
            "revenue": 175256
        },
        "2016-10": {
            "month": "2016-10",
            "price": "5.93",
            "revenue": 164392
        },
        "2016-11": {
            "month": "2016-11",
            "price": "5.77",
            "revenue": 193358
        },
        "2016-12": {
            "month": "2016-12",
            "price": "5.91",
            "revenue": 290209
        },
        "2017-01": {
            "month": "2017-01",
            "price": "5.60",
            "revenue": 203172
        },
        "2017-02": {
            "month": "2017-02",
            "price": "5.73",
            "revenue": 230988
        },
        "2017-03": {
            "month": "2017-03",
            "price": "5.88",
            "revenue": 317521
        },
        "2017-04": {
            "month": "2017-04",
            "price": "5.99",
            "revenue": 256265
        },
        "2017-05": {
            "month": "2017-05",
            "price": "6.08",
            "revenue": 298931
        },
        "2017-06": {
            "month": "2017-06",
            "price": "6.34",
            "revenue": 271608
        },
        "2017-07": {
            "month": "2017-07",
            "price": "7.66",
            "revenue": 251914
        },
        "2017-08": {
            "month": "2017-08",
            "price": "7.65",
            "revenue": 279375
        },
        "2017-09": {
            "month": "2017-09",
            "price": "7.82",
            "revenue": 228963
        },
        "2017-10": {
            "month": "2017-10",
            "price": "8.12",
            "revenue": 256082
        },
        "2017-11": {
            "month": "2017-11",
            "price": "8.93",
            "revenue": 252670
        },
        "2017-12": {
            "month": "2017-12",
            "price": "9.17",
            "revenue": 296654
        },
        "2018-01": {
            "month": "2018-01",
            "price": "9.06",
            "revenue": 367772
        },
        "2018-02": {
            "month": "2018-02",
            "price": "8.85",
            "revenue": 238698
        },
        "2018-03": {
            "month": "2018-03",
            "price": "9.53",
            "revenue": 294758
        },
        "2018-04": {
            "month": "2018-04",
            "price": "14.28",
            "revenue": 270618
        },
        "2018-05": {
            "month": "2018-05",
            "price": "14.70",
            "revenue": 307897
        },
        "2018-06": {
            "month": "2018-06",
            "price": "13.02",
            "revenue": 287039
        },
        "2018-07": {
            "month": "2018-07",
            "price": "11.65",
            "revenue": 320975
        },
        "2018-08": {
            "month": "2018-08",
            "price": "13.44",
            "revenue": 303730
        },
        "2018-09": {
            "month": "2018-09",
            "price": "13.06",
            "revenue": 325589
        },
        "2018-10": {
            "month": "2018-10",
            "price": "12.06",
            "revenue": 343989
        },
        "2018-11": {
            "month": "2018-11",
            "price": "11.68",
            "revenue": 298537
        },
        "2018-12": {
            "month": "2018-12",
            "price": "11.19",
            "revenue": 291434
        },
        "2019-01": {
            "month": "2019-01",
            "price": "10.80",
            "revenue": 330573
        },
        "2019-02": {
            "month": "2019-02",
            "price": "12.15",
            "revenue": 241280
        },
        "2019-03": {
            "month": "2019-03",
            "price": "12.31",
            "revenue": 315920
        },
        "2019-04": {
            "month": "2019-04",
            "price": "13.20",
            "revenue": 294785
        },
        "2019-05": {
            "month": "2019-05",
            "price": "12.67",
            "revenue": 335144
        },
        "2019-06": {
            "month": "2019-06",
            "price": "12.28",
            "revenue": 172545
        },
        "2019-07": {
            "month": "2019-07",
            "price": "12.25",
            "revenue": 279551
        },
        "2019-08": {
            "month": "2019-08",
            "price": "12.20",
            "revenue": 214577
        },
        "2019-09": {
            "month": "2019-09",
            "price": "11.26",
            "revenue": 206611
        },
        "2019-10": {
            "month": "2019-10",
            "price": "10.04",
            "revenue": 219241
        },
        "2019-11": {
            "month": "2019-11",
            "price": "9.80",
            "revenue": 153412
        },
        "2019-12": {
            "month": "2019-12",
            "price": "9.61",
            "revenue": 183726
        },
        "2020-01": {
            "month": "2020-01",
            "price": "9.32",
            "revenue": 161063
        },
        "2020-02": {
            "month": "2020-02",
            "price": "9.32",
            "revenue": 155068
        },
        "2020-03": {
            "month": "2020-03",
            "price": "7.32",
            "revenue": 142094
        },
        "2020-04": {
            "month": "2020-04",
            "price": "6.92",
            "revenue": 88220
        },
        "2020-05": {
            "month": "2020-05",
            "price": "7.10",
            "revenue": 101981
        },
        "2020-06": {
            "month": "2020-06",
            "price": "7.67",
            "revenue": 114480
        },
        "2020-07": {
            "month": "2020-07",
            "price": "8.15",
            "revenue": 90952
        },
        "2020-08": {
            "month": "2020-08",
            "price": "8.31",
            "revenue": 100864
        },
        "2020-09": {
            "month": "2020-09",
            "price": "8.72",
            "revenue": 122414
        },
        "2020-10": {
            "month": "2020-10",
            "price": "9.01",
            "revenue": 141414
        },
        "2020-11": {
            "month": "2020-11",
            "price": "8.71",
            "revenue": 183846
        },
        "2020-12": {
            "month": "2020-12",
            "price": "8.72",
            "revenue": 163371
        },
        "2021-01": {
            "month": "2021-01",
            "price": "8.39",
            "revenue": 202561
        },
        "2021-02": {
            "month": "2021-02",
            "price": "8.10",
            "revenue": 174641
        },
        "2021-03": {
            "month": "2021-03",
            "price": "8.38",
            "revenue": 242906
        },
        "2021-04": {
            "month": "2021-04",
            "price": "9.66",
            "revenue": 249530
        },
        "2021-05": {
            "month": "2021-05",
            "price": "12.04",
            "revenue": 256345
        },
        "2021-06": {
            "month": "2021-06",
            "price": "11.71",
            "revenue": 262237
        },
        "2021-07": {
            "month": "2021-07",
            "price": "11.16",
            "revenue": 247247
        },
        "2021-08": {
            "month": "2021-08",
            "price": "10.41",
            "revenue": 260225
        },
        "2021-09": {
            "month": "2021-09",
            "price": "10.24",
            "revenue": 244586
        },
        "2021-10": {
            "month": "2021-10",
            "price": "10.09",
            "revenue": 294688
        },
        "2021-11": {
            "month": "2021-11",
            "price": "10.09",
            "revenue": 276845
        },
        "2021-12": {
            "month": "2021-12",
            "price": "10.35",
            "revenue": 262444
        },
        "2022-01": {
            "month": "2022-01",
            "price": "10.58",
            "revenue": 285966
        },
        "2022-02": {
            "month": "2022-02",
            "price": "10.38",
            "revenue": 262952
        },
        "2022-03": {
            "month": "2022-03",
            "price": "10.61",
            "revenue": 339348
        },
        "2022-04": {
            "month": "2022-04",
            "price": "10.35",
            "revenue": 323292
        },
        "2022-05": {
            "month": "2022-05",
            "price": "9.93",
            "revenue": 296340
        },
        "2022-06": {
            "month": "2022-06",
            "price": "9.88",
            "revenue": 268894
        },
        "2022-07": {
            "month": "2022-07",
            "price": "9.54",
            "revenue": 219957
        },
        "2022-08": {
            "month": "2022-08",
            "price": "10.91",
            "revenue": 263208
        },
        "2022-09": {
            "month": "2022-09",
            "price": "10.95",
            "revenue": 241101
        },
        "2022-10": {
            "month": "2022-10",
            "price": "10.23",
            "revenue": 245129
        },
        "2022-11": {
            "month": "2022-11",
            "price": "9.75",
            "revenue": 186974
        },
        "2022-12": {
            "month": "2022-12",
            "price": "9.59",
            "revenue": 212772
        },
        "2023-01": {
            "month": "2023-01",
            "price": "9.44",
            "revenue": 125711
        },
        "2023-02": {
            "month": "2023-02",
            "price": "9.50",
            "revenue": 159368
        },
        "2023-03": {
            "month": "2023-03",
            "price": "9.63",
            "revenue": 182678
        },
        "2023-04": {
            "month": "2023-04",
            "price": "9.53",
            "revenue": 168387
        }
    }
}
