{
    "summary": {
        "stock_name": "東和",
        "stock_id": "1414",
        "category": "紡織纖維",
        "main_business": "天然纖維紡織及其加工業務。",
        "website_url": "http://www.tungho.com.tw",
        "ceo": "張嘉亨",
        "pe_ratio": 100,
        "report_year_from": 2001,
        "report_year_to": 2023,
        "age": 23,
        "eps_negative_percentage": 39,
        "eps_growth_avg": {
            "last_all": -22.63,
            "last_2y": -0.69,
            "last_4y": 10.24,
            "last_8y": -22.98,
            "last_12y": -16.19,
            "last_16y": -22.63,
            "last_20y": -22.63,
            "at_2006_last_3y": null,
            "at_2007_last_3y": null,
            "at_2008_last_3y": -100,
            "at_2009_last_3y": -100,
            "at_2010_last_3y": -100,
            "at_2011_last_3y": 0,
            "at_2012_last_3y": 3.91,
            "at_2013_last_3y": 19.27,
            "at_2014_last_3y": -2.61,
            "at_2015_last_3y": -47.61,
            "at_2016_last_3y": -49.56,
            "at_2017_last_3y": -82.75,
            "at_2018_last_3y": -78.33,
            "at_2019_last_3y": -53.52,
            "at_2020_last_3y": -0.58,
            "at_2021_last_3y": 24.57,
            "at_2022_last_3y": 32.07,
            "at_2023_last_3y": 14.19,
            "at_2024_last_3y": 14.19,
            "at_2006_last_all": null,
            "at_2007_last_all": null,
            "at_2008_last_all": -100,
            "at_2009_last_all": -100,
            "at_2010_last_all": -100,
            "at_2011_last_all": 0,
            "at_2012_last_all": -30.73,
            "at_2013_last_all": -10.54,
            "at_2014_last_all": -22.09,
            "at_2015_last_all": -31.74,
            "at_2016_last_all": -41.49,
            "at_2017_last_all": -41.49,
            "at_2018_last_all": -43.18,
            "at_2019_last_all": -39,
            "at_2020_last_all": -29.22,
            "at_2021_last_all": -17.47,
            "at_2022_last_all": -18.1,
            "at_2023_last_all": -22.63,
            "at_2024_last_all": -22.63
        },
        "latest_eps": 0.07,
        "latest_price": 20,
        "latest_roe": 0.49,
        "latest_gross_margin": 7.01,
        "latest_equity": 3088493,
        "latest_revenue": 145167,
        "latest_gross_profit": 10177,
        "latest_net_income": 14752,
        "latest_debt_ratio": 32.79,
        "latest_current_ratio": 150.64,
        "latest_account_receivable_turnover_ratio": 4.09,
        "latest_inventory_turnover_ratio": 0.28,
        "latest_reinvestment_rate": -31.46,
        "latest_research_to_sale_ratio": 2.44
    },
    "eps_dividends": {
        "1990": {
            "cash": 0,
            "stock": 1,
            "eps": 0
        },
        "1991": {
            "cash": 0,
            "stock": 1,
            "eps": 0
        },
        "1996": {
            "cash": 0,
            "stock": 1,
            "eps": 0
        },
        "2001": {
            "cash": 0,
            "stock": 0,
            "eps": -1.46
        },
        "2002": {
            "cash": 0,
            "stock": 0,
            "eps": -0.31
        },
        "2003": {
            "cash": 0,
            "stock": 0,
            "eps": -0.2
        },
        "2004": {
            "cash": 0,
            "stock": 0,
            "eps": -0.53
        },
        "2005": {
            "cash": 0,
            "stock": 0,
            "eps": -2.01
        },
        "2006": {
            "cash": 0,
            "stock": 0,
            "eps": -0.26
        },
        "2007": {
            "cash": 0,
            "stock": 0,
            "eps": 0.12
        },
        "2008": {
            "cash": 0,
            "stock": 0,
            "eps": -1.05
        },
        "2009": {
            "cash": 0,
            "stock": 0,
            "eps": -1.34
        },
        "2010": {
            "cash": 0,
            "stock": 0,
            "eps": 2.07
        },
        "2011": {
            "cash": 0.3,
            "stock": 0,
            "eps": 5.37
        },
        "2012": {
            "cash": 0,
            "stock": 0,
            "eps": 0.42
        },
        "2013": {
            "cash": 0.38,
            "stock": 0,
            "eps": 0.63
        },
        "2014": {
            "cash": 0.5,
            "stock": 0,
            "eps": 0.2
        },
        "2015": {
            "cash": 0.3,
            "stock": 0,
            "eps": 0.04
        },
        "2016": {
            "cash": 0.2,
            "stock": 0,
            "eps": -0.02
        },
        "2017": {
            "cash": 0.2,
            "stock": 0,
            "eps": 0.4
        },
        "2018": {
            "cash": 0.32,
            "stock": 0,
            "eps": 0.18
        },
        "2019": {
            "cash": 0.2,
            "stock": 0,
            "eps": 0.17
        },
        "2020": {
            "cash": 0.2,
            "stock": 0,
            "eps": 0.27
        },
        "2021": {
            "cash": 0.25,
            "stock": 0,
            "eps": 0.64
        },
        "2022": {
            "cash": 0.54,
            "stock": 0,
            "eps": 0.48
        },
        "2023": {
            "cash": 0.32,
            "stock": 0,
            "eps": 0.11
        }
    },
    "dividends": {
        "1990-04-25": {
            "cash": 0,
            "stock": 1
        },
        "1991-04-23": {
            "cash": 0,
            "stock": 1
        },
        "1996-04-08": {
            "cash": 0,
            "stock": 1
        },
        "2011-01-01": {
            "cash": 0.3,
            "stock": 0
        },
        "2013-04-23": {
            "cash": 0.38,
            "stock": 0
        },
        "2014-06-06": {
            "cash": 0.5,
            "stock": 0
        },
        "2015-08-03": {
            "cash": 0.3,
            "stock": 0
        },
        "2016-08-25": {
            "cash": 0.2,
            "stock": 0
        },
        "2017-08-16": {
            "cash": 0.2,
            "stock": 0
        },
        "2018-08-16": {
            "cash": 0.32,
            "stock": 0
        },
        "2019-08-15": {
            "cash": 0.2,
            "stock": 0
        },
        "2020-08-06": {
            "cash": 0.2,
            "stock": 0
        },
        "2021-08-12": {
            "cash": 0.25,
            "stock": 0
        },
        "2022-08-05": {
            "cash": 0.54,
            "stock": 0
        },
        "2023-06-14": {
            "cash": 0.32,
            "stock": 0
        }
    },
    "prices": {
        "200101": "1.88",
        "200102": "2.62",
        "200103": "2.43",
        "200104": "2.15",
        "200105": "1.65",
        "200106": "1.41",
        "200107": "1.23",
        "200108": "1.52",
        "200109": "1.49",
        "200110": "1.27",
        "200111": "1.38",
        "200112": "1.37",
        "200201": "1.79",
        "200202": "2.92",
        "200203": "4.21",
        "200204": "4.26",
        "200205": "3.78",
        "200206": "4.69",
        "200207": "4.16",
        "200208": "4.02",
        "200209": "3.17",
        "200210": "2.57",
        "200211": "2.97",
        "200212": "3.05",
        "200301": "3.95",
        "200302": "4.02",
        "200303": "3.32",
        "200304": "3.08",
        "200305": "2.59",
        "200306": "2.95",
        "200307": "3.42",
        "200308": "3.27",
        "200309": "3.08",
        "200310": "3.02",
        "200311": "5.43",
        "200312": "5.44",
        "200401": "7.10",
        "200402": "10.41",
        "200403": "9.72",
        "200404": "8.36",
        "200405": "7.16",
        "200406": "6.89",
        "200407": "6.49",
        "200408": "6.12",
        "200409": "6.06",
        "200410": "5.90",
        "200411": "5.30",
        "200412": "5.56",
        "200501": "6.38",
        "200502": "5.64",
        "200503": "5.30",
        "200504": "4.56",
        "200505": "4.28",
        "200506": "4.44",
        "200507": "4.23",
        "200508": "3.94",
        "200509": "3.60",
        "200510": "3.16",
        "200511": "2.94",
        "200512": "3.14",
        "200601": "3.43",
        "200602": "3.20",
        "200603": "2.78",
        "200604": "3.11",
        "200605": "5.06",
        "200606": "4.37",
        "200607": "4.20",
        "200608": "3.82",
        "200609": "3.56",
        "200610": "4.25",
        "200611": "4.84",
        "200612": "6.74",
        "200701": "7.94",
        "200702": "7.02",
        "200703": "7.36",
        "200704": "8.19",
        "200705": "7.51",
        "200706": "7.36",
        "200707": "10.62",
        "200708": "8.15",
        "200709": "8.08",
        "200710": "7.75",
        "200711": "6.70",
        "200712": "5.88",
        "200801": "6.00",
        "200802": "6.61",
        "200803": "7.44",
        "200804": "7.82",
        "200805": "7.31",
        "200806": "6.06",
        "200807": "4.79",
        "200808": "4.03",
        "200809": "3.11",
        "200810": "2.64",
        "200811": "2.12",
        "200812": "1.99",
        "200901": "2.06",
        "200902": "2.05",
        "200903": "2.54",
        "200904": "3.29",
        "200905": "3.46",
        "200906": "5.38",
        "200907": "5.00",
        "200908": "4.36",
        "200909": "4.60",
        "200910": "5.28",
        "200911": "5.80",
        "200912": "5.76",
        "201001": "5.88",
        "201002": "4.79",
        "201003": "5.14",
        "201004": "5.43",
        "201005": "5.18",
        "201006": "5.24",
        "201007": "5.25",
        "201008": "6.08",
        "201009": "6.49",
        "201010": "9.21",
        "201011": "12.36",
        "201012": "13.77",
        "201101": "14.48",
        "201102": "15.84",
        "201103": "16.53",
        "201104": "16.59",
        "201105": "14.32",
        "201106": "13.17",
        "201107": "13.07",
        "201108": "12.17",
        "201109": "11.70",
        "201110": "11.80",
        "201111": "12.77",
        "201112": "11.41",
        "201201": "11.69",
        "201202": "12.67",
        "201203": "14.12",
        "201204": "11.47",
        "201205": "9.26",
        "201206": "8.24",
        "201207": "8.66",
        "201208": "8.96",
        "201209": "9.44",
        "201210": "8.90",
        "201211": "8.47",
        "201212": "9.22",
        "201301": "9.45",
        "201302": "9.19",
        "201303": "9.16",
        "201304": "8.83",
        "201305": "9.13",
        "201306": "8.99",
        "201307": "8.85",
        "201308": "9.03",
        "201309": "9.12",
        "201310": "10.00",
        "201311": "9.64",
        "201312": "10.01",
        "201401": "9.80",
        "201402": "9.61",
        "201403": "9.95",
        "201404": "9.93",
        "201405": "9.57",
        "201406": "9.49",
        "201407": "8.96",
        "201408": "8.81",
        "201409": "8.82",
        "201410": "8.33",
        "201411": "7.94",
        "201412": "8.02",
        "201501": "8.17",
        "201502": "8.11",
        "201503": "8.23",
        "201504": "8.25",
        "201505": "8.19",
        "201506": "8.30",
        "201507": "7.23",
        "201508": "6.60",
        "201509": "6.79",
        "201510": "6.84",
        "201511": "6.80",
        "201512": "6.49",
        "201601": "6.31",
        "201602": "6.31",
        "201603": "6.40",
        "201604": "6.07",
        "201605": "5.87",
        "201606": "5.96",
        "201607": "6.26",
        "201608": "6.12",
        "201609": "5.99",
        "201610": "6.03",
        "201611": "6.03",
        "201612": "6.22",
        "201701": "6.18",
        "201702": "6.62",
        "201703": "6.59",
        "201704": "6.28",
        "201705": "6.36",
        "201706": "6.61",
        "201707": "6.51",
        "201708": "6.31",
        "201709": "6.34",
        "201710": "6.48",
        "201711": "6.93",
        "201712": "7.19",
        "201801": "7.97",
        "201802": "7.42",
        "201803": "7.61",
        "201804": "7.79",
        "201805": "7.63",
        "201806": "7.92",
        "201807": "7.52",
        "201808": "7.51",
        "201809": "7.58",
        "201810": "7.11",
        "201811": "7.07",
        "201812": "7.14",
        "201901": "7.10",
        "201902": "7.14",
        "201903": "7.20",
        "201904": "7.04",
        "201905": "6.77",
        "201906": "6.86",
        "201907": "6.88",
        "201908": "6.75",
        "201909": "6.92",
        "201910": "7.06",
        "201911": "7.11",
        "201912": "7.15",
        "202001": "7.19",
        "202002": "6.93",
        "202003": "5.93",
        "202004": "6.06",
        "202005": "6.53",
        "202006": "6.95",
        "202007": "6.97",
        "202008": "6.98",
        "202009": "8.30",
        "202010": "9.80",
        "202011": "15.68",
        "202012": "14.22",
        "202101": "12.53",
        "202102": "13.07",
        "202103": "12.93",
        "202104": "15.29",
        "202105": "18.49",
        "202106": "17.76",
        "202107": "16.54",
        "202108": "14.76",
        "202109": "15.31",
        "202110": "16.72",
        "202111": "17.35",
        "202112": "19.18",
        "202201": "17.57",
        "202202": "17.73",
        "202203": "17.87",
        "202204": "17.97",
        "202205": "17.84",
        "202206": "17.67",
        "202207": "16.39",
        "202208": "16.92",
        "202209": "17.52",
        "202210": "17.21",
        "202211": "17.40",
        "202212": "17.96",
        "202301": "17.86",
        "202302": "18.07",
        "202303": "17.88",
        "202304": "17.72",
        "202305": "17.07",
        "202306": "17.71",
        "202307": "17.60",
        "202308": "17.61",
        "202309": "17.70",
        "202310": "17.54",
        "202311": "17.50",
        "202312": "17.66"
    },
    "quarters": {
        "20011": {
            "year_quarter": 20011,
            "year": 2001,
            "quarter": 1,
            "eps": -0.21,
            "eps_growth_year": null,
            "eps_4q": -1.9,
            "eps_4q_growth_year": null,
            "roe": -3,
            "roe_4q": -3,
            "gross_profit": -26878,
            "gross_margin": -3.22,
            "gross_margin_4q_avg": -3.22,
            "net_income": -74274,
            "net_income_4q": null,
            "revenue": 835990,
            "revenue_4q": null,
            "common_shares": 3515775,
            "book_valuer_per_share": 6.93,
            "book_valuer_per_share_4q_avg": 6.93,
            "equity": 2436664,
            "current_ratio": 48.85,
            "debt_ratio": 66.3,
            "inventory_turnover_ratio": 1.59,
            "account_receivable_turnover_ratio": null,
            "reinvestment_rate": null,
            "research_to_sale_ratio": null,
            "price_fair": 0,
            "eps_avg_yearly": 0,
            "eps_latest_yearly": 0,
            "eps_growth_yearly": 0
        },
        "20012": {
            "year_quarter": 20012,
            "year": 2001,
            "quarter": 2,
            "eps": -0.47,
            "eps_growth_year": null,
            "eps_4q": -1.81,
            "eps_4q_growth_year": null,
            "roe": -7.01,
            "roe_4q": -10.01,
            "gross_profit": -36528,
            "gross_margin": -3.99,
            "gross_margin_4q_avg": -3.61,
            "net_income": -165217,
            "net_income_4q": null,
            "revenue": 914366,
            "revenue_4q": null,
            "common_shares": 3515775,
            "book_valuer_per_share": 6.48,
            "book_valuer_per_share_4q_avg": 6.71,
            "equity": 2277263,
            "current_ratio": 43.84,
            "debt_ratio": 67.29,
            "inventory_turnover_ratio": 2.08,
            "account_receivable_turnover_ratio": null,
            "reinvestment_rate": null,
            "research_to_sale_ratio": null,
            "price_fair": 0,
            "eps_avg_yearly": 0,
            "eps_latest_yearly": 0,
            "eps_growth_yearly": 0
        },
        "20013": {
            "year_quarter": 20013,
            "year": 2001,
            "quarter": 3,
            "eps": -0.5,
            "eps_growth_year": null,
            "eps_4q": -1.67,
            "eps_4q_growth_year": null,
            "roe": -8.07,
            "roe_4q": -18.08,
            "gross_profit": -50579,
            "gross_margin": -6.53,
            "gross_margin_4q_avg": -4.58,
            "net_income": -175796,
            "net_income_4q": null,
            "revenue": 774403,
            "revenue_4q": null,
            "common_shares": 3515775,
            "book_valuer_per_share": 5.91,
            "book_valuer_per_share_4q_avg": 6.44,
            "equity": 2077685,
            "current_ratio": 41.26,
            "debt_ratio": 69.39,
            "inventory_turnover_ratio": 1.86,
            "account_receivable_turnover_ratio": null,
            "reinvestment_rate": null,
            "research_to_sale_ratio": null,
            "price_fair": 0,
            "eps_avg_yearly": 0,
            "eps_latest_yearly": 0,
            "eps_growth_yearly": 0
        },
        "20014": {
            "year_quarter": 20014,
            "year": 2001,
            "quarter": 4,
            "eps": -0.28,
            "eps_growth_year": null,
            "eps_4q": -1.46,
            "eps_4q_growth_year": null,
            "roe": -4.86,
            "roe_4q": -22.939999999999998,
            "gross_profit": -28181,
            "gross_margin": -3.45,
            "gross_margin_4q_avg": -4.3,
            "net_income": -97850,
            "net_income_4q": null,
            "revenue": 816615,
            "revenue_4q": null,
            "common_shares": 3515775,
            "book_valuer_per_share": 5.54,
            "book_valuer_per_share_4q_avg": 6.22,
            "equity": 1948134,
            "current_ratio": 39.27,
            "debt_ratio": 70.09,
            "inventory_turnover_ratio": 1.98,
            "account_receivable_turnover_ratio": null,
            "reinvestment_rate": null,
            "research_to_sale_ratio": null,
            "price_fair": 0,
            "eps_avg_yearly": 0,
            "eps_latest_yearly": 0,
            "eps_growth_yearly": 0
        },
        "20021": {
            "year_quarter": 20021,
            "year": 2002,
            "quarter": 1,
            "eps": -0.06,
            "eps_growth_year": null,
            "eps_4q": -1.36,
            "eps_4q_growth_year": null,
            "roe": -1.04,
            "roe_4q": -20.98,
            "gross_profit": 23670,
            "gross_margin": 2.97,
            "gross_margin_4q_avg": -2.75,
            "net_income": -20224,
            "net_income_4q": null,
            "revenue": 798035,
            "revenue_4q": null,
            "common_shares": 3515775,
            "book_valuer_per_share": 5.51,
            "book_valuer_per_share_4q_avg": 5.86,
            "equity": 1936194,
            "current_ratio": 41.11,
            "debt_ratio": 69.94,
            "inventory_turnover_ratio": 2.23,
            "account_receivable_turnover_ratio": null,
            "reinvestment_rate": null,
            "research_to_sale_ratio": null,
            "price_fair": 0,
            "eps_avg_yearly": 0,
            "eps_latest_yearly": 0,
            "eps_growth_yearly": 0
        },
        "20022": {
            "year_quarter": 20022,
            "year": 2002,
            "quarter": 2,
            "eps": 0.05,
            "eps_growth_year": null,
            "eps_4q": -0.73,
            "eps_4q_growth_year": null,
            "roe": 0.97,
            "roe_4q": -13,
            "gross_profit": 68961,
            "gross_margin": 8.43,
            "gross_margin_4q_avg": 0.36,
            "net_income": 18781,
            "net_income_4q": null,
            "revenue": 818400,
            "revenue_4q": null,
            "common_shares": 3515775,
            "book_valuer_per_share": 5.53,
            "book_valuer_per_share_4q_avg": 5.62,
            "equity": 1945150,
            "current_ratio": 43.68,
            "debt_ratio": 69.33,
            "inventory_turnover_ratio": 2.08,
            "account_receivable_turnover_ratio": null,
            "reinvestment_rate": null,
            "research_to_sale_ratio": null,
            "price_fair": 0,
            "eps_avg_yearly": 0,
            "eps_latest_yearly": 0,
            "eps_growth_yearly": 0
        },
        "20023": {
            "year_quarter": 20023,
            "year": 2002,
            "quarter": 3,
            "eps": -0.29,
            "eps_growth_year": null,
            "eps_4q": -0.58,
            "eps_4q_growth_year": null,
            "roe": -5.5,
            "roe_4q": -10.43,
            "gross_profit": 7665,
            "gross_margin": 0.86,
            "gross_margin_4q_avg": 2.2,
            "net_income": -103701,
            "net_income_4q": null,
            "revenue": 896430,
            "revenue_4q": null,
            "common_shares": 3515775,
            "book_valuer_per_share": 5.2,
            "book_valuer_per_share_4q_avg": 5.45,
            "equity": 1827402,
            "current_ratio": 44.31,
            "debt_ratio": 71.09,
            "inventory_turnover_ratio": 2.23,
            "account_receivable_turnover_ratio": null,
            "reinvestment_rate": null,
            "research_to_sale_ratio": null,
            "price_fair": 0,
            "eps_avg_yearly": 0,
            "eps_latest_yearly": 0,
            "eps_growth_yearly": 0
        },
        "20024": {
            "year_quarter": 20024,
            "year": 2002,
            "quarter": 4,
            "eps": -0.01,
            "eps_growth_year": null,
            "eps_4q": -0.31,
            "eps_4q_growth_year": null,
            "roe": -0.25,
            "roe_4q": -5.82,
            "gross_profit": 50626,
            "gross_margin": 6.03,
            "gross_margin_4q_avg": 4.57,
            "net_income": -4620,
            "net_income_4q": null,
            "revenue": 839428,
            "revenue_4q": null,
            "common_shares": 3515775,
            "book_valuer_per_share": 5.19,
            "book_valuer_per_share_4q_avg": 5.36,
            "equity": 1823233,
            "current_ratio": 44.47,
            "debt_ratio": 71.09,
            "inventory_turnover_ratio": 1.99,
            "account_receivable_turnover_ratio": null,
            "reinvestment_rate": null,
            "research_to_sale_ratio": null,
            "price_fair": 0,
            "eps_avg_yearly": 0,
            "eps_latest_yearly": 0,
            "eps_growth_yearly": 0
        },
        "20031": {
            "year_quarter": 20031,
            "year": 2003,
            "quarter": 1,
            "eps": 0.1,
            "eps_growth_year": null,
            "eps_4q": -0.17,
            "eps_4q_growth_year": null,
            "roe": 1.83,
            "roe_4q": -2.95,
            "gross_profit": 74857,
            "gross_margin": 8.75,
            "gross_margin_4q_avg": 6.02,
            "net_income": 33614,
            "net_income_4q": null,
            "revenue": 855078,
            "revenue_4q": null,
            "common_shares": 3515775,
            "book_valuer_per_share": 5.26,
            "book_valuer_per_share_4q_avg": 5.3,
            "equity": 1850306,
            "current_ratio": 38.65,
            "debt_ratio": 70.82,
            "inventory_turnover_ratio": 1.81,
            "account_receivable_turnover_ratio": null,
            "reinvestment_rate": null,
            "research_to_sale_ratio": null,
            "price_fair": 0,
            "eps_avg_yearly": 0,
            "eps_latest_yearly": 0,
            "eps_growth_yearly": 0
        },
        "20032": {
            "year_quarter": 20032,
            "year": 2003,
            "quarter": 2,
            "eps": -0.42,
            "eps_growth_year": -940,
            "eps_4q": -0.64,
            "eps_4q_growth_year": null,
            "roe": -8.16,
            "roe_4q": -12.08,
            "gross_profit": -3650,
            "gross_margin": -0.44,
            "gross_margin_4q_avg": 3.8,
            "net_income": -148557,
            "net_income_4q": null,
            "revenue": 822618,
            "revenue_4q": null,
            "common_shares": 3515775,
            "book_valuer_per_share": 5.09,
            "book_valuer_per_share_4q_avg": 5.19,
            "equity": 1791046,
            "current_ratio": 37.5,
            "debt_ratio": 71.42,
            "inventory_turnover_ratio": 1.86,
            "account_receivable_turnover_ratio": null,
            "reinvestment_rate": null,
            "research_to_sale_ratio": null,
            "price_fair": 0,
            "eps_avg_yearly": 0,
            "eps_latest_yearly": 0,
            "eps_growth_yearly": 0
        },
        "20033": {
            "year_quarter": 20033,
            "year": 2003,
            "quarter": 3,
            "eps": -0.03,
            "eps_growth_year": null,
            "eps_4q": -0.57,
            "eps_4q_growth_year": null,
            "roe": -0.35,
            "roe_4q": -6.93,
            "gross_profit": 4557,
            "gross_margin": 0.52,
            "gross_margin_4q_avg": 3.72,
            "net_income": -6238,
            "net_income_4q": null,
            "revenue": 874131,
            "revenue_4q": null,
            "common_shares": 2200000,
            "book_valuer_per_share": 8.15,
            "book_valuer_per_share_4q_avg": 5.92,
            "equity": 1794050,
            "current_ratio": 36.98,
            "debt_ratio": 71.08,
            "inventory_turnover_ratio": 1.92,
            "account_receivable_turnover_ratio": null,
            "reinvestment_rate": null,
            "research_to_sale_ratio": null,
            "price_fair": 0,
            "eps_avg_yearly": 0,
            "eps_latest_yearly": 0,
            "eps_growth_yearly": 0
        },
        "20034": {
            "year_quarter": 20034,
            "year": 2003,
            "quarter": 4,
            "eps": 0.15,
            "eps_growth_year": null,
            "eps_4q": -0.41,
            "eps_4q_growth_year": null,
            "roe": 1.79,
            "roe_4q": -4.890000000000001,
            "gross_profit": 46162,
            "gross_margin": 4.78,
            "gross_margin_4q_avg": 3.4,
            "net_income": 32201,
            "net_income_4q": null,
            "revenue": 966290,
            "revenue_4q": null,
            "common_shares": 2200000,
            "book_valuer_per_share": 8.2,
            "book_valuer_per_share_4q_avg": 6.68,
            "equity": 1804113,
            "current_ratio": 39.23,
            "debt_ratio": 70.56,
            "inventory_turnover_ratio": 1.88,
            "account_receivable_turnover_ratio": null,
            "reinvestment_rate": null,
            "research_to_sale_ratio": null,
            "price_fair": 0,
            "eps_avg_yearly": 0,
            "eps_latest_yearly": 0,
            "eps_growth_yearly": 0
        },
        "20041": {
            "year_quarter": 20041,
            "year": 2004,
            "quarter": 1,
            "eps": 0.24,
            "eps_growth_year": 140,
            "eps_4q": -0.31,
            "eps_4q_growth_year": null,
            "roe": 2.91,
            "roe_4q": -3.8099999999999996,
            "gross_profit": 70574,
            "gross_margin": 7.86,
            "gross_margin_4q_avg": 3.18,
            "net_income": 53326,
            "net_income_4q": null,
            "revenue": 897331,
            "revenue_4q": null,
            "common_shares": 2200000,
            "book_valuer_per_share": 8.43,
            "book_valuer_per_share_4q_avg": 7.47,
            "equity": 1854699,
            "current_ratio": 44.3,
            "debt_ratio": 69.16,
            "inventory_turnover_ratio": 1.44,
            "account_receivable_turnover_ratio": null,
            "reinvestment_rate": null,
            "research_to_sale_ratio": null,
            "price_fair": 33.6,
            "eps_avg_yearly": 0.96,
            "eps_latest_yearly": 0.96,
            "eps_growth_yearly": 240
        },
        "20042": {
            "year_quarter": 20042,
            "year": 2004,
            "quarter": 2,
            "eps": -0.18,
            "eps_growth_year": null,
            "eps_4q": 0.18,
            "eps_4q_growth_year": null,
            "roe": -2.12,
            "roe_4q": 2.23,
            "gross_profit": 17310,
            "gross_margin": 1.8,
            "gross_margin_4q_avg": 3.74,
            "net_income": -38903,
            "net_income_4q": null,
            "revenue": 960407,
            "revenue_4q": null,
            "common_shares": 2200000,
            "book_valuer_per_share": 8.23,
            "book_valuer_per_share_4q_avg": 8.25,
            "equity": 1811346,
            "current_ratio": 44.06,
            "debt_ratio": 70.04,
            "inventory_turnover_ratio": 1.51,
            "account_receivable_turnover_ratio": null,
            "reinvestment_rate": null,
            "research_to_sale_ratio": null,
            "price_fair": 33.6,
            "eps_avg_yearly": 0.96,
            "eps_latest_yearly": 0.96,
            "eps_growth_yearly": 240
        },
        "20043": {
            "year_quarter": 20043,
            "year": 2004,
            "quarter": 3,
            "eps": -0.23,
            "eps_growth_year": null,
            "eps_4q": -0.02,
            "eps_4q_growth_year": null,
            "roe": -2.8,
            "roe_4q": -0.21999999999999975,
            "gross_profit": -11057,
            "gross_margin": -1.01,
            "gross_margin_4q_avg": 3.36,
            "net_income": -49941,
            "net_income_4q": null,
            "revenue": 1093197,
            "revenue_4q": null,
            "common_shares": 2200000,
            "book_valuer_per_share": 7.99,
            "book_valuer_per_share_4q_avg": 8.21,
            "equity": 1757138,
            "current_ratio": 43.78,
            "debt_ratio": 70.48,
            "inventory_turnover_ratio": 1.83,
            "account_receivable_turnover_ratio": null,
            "reinvestment_rate": null,
            "research_to_sale_ratio": null,
            "price_fair": 33.6,
            "eps_avg_yearly": 0.96,
            "eps_latest_yearly": 0.96,
            "eps_growth_yearly": 240
        },
        "20044": {
            "year_quarter": 20044,
            "year": 2004,
            "quarter": 4,
            "eps": -0.36,
            "eps_growth_year": -340,
            "eps_4q": -0.52,
            "eps_4q_growth_year": null,
            "roe": -4.56,
            "roe_4q": -6.57,
            "gross_profit": 5191,
            "gross_margin": 0.49,
            "gross_margin_4q_avg": 2.29,
            "net_income": -78332,
            "net_income_4q": null,
            "revenue": 1068479,
            "revenue_4q": null,
            "common_shares": 2200000,
            "book_valuer_per_share": 7.63,
            "book_valuer_per_share_4q_avg": 8.07,
            "equity": 1677659,
            "current_ratio": 43.2,
            "debt_ratio": 71.38,
            "inventory_turnover_ratio": 1.73,
            "account_receivable_turnover_ratio": null,
            "reinvestment_rate": null,
            "research_to_sale_ratio": null,
            "price_fair": 33.6,
            "eps_avg_yearly": 0.96,
            "eps_latest_yearly": 0.96,
            "eps_growth_yearly": 240
        },
        "20051": {
            "year_quarter": 20051,
            "year": 2005,
            "quarter": 1,
            "eps": -0.86,
            "eps_growth_year": -458.33,
            "eps_4q": -1.62,
            "eps_4q_growth_year": null,
            "roe": -10.68,
            "roe_4q": -20.16,
            "gross_profit": -41391,
            "gross_margin": -4.06,
            "gross_margin_4q_avg": -0.7,
            "net_income": -188823,
            "net_income_4q": null,
            "revenue": 1018384,
            "revenue_4q": null,
            "common_shares": 2200000,
            "book_valuer_per_share": 8.44,
            "book_valuer_per_share_4q_avg": 8.07,
            "equity": 1857537,
            "current_ratio": 40.16,
            "debt_ratio": 65.12,
            "inventory_turnover_ratio": 1.69,
            "account_receivable_turnover_ratio": null,
            "reinvestment_rate": null,
            "research_to_sale_ratio": null,
            "price_fair": 33.6,
            "eps_avg_yearly": 0.96,
            "eps_latest_yearly": 0.96,
            "eps_growth_yearly": 240
        },
        "20052": {
            "year_quarter": 20052,
            "year": 2005,
            "quarter": 2,
            "eps": -0.49,
            "eps_growth_year": null,
            "eps_4q": -1.94,
            "eps_4q_growth_year": -1154.15,
            "roe": -6.02,
            "roe_4q": -24.06,
            "gross_profit": -37143,
            "gross_margin": -3.76,
            "gross_margin_4q_avg": -2.09,
            "net_income": -108633,
            "net_income_4q": null,
            "revenue": 987577,
            "revenue_4q": null,
            "common_shares": 2200000,
            "book_valuer_per_share": 7.97,
            "book_valuer_per_share_4q_avg": 8.01,
            "equity": 1752510,
            "current_ratio": 41.52,
            "debt_ratio": 66.6,
            "inventory_turnover_ratio": 1.79,
            "account_receivable_turnover_ratio": null,
            "reinvestment_rate": null,
            "research_to_sale_ratio": null,
            "price_fair": 33.6,
            "eps_avg_yearly": 0.96,
            "eps_latest_yearly": 0.96,
            "eps_growth_yearly": 240
        },
        "20053": {
            "year_quarter": 20053,
            "year": 2005,
            "quarter": 3,
            "eps": -0.4,
            "eps_growth_year": null,
            "eps_4q": -2.11,
            "eps_4q_growth_year": null,
            "roe": -5.12,
            "roe_4q": -26.38,
            "gross_profit": -47067,
            "gross_margin": -5.79,
            "gross_margin_4q_avg": -3.28,
            "net_income": -87589,
            "net_income_4q": null,
            "revenue": 813501,
            "revenue_4q": null,
            "common_shares": 2200000,
            "book_valuer_per_share": 7.57,
            "book_valuer_per_share_4q_avg": 7.9,
            "equity": 1666236,
            "current_ratio": 36.87,
            "debt_ratio": 67.29,
            "inventory_turnover_ratio": 1.6,
            "account_receivable_turnover_ratio": null,
            "reinvestment_rate": null,
            "research_to_sale_ratio": null,
            "price_fair": 33.6,
            "eps_avg_yearly": 0.96,
            "eps_latest_yearly": 0.96,
            "eps_growth_yearly": 240
        },
        "20054": {
            "year_quarter": 20054,
            "year": 2005,
            "quarter": 4,
            "eps": -0.26,
            "eps_growth_year": null,
            "eps_4q": -2.01,
            "eps_4q_growth_year": null,
            "roe": -3.44,
            "roe_4q": -25.259999999999998,
            "gross_profit": -11962,
            "gross_margin": -1.32,
            "gross_margin_4q_avg": -3.73,
            "net_income": -56263,
            "net_income_4q": null,
            "revenue": 903797,
            "revenue_4q": null,
            "common_shares": 2200000,
            "book_valuer_per_share": 7.32,
            "book_valuer_per_share_4q_avg": 7.83,
            "equity": 1609424,
            "current_ratio": 40.86,
            "debt_ratio": 69.4,
            "inventory_turnover_ratio": 1.65,
            "account_receivable_turnover_ratio": null,
            "reinvestment_rate": null,
            "research_to_sale_ratio": null,
            "price_fair": 33.6,
            "eps_avg_yearly": 0.96,
            "eps_latest_yearly": 0.96,
            "eps_growth_yearly": 240
        },
        "20061": {
            "year_quarter": 20061,
            "year": 2006,
            "quarter": 1,
            "eps": 0.25,
            "eps_growth_year": null,
            "eps_4q": -0.88,
            "eps_4q_growth_year": null,
            "roe": 3.44,
            "roe_4q": -11.14,
            "gross_profit": 1013,
            "gross_margin": 0.11,
            "gross_margin_4q_avg": -2.69,
            "net_income": 55905,
            "net_income_4q": null,
            "revenue": 939761,
            "revenue_4q": null,
            "common_shares": 2200000,
            "book_valuer_per_share": 7.48,
            "book_valuer_per_share_4q_avg": 7.59,
            "equity": 1645605,
            "current_ratio": 41.82,
            "debt_ratio": 66.96,
            "inventory_turnover_ratio": 1.73,
            "account_receivable_turnover_ratio": null,
            "reinvestment_rate": null,
            "research_to_sale_ratio": null,
            "price_fair": 33.6,
            "eps_avg_yearly": 0.96,
            "eps_latest_yearly": 0.96,
            "eps_growth_yearly": 240
        },
        "20062": {
            "year_quarter": 20062,
            "year": 2006,
            "quarter": 2,
            "eps": -0.19,
            "eps_growth_year": null,
            "eps_4q": -0.59,
            "eps_4q_growth_year": null,
            "roe": -2.62,
            "roe_4q": -7.74,
            "gross_profit": 10307,
            "gross_margin": 1.08,
            "gross_margin_4q_avg": -1.48,
            "net_income": -42512,
            "net_income_4q": null,
            "revenue": 955615,
            "revenue_4q": null,
            "common_shares": 2200000,
            "book_valuer_per_share": 7.26,
            "book_valuer_per_share_4q_avg": 7.41,
            "equity": 1598075,
            "current_ratio": 43.53,
            "debt_ratio": 67.76,
            "inventory_turnover_ratio": 1.82,
            "account_receivable_turnover_ratio": null,
            "reinvestment_rate": null,
            "research_to_sale_ratio": null,
            "price_fair": 33.6,
            "eps_avg_yearly": 0.96,
            "eps_latest_yearly": 0.96,
            "eps_growth_yearly": 240
        },
        "20063": {
            "year_quarter": 20063,
            "year": 2006,
            "quarter": 3,
            "eps": -0.15,
            "eps_growth_year": null,
            "eps_4q": -0.35,
            "eps_4q_growth_year": null,
            "roe": -2.12,
            "roe_4q": -4.74,
            "gross_profit": 4711,
            "gross_margin": 0.48,
            "gross_margin_4q_avg": 0.09,
            "net_income": -33548,
            "net_income_4q": null,
            "revenue": 990936,
            "revenue_4q": null,
            "common_shares": 2200000,
            "book_valuer_per_share": 7.12,
            "book_valuer_per_share_4q_avg": 7.3,
            "equity": 1567026,
            "current_ratio": 47.67,
            "debt_ratio": 69.31,
            "inventory_turnover_ratio": 1.65,
            "account_receivable_turnover_ratio": null,
            "reinvestment_rate": null,
            "research_to_sale_ratio": null,
            "price_fair": 33.6,
            "eps_avg_yearly": 0.96,
            "eps_latest_yearly": 0.96,
            "eps_growth_yearly": 240
        },
        "20064": {
            "year_quarter": 20064,
            "year": 2006,
            "quarter": 4,
            "eps": -0.17,
            "eps_growth_year": null,
            "eps_4q": -0.26,
            "eps_4q_growth_year": null,
            "roe": -2.39,
            "roe_4q": -3.69,
            "gross_profit": 34224,
            "gross_margin": 3.28,
            "gross_margin_4q_avg": 1.24,
            "net_income": -36991,
            "net_income_4q": null,
            "revenue": 1042478,
            "revenue_4q": null,
            "common_shares": 2200000,
            "book_valuer_per_share": 6.97,
            "book_valuer_per_share_4q_avg": 7.21,
            "equity": 1533919,
            "current_ratio": 48.68,
            "debt_ratio": 69.9,
            "inventory_turnover_ratio": 1.43,
            "account_receivable_turnover_ratio": null,
            "reinvestment_rate": null,
            "research_to_sale_ratio": null,
            "price_fair": 33.6,
            "eps_avg_yearly": 0.96,
            "eps_latest_yearly": 0.96,
            "eps_growth_yearly": 240
        },
        "20071": {
            "year_quarter": 20071,
            "year": 2007,
            "quarter": 1,
            "eps": -0.07,
            "eps_growth_year": -128,
            "eps_4q": -0.58,
            "eps_4q_growth_year": null,
            "roe": -1.01,
            "roe_4q": -8.14,
            "gross_profit": 52230,
            "gross_margin": 5.02,
            "gross_margin_4q_avg": 2.47,
            "net_income": -15453,
            "net_income_4q": null,
            "revenue": 1039683,
            "revenue_4q": null,
            "common_shares": 2200000,
            "book_valuer_per_share": 6.92,
            "book_valuer_per_share_4q_avg": 7.07,
            "equity": 1522411,
            "current_ratio": 50.45,
            "debt_ratio": 69.95,
            "inventory_turnover_ratio": 1.38,
            "account_receivable_turnover_ratio": null,
            "reinvestment_rate": null,
            "research_to_sale_ratio": null,
            "price_fair": 33.6,
            "eps_avg_yearly": 0.96,
            "eps_latest_yearly": 0.96,
            "eps_growth_yearly": 240
        },
        "20072": {
            "year_quarter": 20072,
            "year": 2007,
            "quarter": 2,
            "eps": 0.14,
            "eps_growth_year": null,
            "eps_4q": -0.26,
            "eps_4q_growth_year": null,
            "roe": 1.87,
            "roe_4q": -3.6500000000000004,
            "gross_profit": 96935,
            "gross_margin": 8.59,
            "gross_margin_4q_avg": 4.34,
            "net_income": 29858,
            "net_income_4q": null,
            "revenue": 1128221,
            "revenue_4q": null,
            "common_shares": 2200000,
            "book_valuer_per_share": 7.57,
            "book_valuer_per_share_4q_avg": 7.15,
            "equity": 1664510,
            "current_ratio": 62.22,
            "debt_ratio": 68.4,
            "inventory_turnover_ratio": 1.38,
            "account_receivable_turnover_ratio": null,
            "reinvestment_rate": null,
            "research_to_sale_ratio": null,
            "price_fair": 33.6,
            "eps_avg_yearly": 0.96,
            "eps_latest_yearly": 0.96,
            "eps_growth_yearly": 240
        },
        "20073": {
            "year_quarter": 20073,
            "year": 2007,
            "quarter": 3,
            "eps": 0.25,
            "eps_growth_year": null,
            "eps_4q": 0.15,
            "eps_4q_growth_year": null,
            "roe": 3.14,
            "roe_4q": 1.6099999999999999,
            "gross_profit": 55099,
            "gross_margin": 5.29,
            "gross_margin_4q_avg": 5.55,
            "net_income": 55213,
            "net_income_4q": null,
            "revenue": 1042215,
            "revenue_4q": null,
            "common_shares": 2200000,
            "book_valuer_per_share": 8.42,
            "book_valuer_per_share_4q_avg": 7.47,
            "equity": 1852914,
            "current_ratio": 59.87,
            "debt_ratio": 63.99,
            "inventory_turnover_ratio": 1.25,
            "account_receivable_turnover_ratio": null,
            "reinvestment_rate": null,
            "research_to_sale_ratio": null,
            "price_fair": 34.3,
            "eps_avg_yearly": 0.98,
            "eps_latest_yearly": 1,
            "eps_growth_yearly": 277.14
        },
        "20074": {
            "year_quarter": 20074,
            "year": 2007,
            "quarter": 4,
            "eps": -0.2,
            "eps_growth_year": null,
            "eps_4q": 0.12,
            "eps_4q_growth_year": null,
            "roe": -2.39,
            "roe_4q": 1.61,
            "gross_profit": 52323,
            "gross_margin": 4.99,
            "gross_margin_4q_avg": 5.97,
            "net_income": -43758,
            "net_income_4q": null,
            "revenue": 1049317,
            "revenue_4q": null,
            "common_shares": 2200000,
            "book_valuer_per_share": 8.19,
            "book_valuer_per_share_4q_avg": 7.78,
            "equity": 1802795,
            "current_ratio": 59.15,
            "debt_ratio": 64.2,
            "inventory_turnover_ratio": 1.21,
            "account_receivable_turnover_ratio": null,
            "reinvestment_rate": null,
            "research_to_sale_ratio": null,
            "price_fair": 34.3,
            "eps_avg_yearly": 0.98,
            "eps_latest_yearly": 1,
            "eps_growth_yearly": 277.14
        },
        "20081": {
            "year_quarter": 20081,
            "year": 2008,
            "quarter": 1,
            "eps": -0.02,
            "eps_growth_year": null,
            "eps_4q": 0.16,
            "eps_4q_growth_year": null,
            "roe": -0.25,
            "roe_4q": 2.37,
            "gross_profit": 33960,
            "gross_margin": 3.1,
            "gross_margin_4q_avg": 5.49,
            "net_income": -4528,
            "net_income_4q": null,
            "revenue": 1095657,
            "revenue_4q": null,
            "common_shares": 2200000,
            "book_valuer_per_share": 8.14,
            "book_valuer_per_share_4q_avg": 8.08,
            "equity": 1790395,
            "current_ratio": 61.48,
            "debt_ratio": 64.85,
            "inventory_turnover_ratio": 1.26,
            "account_receivable_turnover_ratio": null,
            "reinvestment_rate": null,
            "research_to_sale_ratio": null,
            "price_fair": 35,
            "eps_avg_yearly": 1,
            "eps_latest_yearly": 1,
            "eps_growth_yearly": 314.29
        },
        "20082": {
            "year_quarter": 20082,
            "year": 2008,
            "quarter": 2,
            "eps": -0.1,
            "eps_growth_year": -171.43,
            "eps_4q": -0.07,
            "eps_4q_growth_year": null,
            "roe": -1.25,
            "roe_4q": -0.75,
            "gross_profit": 24725,
            "gross_margin": 2.22,
            "gross_margin_4q_avg": 3.9,
            "net_income": -22181,
            "net_income_4q": null,
            "revenue": 1111566,
            "revenue_4q": null,
            "common_shares": 2200000,
            "book_valuer_per_share": 8.02,
            "book_valuer_per_share_4q_avg": 8.19,
            "equity": 1764245,
            "current_ratio": 59.41,
            "debt_ratio": 64.66,
            "inventory_turnover_ratio": 1.29,
            "account_receivable_turnover_ratio": null,
            "reinvestment_rate": null,
            "research_to_sale_ratio": null,
            "price_fair": 35,
            "eps_avg_yearly": 1,
            "eps_latest_yearly": 1,
            "eps_growth_yearly": 314.29
        },
        "20083": {
            "year_quarter": 20083,
            "year": 2008,
            "quarter": 3,
            "eps": -0.3,
            "eps_growth_year": -220,
            "eps_4q": -0.62,
            "eps_4q_growth_year": -520.88,
            "roe": -3.85,
            "roe_4q": -7.74,
            "gross_profit": -17181,
            "gross_margin": -1.8,
            "gross_margin_4q_avg": 2.13,
            "net_income": -66322,
            "net_income_4q": null,
            "revenue": 955747,
            "revenue_4q": null,
            "common_shares": 2200000,
            "book_valuer_per_share": 7.64,
            "book_valuer_per_share_4q_avg": 8,
            "equity": 1681330,
            "current_ratio": 55.42,
            "debt_ratio": 65.37,
            "inventory_turnover_ratio": 1.22,
            "account_receivable_turnover_ratio": null,
            "reinvestment_rate": null,
            "research_to_sale_ratio": null,
            "price_fair": 35,
            "eps_avg_yearly": 1,
            "eps_latest_yearly": 1,
            "eps_growth_yearly": 314.29
        },
        "20084": {
            "year_quarter": 20084,
            "year": 2008,
            "quarter": 4,
            "eps": -0.63,
            "eps_growth_year": null,
            "eps_4q": -1.05,
            "eps_4q_growth_year": -975,
            "roe": -8.62,
            "roe_4q": -13.969999999999999,
            "gross_profit": -91402,
            "gross_margin": -11.4,
            "gross_margin_4q_avg": -1.97,
            "net_income": -138883,
            "net_income_4q": null,
            "revenue": 801903,
            "revenue_4q": null,
            "common_shares": 2200000,
            "book_valuer_per_share": 7.01,
            "book_valuer_per_share_4q_avg": 7.7,
            "equity": 1542436,
            "current_ratio": 47.32,
            "debt_ratio": 66.65,
            "inventory_turnover_ratio": 1.31,
            "account_receivable_turnover_ratio": 8.31,
            "reinvestment_rate": null,
            "research_to_sale_ratio": null,
            "price_fair": 35,
            "eps_avg_yearly": 1,
            "eps_latest_yearly": 1,
            "eps_growth_yearly": 314.29
        },
        "20091": {
            "year_quarter": 20091,
            "year": 2009,
            "quarter": 1,
            "eps": -0.41,
            "eps_growth_year": null,
            "eps_4q": -1.45,
            "eps_4q_growth_year": -990.07,
            "roe": -6.07,
            "roe_4q": -19.79,
            "gross_profit": -45831,
            "gross_margin": -5.31,
            "gross_margin_4q_avg": -4.07,
            "net_income": -90771,
            "net_income_4q": null,
            "revenue": 863829,
            "revenue_4q": null,
            "common_shares": 2200000,
            "book_valuer_per_share": 6.59,
            "book_valuer_per_share_4q_avg": 7.32,
            "equity": 1449176,
            "current_ratio": 43.97,
            "debt_ratio": 68.16,
            "inventory_turnover_ratio": 1.64,
            "account_receivable_turnover_ratio": 3.79,
            "reinvestment_rate": null,
            "research_to_sale_ratio": null,
            "price_fair": 35,
            "eps_avg_yearly": 1,
            "eps_latest_yearly": 1,
            "eps_growth_yearly": 314.29
        },
        "20092": {
            "year_quarter": 20092,
            "year": 2009,
            "quarter": 2,
            "eps": -0.3,
            "eps_growth_year": null,
            "eps_4q": -1.65,
            "eps_4q_growth_year": null,
            "roe": -4.56,
            "roe_4q": -23.1,
            "gross_profit": -30599,
            "gross_margin": -3.42,
            "gross_margin_4q_avg": -5.48,
            "net_income": -66600,
            "net_income_4q": null,
            "revenue": 893884,
            "revenue_4q": null,
            "common_shares": 2200000,
            "book_valuer_per_share": 6.69,
            "book_valuer_per_share_4q_avg": 6.98,
            "equity": 1471851,
            "current_ratio": 41.43,
            "debt_ratio": 67.99,
            "inventory_turnover_ratio": 1.87,
            "account_receivable_turnover_ratio": 3.87,
            "reinvestment_rate": null,
            "research_to_sale_ratio": null,
            "price_fair": 35,
            "eps_avg_yearly": 1,
            "eps_latest_yearly": 1,
            "eps_growth_yearly": 314.29
        },
        "20093": {
            "year_quarter": 20093,
            "year": 2009,
            "quarter": 3,
            "eps": -0.37,
            "eps_growth_year": null,
            "eps_4q": -1.71,
            "eps_4q_growth_year": null,
            "roe": -5.29,
            "roe_4q": -24.54,
            "gross_profit": -45176,
            "gross_margin": -5.01,
            "gross_margin_4q_avg": -6.29,
            "net_income": -80717,
            "net_income_4q": null,
            "revenue": 901148,
            "revenue_4q": null,
            "common_shares": 2200000,
            "book_valuer_per_share": 7.19,
            "book_valuer_per_share_4q_avg": 6.87,
            "equity": 1582474,
            "current_ratio": 39.55,
            "debt_ratio": 66.72,
            "inventory_turnover_ratio": 1.85,
            "account_receivable_turnover_ratio": 5.04,
            "reinvestment_rate": null,
            "research_to_sale_ratio": null,
            "price_fair": 35,
            "eps_avg_yearly": 1,
            "eps_latest_yearly": 1,
            "eps_growth_yearly": 314.29
        },
        "20094": {
            "year_quarter": 20094,
            "year": 2009,
            "quarter": 4,
            "eps": -0.26,
            "eps_growth_year": null,
            "eps_4q": -1.34,
            "eps_4q_growth_year": null,
            "roe": -3.64,
            "roe_4q": -19.56,
            "gross_profit": -17496,
            "gross_margin": -1.91,
            "gross_margin_4q_avg": -3.91,
            "net_income": -56914,
            "net_income_4q": null,
            "revenue": 915486,
            "revenue_4q": null,
            "common_shares": 2200000,
            "book_valuer_per_share": 7,
            "book_valuer_per_share_4q_avg": 6.87,
            "equity": 1540439,
            "current_ratio": 61.46,
            "debt_ratio": 68.25,
            "inventory_turnover_ratio": 1.65,
            "account_receivable_turnover_ratio": 9.39,
            "reinvestment_rate": null,
            "research_to_sale_ratio": null,
            "price_fair": 35,
            "eps_avg_yearly": 1,
            "eps_latest_yearly": 1,
            "eps_growth_yearly": 314.29
        },
        "20101": {
            "year_quarter": 20101,
            "year": 2010,
            "quarter": 1,
            "eps": -0.08,
            "eps_growth_year": null,
            "eps_4q": -1.01,
            "eps_4q_growth_year": null,
            "roe": -1.12,
            "roe_4q": -14.61,
            "gross_profit": 25663,
            "gross_margin": 2.28,
            "gross_margin_4q_avg": -2.02,
            "net_income": -17238,
            "net_income_4q": null,
            "revenue": 1124577,
            "revenue_4q": null,
            "common_shares": 2200000,
            "book_valuer_per_share": 6.94,
            "book_valuer_per_share_4q_avg": 6.96,
            "equity": 1527465,
            "current_ratio": 67.63,
            "debt_ratio": 68.88,
            "inventory_turnover_ratio": 1.85,
            "account_receivable_turnover_ratio": 4.85,
            "reinvestment_rate": null,
            "research_to_sale_ratio": null,
            "price_fair": 35,
            "eps_avg_yearly": 1,
            "eps_latest_yearly": 1,
            "eps_growth_yearly": 314.29
        },
        "20102": {
            "year_quarter": 20102,
            "year": 2010,
            "quarter": 2,
            "eps": 0.13,
            "eps_growth_year": null,
            "eps_4q": -0.57,
            "eps_4q_growth_year": null,
            "roe": 1.83,
            "roe_4q": -8.22,
            "gross_profit": 75396,
            "gross_margin": 7.49,
            "gross_margin_4q_avg": 0.71,
            "net_income": 29176,
            "net_income_4q": null,
            "revenue": 1006923,
            "revenue_4q": null,
            "common_shares": 2200000,
            "book_valuer_per_share": 7.52,
            "book_valuer_per_share_4q_avg": 7.16,
            "equity": 1655359,
            "current_ratio": 66.09,
            "debt_ratio": 67.33,
            "inventory_turnover_ratio": 1.51,
            "account_receivable_turnover_ratio": 4.43,
            "reinvestment_rate": null,
            "research_to_sale_ratio": null,
            "price_fair": 35,
            "eps_avg_yearly": 1,
            "eps_latest_yearly": 1,
            "eps_growth_yearly": 314.29
        },
        "20103": {
            "year_quarter": 20103,
            "year": 2010,
            "quarter": 3,
            "eps": 1.37,
            "eps_growth_year": null,
            "eps_4q": 1.16,
            "eps_4q_growth_year": null,
            "roe": 17.63,
            "roe_4q": 14.7,
            "gross_profit": 55115,
            "gross_margin": -4.81,
            "gross_margin_4q_avg": 0.76,
            "net_income": 301053,
            "net_income_4q": null,
            "revenue": -1145086,
            "revenue_4q": null,
            "common_shares": 2200000,
            "book_valuer_per_share": 8,
            "book_valuer_per_share_4q_avg": 7.37,
            "equity": 1760480,
            "current_ratio": 82.19,
            "debt_ratio": 57.34,
            "inventory_turnover_ratio": -2.33,
            "account_receivable_turnover_ratio": -10.03,
            "reinvestment_rate": null,
            "research_to_sale_ratio": null,
            "price_fair": 113.4,
            "eps_avg_yearly": 3.24,
            "eps_latest_yearly": 5.48,
            "eps_growth_yearly": 2064.84
        },
        "20104": {
            "year_quarter": 20104,
            "year": 2010,
            "quarter": 4,
            "eps": 0.65,
            "eps_growth_year": null,
            "eps_4q": 2.07,
            "eps_4q_growth_year": null,
            "roe": 7.7,
            "roe_4q": 26.039999999999996,
            "gross_profit": 108457,
            "gross_margin": 28.56,
            "gross_margin_4q_avg": 8.38,
            "net_income": 142009,
            "net_income_4q": null,
            "revenue": 379811,
            "revenue_4q": null,
            "common_shares": 2200000,
            "book_valuer_per_share": 8.77,
            "book_valuer_per_share_4q_avg": 7.81,
            "equity": 1928978,
            "current_ratio": 99.75,
            "debt_ratio": 57.16,
            "inventory_turnover_ratio": 0.67,
            "account_receivable_turnover_ratio": 3.72,
            "reinvestment_rate": null,
            "research_to_sale_ratio": null,
            "price_fair": 105.93,
            "eps_avg_yearly": 3.03,
            "eps_latest_yearly": 2.6,
            "eps_growth_yearly": 1306.48
        },
        "20111": {
            "year_quarter": 20111,
            "year": 2011,
            "quarter": 1,
            "eps": 2.09,
            "eps_growth_year": null,
            "eps_4q": 4.24,
            "eps_4q_growth_year": null,
            "roe": 21.69,
            "roe_4q": 48.849999999999994,
            "gross_profit": 109325,
            "gross_margin": 35.94,
            "gross_margin_4q_avg": 16.8,
            "net_income": 459543,
            "net_income_4q": null,
            "revenue": 304216,
            "revenue_4q": null,
            "common_shares": 2200000,
            "book_valuer_per_share": 10.49,
            "book_valuer_per_share_4q_avg": 8.7,
            "equity": 2307589,
            "current_ratio": 119.69,
            "debt_ratio": 43.87,
            "inventory_turnover_ratio": 0.38,
            "account_receivable_turnover_ratio": 2.18,
            "reinvestment_rate": -53.76,
            "research_to_sale_ratio": null,
            "price_fair": 152.6,
            "eps_avg_yearly": 4.36,
            "eps_latest_yearly": 8.36,
            "eps_growth_yearly": 1201.4
        },
        "20112": {
            "year_quarter": 20112,
            "year": 2011,
            "quarter": 2,
            "eps": 0.36,
            "eps_growth_year": 175.2,
            "eps_4q": 4.47,
            "eps_4q_growth_year": null,
            "roe": 3.43,
            "roe_4q": 50.45,
            "gross_profit": 82440,
            "gross_margin": 27.11,
            "gross_margin_4q_avg": 21.7,
            "net_income": 80291,
            "net_income_4q": null,
            "revenue": 304040,
            "revenue_4q": null,
            "common_shares": 2200000,
            "book_valuer_per_share": 10.8,
            "book_valuer_per_share_4q_avg": 9.52,
            "equity": 2375613,
            "current_ratio": 124.43,
            "debt_ratio": 41.51,
            "inventory_turnover_ratio": 0.34,
            "account_receivable_turnover_ratio": 3.92,
            "reinvestment_rate": -64.03,
            "research_to_sale_ratio": null,
            "price_fair": 132.16,
            "eps_avg_yearly": 3.78,
            "eps_latest_yearly": 1.44,
            "eps_growth_yearly": 894.9
        },
        "20113": {
            "year_quarter": 20113,
            "year": 2011,
            "quarter": 3,
            "eps": 3.04,
            "eps_growth_year": 122.49,
            "eps_4q": 6.14,
            "eps_4q_growth_year": 427.83,
            "roe": 25.05,
            "roe_4q": 57.870000000000005,
            "gross_profit": 27017,
            "gross_margin": 7.41,
            "gross_margin_4q_avg": 24.76,
            "net_income": 669818,
            "net_income_4q": null,
            "revenue": 364373,
            "revenue_4q": null,
            "common_shares": 2200000,
            "book_valuer_per_share": 13.51,
            "book_valuer_per_share_4q_avg": 10.89,
            "equity": 2971732,
            "current_ratio": 251.11,
            "debt_ratio": 25.41,
            "inventory_turnover_ratio": 0.52,
            "account_receivable_turnover_ratio": 8.99,
            "reinvestment_rate": -56.67,
            "research_to_sale_ratio": null,
            "price_fair": 210.28,
            "eps_avg_yearly": 6.01,
            "eps_latest_yearly": 12.16,
            "eps_growth_yearly": 1427.6
        },
        "20114": {
            "year_quarter": 20114,
            "year": 2011,
            "quarter": 4,
            "eps": -0.12,
            "eps_growth_year": -119.07,
            "eps_4q": 5.38,
            "eps_4q_growth_year": 159.91,
            "roe": -0.89,
            "roe_4q": 49.28,
            "gross_profit": -7794,
            "gross_margin": -2.4,
            "gross_margin_4q_avg": 17.02,
            "net_income": -27082,
            "net_income_4q": null,
            "revenue": 324539,
            "revenue_4q": null,
            "common_shares": 2200000,
            "book_valuer_per_share": 14.14,
            "book_valuer_per_share_4q_avg": 12.24,
            "equity": 3109871,
            "current_ratio": 293.68,
            "debt_ratio": 25.37,
            "inventory_turnover_ratio": 0.57,
            "account_receivable_turnover_ratio": 11.56,
            "reinvestment_rate": -16.11,
            "research_to_sale_ratio": null,
            "price_fair": 210.28,
            "eps_avg_yearly": 6.01,
            "eps_latest_yearly": 12.16,
            "eps_growth_yearly": 1427.6
        },
        "20121": {
            "year_quarter": 20121,
            "year": 2012,
            "quarter": 1,
            "eps": 0.12,
            "eps_growth_year": -94.26,
            "eps_4q": 3.41,
            "eps_4q_growth_year": -19.55,
            "roe": 0.84,
            "roe_4q": 28.43,
            "gross_profit": 38243,
            "gross_margin": 10.4,
            "gross_margin_4q_avg": 10.63,
            "net_income": 26600,
            "net_income_4q": null,
            "revenue": 367744,
            "revenue_4q": null,
            "common_shares": 2200000,
            "book_valuer_per_share": 14.64,
            "book_valuer_per_share_4q_avg": 13.27,
            "equity": 3221439,
            "current_ratio": 302.09,
            "debt_ratio": 25.39,
            "inventory_turnover_ratio": 0.61,
            "account_receivable_turnover_ratio": 10.68,
            "reinvestment_rate": -2.82,
            "research_to_sale_ratio": null,
            "price_fair": 210.28,
            "eps_avg_yearly": 6.01,
            "eps_latest_yearly": 12.16,
            "eps_growth_yearly": 1427.6
        },
        "20122": {
            "year_quarter": 20122,
            "year": 2012,
            "quarter": 2,
            "eps": 0.06,
            "eps_growth_year": -84.35,
            "eps_4q": 3.1,
            "eps_4q_growth_year": -30.62,
            "roe": 0.39,
            "roe_4q": 25.39,
            "gross_profit": 29477,
            "gross_margin": 7.96,
            "gross_margin_4q_avg": 5.84,
            "net_income": 12566,
            "net_income_4q": null,
            "revenue": 370466,
            "revenue_4q": null,
            "common_shares": 2200000,
            "book_valuer_per_share": 14.37,
            "book_valuer_per_share_4q_avg": 14.17,
            "equity": 3161943,
            "current_ratio": 213.51,
            "debt_ratio": 28.56,
            "inventory_turnover_ratio": 0.66,
            "account_receivable_turnover_ratio": 11.41,
            "reinvestment_rate": -2.7,
            "research_to_sale_ratio": null,
            "price_fair": 176.63,
            "eps_avg_yearly": 5.05,
            "eps_latest_yearly": 0.24,
            "eps_growth_yearly": 1156.33
        },
        "20123": {
            "year_quarter": 20123,
            "year": 2012,
            "quarter": 3,
            "eps": 0.13,
            "eps_growth_year": -95.69,
            "eps_4q": 0.19,
            "eps_4q_growth_year": -96.97,
            "roe": 0.91,
            "roe_4q": 1.25,
            "gross_profit": 37749,
            "gross_margin": 10.23,
            "gross_margin_4q_avg": 6.55,
            "net_income": 28855,
            "net_income_4q": null,
            "revenue": 369169,
            "revenue_4q": null,
            "common_shares": 2200000,
            "book_valuer_per_share": 14.54,
            "book_valuer_per_share_4q_avg": 14.42,
            "equity": 3199018,
            "current_ratio": 258.5,
            "debt_ratio": 26.56,
            "inventory_turnover_ratio": 0.71,
            "account_receivable_turnover_ratio": 15.31,
            "reinvestment_rate": -3.02,
            "research_to_sale_ratio": null,
            "price_fair": 154,
            "eps_avg_yearly": 4.4,
            "eps_latest_yearly": 0.52,
            "eps_growth_yearly": 1057.81
        },
        "20124": {
            "year_quarter": 20124,
            "year": 2012,
            "quarter": 4,
            "eps": 0.11,
            "eps_growth_year": null,
            "eps_4q": 0.42,
            "eps_4q_growth_year": -92.27,
            "roe": 0.73,
            "roe_4q": 2.87,
            "gross_profit": 31016,
            "gross_margin": 9.87,
            "gross_margin_4q_avg": 9.62,
            "net_income": 23394,
            "net_income_4q": null,
            "revenue": 314327,
            "revenue_4q": null,
            "common_shares": 2200000,
            "book_valuer_per_share": 14.68,
            "book_valuer_per_share_4q_avg": 14.56,
            "equity": 3229355,
            "current_ratio": 249.72,
            "debt_ratio": 26.79,
            "inventory_turnover_ratio": 0.62,
            "account_receivable_turnover_ratio": 9.21,
            "reinvestment_rate": -1.69,
            "research_to_sale_ratio": null,
            "price_fair": 136.68,
            "eps_avg_yearly": 3.91,
            "eps_latest_yearly": 0.44,
            "eps_growth_yearly": 917.89
        },
        "20131": {
            "year_quarter": 20131,
            "year": 2013,
            "quarter": 1,
            "eps": 0.15,
            "eps_growth_year": 25,
            "eps_4q": 0.44,
            "eps_4q_growth_year": -87.04,
            "roe": 1,
            "roe_4q": 3.0300000000000002,
            "gross_profit": 40191,
            "gross_margin": 13.03,
            "gross_margin_4q_avg": 10.27,
            "net_income": 32362,
            "net_income_4q": null,
            "revenue": 308410,
            "revenue_4q": null,
            "common_shares": 2200000,
            "book_valuer_per_share": 14.71,
            "book_valuer_per_share_4q_avg": 14.58,
            "equity": 3235273,
            "current_ratio": 274.58,
            "debt_ratio": 26.85,
            "inventory_turnover_ratio": 0.47,
            "account_receivable_turnover_ratio": 7.58,
            "reinvestment_rate": -98.56,
            "research_to_sale_ratio": null,
            "price_fair": 123.82,
            "eps_avg_yearly": 3.54,
            "eps_latest_yearly": 0.6,
            "eps_growth_yearly": 832.06
        },
        "20132": {
            "year_quarter": 20132,
            "year": 2013,
            "quarter": 2,
            "eps": 0.25,
            "eps_growth_year": 337.69,
            "eps_4q": 0.63,
            "eps_4q_growth_year": -79.58,
            "roe": 1.7,
            "roe_4q": 4.34,
            "gross_profit": 50340,
            "gross_margin": 14.49,
            "gross_margin_4q_avg": 11.91,
            "net_income": 54599,
            "net_income_4q": null,
            "revenue": 347399,
            "revenue_4q": null,
            "common_shares": 2200000,
            "book_valuer_per_share": 14.53,
            "book_valuer_per_share_4q_avg": 14.62,
            "equity": 3196854,
            "current_ratio": 263.53,
            "debt_ratio": 26.86,
            "inventory_turnover_ratio": 0.48,
            "account_receivable_turnover_ratio": 9.62,
            "reinvestment_rate": -97.09,
            "research_to_sale_ratio": null,
            "price_fair": 114.94,
            "eps_avg_yearly": 3.28,
            "eps_latest_yearly": 1,
            "eps_growth_yearly": 775.52
        },
        "20133": {
            "year_quarter": 20133,
            "year": 2013,
            "quarter": 3,
            "eps": 0.13,
            "eps_growth_year": -0.88,
            "eps_4q": 0.63,
            "eps_4q_growth_year": 236.99,
            "roe": 0.86,
            "roe_4q": 4.29,
            "gross_profit": 42618,
            "gross_margin": 10.59,
            "gross_margin_4q_avg": 12,
            "net_income": 27605,
            "net_income_4q": null,
            "revenue": 402414,
            "revenue_4q": null,
            "common_shares": 2200000,
            "book_valuer_per_share": 14.67,
            "book_valuer_per_share_4q_avg": 14.65,
            "equity": 3227141,
            "current_ratio": 352.32,
            "debt_ratio": 24.75,
            "inventory_turnover_ratio": 0.68,
            "account_receivable_turnover_ratio": 21.69,
            "reinvestment_rate": -101.15,
            "research_to_sale_ratio": null,
            "price_fair": 106.15,
            "eps_avg_yearly": 3.03,
            "eps_latest_yearly": 0.52,
            "eps_growth_yearly": 687.57
        },
        "20134": {
            "year_quarter": 20134,
            "year": 2013,
            "quarter": 4,
            "eps": 0.1,
            "eps_growth_year": -7.21,
            "eps_4q": 0.62,
            "eps_4q_growth_year": 49.07,
            "roe": 0.67,
            "roe_4q": 4.23,
            "gross_profit": 33977,
            "gross_margin": 12.04,
            "gross_margin_4q_avg": 12.54,
            "net_income": 21706,
            "net_income_4q": null,
            "revenue": 282244,
            "revenue_4q": null,
            "common_shares": 2200000,
            "book_valuer_per_share": 14.8,
            "book_valuer_per_share_4q_avg": 14.68,
            "equity": 3256379,
            "current_ratio": 278.51,
            "debt_ratio": 26.19,
            "inventory_turnover_ratio": 0.48,
            "account_receivable_turnover_ratio": 17.87,
            "reinvestment_rate": -71.17,
            "research_to_sale_ratio": null,
            "price_fair": 98.47,
            "eps_avg_yearly": 2.81,
            "eps_latest_yearly": 0.4,
            "eps_growth_yearly": 622.58
        },
        "20141": {
            "year_quarter": 20141,
            "year": 2014,
            "quarter": 1,
            "eps": 0.1,
            "eps_growth_year": -33.33,
            "eps_4q": 0.57,
            "eps_4q_growth_year": 28.86,
            "roe": 0.65,
            "roe_4q": 3.88,
            "gross_profit": 31237,
            "gross_margin": 9.46,
            "gross_margin_4q_avg": 11.65,
            "net_income": 21316,
            "net_income_4q": null,
            "revenue": 330362,
            "revenue_4q": null,
            "common_shares": 2200000,
            "book_valuer_per_share": 14.93,
            "book_valuer_per_share_4q_avg": 14.73,
            "equity": 3284821,
            "current_ratio": 192.35,
            "debt_ratio": 29.61,
            "inventory_turnover_ratio": 0.53,
            "account_receivable_turnover_ratio": 7.58,
            "reinvestment_rate": -69.74,
            "research_to_sale_ratio": null,
            "price_fair": 91.97,
            "eps_avg_yearly": 2.63,
            "eps_latest_yearly": 0.4,
            "eps_growth_yearly": 574.69
        },
        "20142": {
            "year_quarter": 20142,
            "year": 2014,
            "quarter": 2,
            "eps": 0.03,
            "eps_growth_year": -88,
            "eps_4q": 0.36,
            "eps_4q_growth_year": -43.31,
            "roe": 0.26,
            "roe_4q": 2.44,
            "gross_profit": 28473,
            "gross_margin": 10.29,
            "gross_margin_4q_avg": 10.6,
            "net_income": 8291,
            "net_income_4q": null,
            "revenue": 276623,
            "revenue_4q": null,
            "common_shares": 2200000,
            "book_valuer_per_share": 14.38,
            "book_valuer_per_share_4q_avg": 14.7,
            "equity": 3163619,
            "current_ratio": 165.46,
            "debt_ratio": 29.92,
            "inventory_turnover_ratio": 0.44,
            "account_receivable_turnover_ratio": 4.44,
            "reinvestment_rate": -78.98,
            "research_to_sale_ratio": null,
            "price_fair": 85.7,
            "eps_avg_yearly": 2.45,
            "eps_latest_yearly": 0.12,
            "eps_growth_yearly": 513.64
        },
        "20143": {
            "year_quarter": 20143,
            "year": 2014,
            "quarter": 3,
            "eps": -0.05,
            "eps_growth_year": -138.46,
            "eps_4q": 0.19,
            "eps_4q_growth_year": -70.08,
            "roe": -0.32,
            "roe_4q": 1.2600000000000002,
            "gross_profit": -9168,
            "gross_margin": -2.4,
            "gross_margin_4q_avg": 7.35,
            "net_income": -10036,
            "net_income_4q": null,
            "revenue": 382528,
            "revenue_4q": null,
            "common_shares": 2200000,
            "book_valuer_per_share": 14.27,
            "book_valuer_per_share_4q_avg": 14.6,
            "equity": 3139534,
            "current_ratio": 157.44,
            "debt_ratio": 29.5,
            "inventory_turnover_ratio": 0.81,
            "account_receivable_turnover_ratio": 5.19,
            "reinvestment_rate": -46.22,
            "research_to_sale_ratio": null,
            "price_fair": 77.54,
            "eps_avg_yearly": 2.22,
            "eps_latest_yearly": 0.12,
            "eps_growth_yearly": 259.66
        },
        "20144": {
            "year_quarter": 20144,
            "year": 2014,
            "quarter": 4,
            "eps": 0.12,
            "eps_growth_year": 21.15,
            "eps_4q": 0.21,
            "eps_4q_growth_year": -66.34,
            "roe": 0.83,
            "roe_4q": 1.42,
            "gross_profit": 19555,
            "gross_margin": 6.05,
            "gross_margin_4q_avg": 5.85,
            "net_income": 26298,
            "net_income_4q": null,
            "revenue": 323037,
            "revenue_4q": null,
            "common_shares": 2200000,
            "book_valuer_per_share": 14.42,
            "book_valuer_per_share_4q_avg": 14.5,
            "equity": 3172429,
            "current_ratio": 103.15,
            "debt_ratio": 34.46,
            "inventory_turnover_ratio": 0.69,
            "account_receivable_turnover_ratio": 3.5,
            "reinvestment_rate": -50.5,
            "research_to_sale_ratio": null,
            "price_fair": 76.42,
            "eps_avg_yearly": 2.18,
            "eps_latest_yearly": 0.12,
            "eps_growth_yearly": 298.81
        },
        "20151": {
            "year_quarter": 20151,
            "year": 2015,
            "quarter": 1,
            "eps": -0.07,
            "eps_growth_year": -170,
            "eps_4q": 0.04,
            "eps_4q_growth_year": -93.51,
            "roe": -0.52,
            "roe_4q": 0.24999999999999994,
            "gross_profit": -2208,
            "gross_margin": -0.74,
            "gross_margin_4q_avg": 3.3,
            "net_income": -16421,
            "net_income_4q": null,
            "revenue": 296976,
            "revenue_4q": null,
            "common_shares": 2200000,
            "book_valuer_per_share": 14.31,
            "book_valuer_per_share_4q_avg": 14.35,
            "equity": 3148860,
            "current_ratio": 99.37,
            "debt_ratio": 35.12,
            "inventory_turnover_ratio": 0.55,
            "account_receivable_turnover_ratio": 4.47,
            "reinvestment_rate": -77.99,
            "research_to_sale_ratio": null,
            "price_fair": 56.76,
            "eps_avg_yearly": 1.62,
            "eps_latest_yearly": 0.12,
            "eps_growth_yearly": 245.42
        },
        "20152": {
            "year_quarter": 20152,
            "year": 2015,
            "quarter": 2,
            "eps": -0.02,
            "eps_growth_year": -166.67,
            "eps_4q": -0.02,
            "eps_4q_growth_year": -105.56,
            "roe": -0.14,
            "roe_4q": -0.15000000000000008,
            "gross_profit": 13086,
            "gross_margin": 4.61,
            "gross_margin_4q_avg": 1.88,
            "net_income": -4231,
            "net_income_4q": null,
            "revenue": 284134,
            "revenue_4q": null,
            "common_shares": 2200000,
            "book_valuer_per_share": 14.01,
            "book_valuer_per_share_4q_avg": 14.25,
            "equity": 3083174,
            "current_ratio": 92.58,
            "debt_ratio": 37.58,
            "inventory_turnover_ratio": 0.46,
            "account_receivable_turnover_ratio": 3.93,
            "reinvestment_rate": -89.48,
            "research_to_sale_ratio": null,
            "price_fair": 57.4,
            "eps_avg_yearly": 1.64,
            "eps_latest_yearly": 0.12,
            "eps_growth_yearly": 303.07
        },
        "20153": {
            "year_quarter": 20153,
            "year": 2015,
            "quarter": 3,
            "eps": 0.06,
            "eps_growth_year": null,
            "eps_4q": 0.08,
            "eps_4q_growth_year": -56.65,
            "roe": 0.4,
            "roe_4q": 0.57,
            "gross_profit": 11041,
            "gross_margin": 4.14,
            "gross_margin_4q_avg": 3.52,
            "net_income": 12247,
            "net_income_4q": null,
            "revenue": 266966,
            "revenue_4q": null,
            "common_shares": 2200000,
            "book_valuer_per_share": 13.84,
            "book_valuer_per_share_4q_avg": 14.15,
            "equity": 3044800,
            "current_ratio": 88.34,
            "debt_ratio": 35.12,
            "inventory_turnover_ratio": 0.49,
            "account_receivable_turnover_ratio": 3.19,
            "reinvestment_rate": -424.31,
            "research_to_sale_ratio": null,
            "price_fair": 7.48,
            "eps_avg_yearly": 0.47,
            "eps_latest_yearly": 0.12,
            "eps_growth_yearly": 5.88
        },
        "20154": {
            "year_quarter": 20154,
            "year": 2015,
            "quarter": 4,
            "eps": 0.07,
            "eps_growth_year": -40.59,
            "eps_4q": 0.03,
            "eps_4q_growth_year": -84.26,
            "roe": 0.51,
            "roe_4q": 0.25,
            "gross_profit": 27172,
            "gross_margin": 11.09,
            "gross_margin_4q_avg": 4.78,
            "net_income": 15623,
            "net_income_4q": null,
            "revenue": 245037,
            "revenue_4q": null,
            "common_shares": 2200000,
            "book_valuer_per_share": 13.98,
            "book_valuer_per_share_4q_avg": 14.04,
            "equity": 3076421,
            "current_ratio": 92.88,
            "debt_ratio": 35.64,
            "inventory_turnover_ratio": 0.44,
            "account_receivable_turnover_ratio": 2.78,
            "reinvestment_rate": -514.39,
            "research_to_sale_ratio": null,
            "price_fair": 9.93,
            "eps_avg_yearly": 0.45,
            "eps_latest_yearly": 0.28,
            "eps_growth_yearly": 11.96
        },
        "20161": {
            "year_quarter": 20161,
            "year": 2016,
            "quarter": 1,
            "eps": -0.02,
            "eps_growth_year": null,
            "eps_4q": 0.09,
            "eps_4q_growth_year": 138.62,
            "roe": -0.14,
            "roe_4q": 0.63,
            "gross_profit": 11469,
            "gross_margin": 5.82,
            "gross_margin_4q_avg": 6.42,
            "net_income": -4234,
            "net_income_4q": null,
            "revenue": 197066,
            "revenue_4q": null,
            "common_shares": 2200000,
            "book_valuer_per_share": 13.97,
            "book_valuer_per_share_4q_avg": 13.95,
            "equity": 3072502,
            "current_ratio": 93.27,
            "debt_ratio": 35.22,
            "inventory_turnover_ratio": 0.34,
            "account_receivable_turnover_ratio": 2.5,
            "reinvestment_rate": -633.25,
            "research_to_sale_ratio": null,
            "price_fair": 9.93,
            "eps_avg_yearly": 0.45,
            "eps_latest_yearly": 0.28,
            "eps_growth_yearly": 11.96
        },
        "20162": {
            "year_quarter": 20162,
            "year": 2016,
            "quarter": 2,
            "eps": -0.01,
            "eps_growth_year": null,
            "eps_4q": 0.1,
            "eps_4q_growth_year": null,
            "roe": -0.05,
            "roe_4q": 0.72,
            "gross_profit": 17712,
            "gross_margin": 6.47,
            "gross_margin_4q_avg": 6.88,
            "net_income": -1627,
            "net_income_4q": null,
            "revenue": 273684,
            "revenue_4q": null,
            "common_shares": 2200000,
            "book_valuer_per_share": 13.84,
            "book_valuer_per_share_4q_avg": 13.91,
            "equity": 3045458,
            "current_ratio": 91.76,
            "debt_ratio": 35.73,
            "inventory_turnover_ratio": 0.46,
            "account_receivable_turnover_ratio": 4.02,
            "reinvestment_rate": -675.46,
            "research_to_sale_ratio": null,
            "price_fair": 16.64,
            "eps_avg_yearly": 0.48,
            "eps_latest_yearly": 0.28,
            "eps_growth_yearly": 35.51
        },
        "20163": {
            "year_quarter": 20163,
            "year": 2016,
            "quarter": 3,
            "eps": -0.01,
            "eps_growth_year": -116.67,
            "eps_4q": 0.04,
            "eps_4q_growth_year": -55.7,
            "roe": -0.06,
            "roe_4q": 0.26,
            "gross_profit": 7305,
            "gross_margin": 2.7,
            "gross_margin_4q_avg": 6.52,
            "net_income": -1835,
            "net_income_4q": null,
            "revenue": 270924,
            "revenue_4q": null,
            "common_shares": 2200000,
            "book_valuer_per_share": 13.77,
            "book_valuer_per_share_4q_avg": 13.89,
            "equity": 3029552,
            "current_ratio": 89.16,
            "debt_ratio": 35.6,
            "inventory_turnover_ratio": 0.54,
            "account_receivable_turnover_ratio": 3.17,
            "reinvestment_rate": -782.28,
            "research_to_sale_ratio": null,
            "price_fair": 1.41,
            "eps_avg_yearly": 0.47,
            "eps_latest_yearly": 0.28,
            "eps_growth_yearly": -18.38
        },
        "20164": {
            "year_quarter": 20164,
            "year": 2016,
            "quarter": 4,
            "eps": 0.02,
            "eps_growth_year": -71.02,
            "eps_4q": -0.01,
            "eps_4q_growth_year": -143.91,
            "roe": 0.15,
            "roe_4q": -0.10000000000000002,
            "gross_profit": 20853,
            "gross_margin": 7.96,
            "gross_margin_4q_avg": 5.74,
            "net_income": 4527,
            "net_income_4q": null,
            "revenue": 262000,
            "revenue_4q": null,
            "common_shares": 2200000,
            "book_valuer_per_share": 13.86,
            "book_valuer_per_share_4q_avg": 13.86,
            "equity": 3048257,
            "current_ratio": 91.3,
            "debt_ratio": 34.89,
            "inventory_turnover_ratio": 0.55,
            "account_receivable_turnover_ratio": 3.07,
            "reinvestment_rate": -857.32,
            "research_to_sale_ratio": null,
            "price_fair": 1.42,
            "eps_avg_yearly": 0.47,
            "eps_latest_yearly": 0.28,
            "eps_growth_yearly": -12.22
        },
        "20171": {
            "year_quarter": 20171,
            "year": 2017,
            "quarter": 1,
            "eps": -0.02,
            "eps_growth_year": null,
            "eps_4q": -0.01,
            "eps_4q_growth_year": -112.16,
            "roe": -0.11,
            "roe_4q": -0.07,
            "gross_profit": 21194,
            "gross_margin": 9.07,
            "gross_margin_4q_avg": 6.55,
            "net_income": -3425,
            "net_income_4q": null,
            "revenue": 233572,
            "revenue_4q": null,
            "common_shares": 2200000,
            "book_valuer_per_share": 13.93,
            "book_valuer_per_share_4q_avg": 13.85,
            "equity": 3064299,
            "current_ratio": 87.68,
            "debt_ratio": 35.04,
            "inventory_turnover_ratio": 0.48,
            "account_receivable_turnover_ratio": 2.48,
            "reinvestment_rate": -56.85,
            "research_to_sale_ratio": 0.95,
            "price_fair": 1.36,
            "eps_avg_yearly": 0.45,
            "eps_latest_yearly": 0.28,
            "eps_growth_yearly": -38.5
        },
        "20172": {
            "year_quarter": 20172,
            "year": 2017,
            "quarter": 2,
            "eps": 0.03,
            "eps_growth_year": null,
            "eps_4q": 0.03,
            "eps_4q_growth_year": -73.55,
            "roe": 0.21,
            "roe_4q": 0.19,
            "gross_profit": 24991,
            "gross_margin": 12.24,
            "gross_margin_4q_avg": 7.99,
            "net_income": 6554,
            "net_income_4q": null,
            "revenue": 204201,
            "revenue_4q": null,
            "common_shares": 2200000,
            "book_valuer_per_share": 13.79,
            "book_valuer_per_share_4q_avg": 13.84,
            "equity": 3034012,
            "current_ratio": 115.06,
            "debt_ratio": 36.86,
            "inventory_turnover_ratio": 0.38,
            "account_receivable_turnover_ratio": 2.83,
            "reinvestment_rate": -86.86,
            "research_to_sale_ratio": 1.02,
            "price_fair": 1.03,
            "eps_avg_yearly": 0.34,
            "eps_latest_yearly": 0.28,
            "eps_growth_yearly": -99.53
        },
        "20173": {
            "year_quarter": 20173,
            "year": 2017,
            "quarter": 3,
            "eps": 0.47,
            "eps_growth_year": null,
            "eps_4q": 0.51,
            "eps_4q_growth_year": 1304.32,
            "roe": 3.36,
            "roe_4q": 3.61,
            "gross_profit": -11038,
            "gross_margin": -8.05,
            "gross_margin_4q_avg": 5.31,
            "net_income": 103665,
            "net_income_4q": null,
            "revenue": 137196,
            "revenue_4q": null,
            "common_shares": 2200000,
            "book_valuer_per_share": 14.25,
            "book_valuer_per_share_4q_avg": 13.96,
            "equity": 3135113,
            "current_ratio": 139.29,
            "debt_ratio": 29.39,
            "inventory_turnover_ratio": 0.3,
            "account_receivable_turnover_ratio": 4.55,
            "reinvestment_rate": -24.93,
            "research_to_sale_ratio": 1.68,
            "price_fair": 21.56,
            "eps_avg_yearly": 0.62,
            "eps_latest_yearly": 1.88,
            "eps_growth_yearly": 1112.21
        },
        "20174": {
            "year_quarter": 20174,
            "year": 2017,
            "quarter": 4,
            "eps": -0.08,
            "eps_growth_year": -478.98,
            "eps_4q": 0.41,
            "eps_4q_growth_year": null,
            "roe": -0.55,
            "roe_4q": 2.9099999999999997,
            "gross_profit": 7016,
            "gross_margin": 3.22,
            "gross_margin_4q_avg": 4.12,
            "net_income": -17156,
            "net_income_4q": null,
            "revenue": 218100,
            "revenue_4q": null,
            "common_shares": 2200000,
            "book_valuer_per_share": 14.23,
            "book_valuer_per_share_4q_avg": 14.05,
            "equity": 3131260,
            "current_ratio": 135.22,
            "debt_ratio": 30.36,
            "inventory_turnover_ratio": 0.43,
            "account_receivable_turnover_ratio": 4.02,
            "reinvestment_rate": -34.3,
            "research_to_sale_ratio": 1.04,
            "price_fair": 23.45,
            "eps_avg_yearly": 0.67,
            "eps_latest_yearly": 1.88,
            "eps_growth_yearly": 1413.33
        },
        "20181": {
            "year_quarter": 20181,
            "year": 2018,
            "quarter": 1,
            "eps": 0.02,
            "eps_growth_year": null,
            "eps_4q": 0.45,
            "eps_4q_growth_year": null,
            "roe": 0.17,
            "roe_4q": 3.19,
            "gross_profit": 25185,
            "gross_margin": 9.63,
            "gross_margin_4q_avg": 4.26,
            "net_income": 5456,
            "net_income_4q": null,
            "revenue": 261472,
            "revenue_4q": null,
            "common_shares": 2200000,
            "book_valuer_per_share": 14.33,
            "book_valuer_per_share_4q_avg": 14.15,
            "equity": 3152977,
            "current_ratio": 137.58,
            "debt_ratio": 30.48,
            "inventory_turnover_ratio": 0.5,
            "account_receivable_turnover_ratio": 2.66,
            "reinvestment_rate": -75.33,
            "research_to_sale_ratio": 0.58,
            "price_fair": 26.6,
            "eps_avg_yearly": 0.76,
            "eps_latest_yearly": 1.88,
            "eps_growth_yearly": 1884.44
        },
        "20182": {
            "year_quarter": 20182,
            "year": 2018,
            "quarter": 2,
            "eps": 0.05,
            "eps_growth_year": 66.67,
            "eps_4q": 0.46,
            "eps_4q_growth_year": 1654.5,
            "roe": 0.33,
            "roe_4q": 3.3099999999999996,
            "gross_profit": 22019,
            "gross_margin": 9.04,
            "gross_margin_4q_avg": 3.46,
            "net_income": 10164,
            "net_income_4q": null,
            "revenue": 243682,
            "revenue_4q": null,
            "common_shares": 2200000,
            "book_valuer_per_share": 14.03,
            "book_valuer_per_share_4q_avg": 14.21,
            "equity": 3087080,
            "current_ratio": 130.9,
            "debt_ratio": 30.85,
            "inventory_turnover_ratio": 0.47,
            "account_receivable_turnover_ratio": 2.68,
            "reinvestment_rate": -86.69,
            "research_to_sale_ratio": 0.66,
            "price_fair": 27.53,
            "eps_avg_yearly": 0.79,
            "eps_latest_yearly": 0.2,
            "eps_growth_yearly": 2177.78
        },
        "20183": {
            "year_quarter": 20183,
            "year": 2018,
            "quarter": 3,
            "eps": 0.1,
            "eps_growth_year": -78.72,
            "eps_4q": 0.09,
            "eps_4q_growth_year": -82.35,
            "roe": 0.69,
            "roe_4q": 0.6399999999999999,
            "gross_profit": 23504,
            "gross_margin": 9.81,
            "gross_margin_4q_avg": 7.93,
            "net_income": 21187,
            "net_income_4q": null,
            "revenue": 239481,
            "revenue_4q": null,
            "common_shares": 2200000,
            "book_valuer_per_share": 14.08,
            "book_valuer_per_share_4q_avg": 14.17,
            "equity": 3097708,
            "current_ratio": 135.15,
            "debt_ratio": 30.4,
            "inventory_turnover_ratio": 0.49,
            "account_receivable_turnover_ratio": 3.76,
            "reinvestment_rate": -97.73,
            "research_to_sale_ratio": 0.73,
            "price_fair": 24.15,
            "eps_avg_yearly": 0.69,
            "eps_latest_yearly": 0.4,
            "eps_growth_yearly": 1733.33
        },
        "20184": {
            "year_quarter": 20184,
            "year": 2018,
            "quarter": 4,
            "eps": 0.01,
            "eps_growth_year": null,
            "eps_4q": 0.17,
            "eps_4q_growth_year": -57.07,
            "roe": 0.05,
            "roe_4q": 1.24,
            "gross_profit": 13777,
            "gross_margin": 5.98,
            "gross_margin_4q_avg": 8.62,
            "net_income": 1675,
            "net_income_4q": null,
            "revenue": 230289,
            "revenue_4q": null,
            "common_shares": 2200000,
            "book_valuer_per_share": 13.98,
            "book_valuer_per_share_4q_avg": 14.11,
            "equity": 3076156,
            "current_ratio": 130.48,
            "debt_ratio": 31.68,
            "inventory_turnover_ratio": 0.46,
            "account_receivable_turnover_ratio": 3.76,
            "reinvestment_rate": -126.3,
            "research_to_sale_ratio": 0.88,
            "price_fair": 19.6,
            "eps_avg_yearly": 0.56,
            "eps_latest_yearly": 0.04,
            "eps_growth_yearly": 1314.67
        },
        "20191": {
            "year_quarter": 20191,
            "year": 2019,
            "quarter": 1,
            "eps": -0.05,
            "eps_growth_year": -350,
            "eps_4q": 0.1,
            "eps_4q_growth_year": -78.48,
            "roe": -0.38,
            "roe_4q": 0.69,
            "gross_profit": 2370,
            "gross_margin": 1.12,
            "gross_margin_4q_avg": 6.49,
            "net_income": -11829,
            "net_income_4q": null,
            "revenue": 211137,
            "revenue_4q": null,
            "common_shares": 2200000,
            "book_valuer_per_share": 14.09,
            "book_valuer_per_share_4q_avg": 14.05,
            "equity": 3100020,
            "current_ratio": 129.39,
            "debt_ratio": 32.86,
            "inventory_turnover_ratio": 0.39,
            "account_receivable_turnover_ratio": 2.78,
            "reinvestment_rate": -117.74,
            "research_to_sale_ratio": 0.98,
            "price_fair": 19.6,
            "eps_avg_yearly": 0.56,
            "eps_latest_yearly": 0.04,
            "eps_growth_yearly": 1314.67
        },
        "20192": {
            "year_quarter": 20192,
            "year": 2019,
            "quarter": 2,
            "eps": -0.03,
            "eps_growth_year": -160,
            "eps_4q": 0.02,
            "eps_4q_growth_year": -96,
            "roe": -0.23,
            "roe_4q": 0.13,
            "gross_profit": 7872,
            "gross_margin": 3.63,
            "gross_margin_4q_avg": 5.14,
            "net_income": -6947,
            "net_income_4q": null,
            "revenue": 216992,
            "revenue_4q": null,
            "common_shares": 2200000,
            "book_valuer_per_share": 13.84,
            "book_valuer_per_share_4q_avg": 14,
            "equity": 3044688,
            "current_ratio": 123.05,
            "debt_ratio": 33.48,
            "inventory_turnover_ratio": 0.39,
            "account_receivable_turnover_ratio": 2.7,
            "reinvestment_rate": -127.26,
            "research_to_sale_ratio": 1.22,
            "price_fair": 19.6,
            "eps_avg_yearly": 0.56,
            "eps_latest_yearly": 0.04,
            "eps_growth_yearly": 1314.67
        },
        "20193": {
            "year_quarter": 20193,
            "year": 2019,
            "quarter": 3,
            "eps": 0.03,
            "eps_growth_year": -70,
            "eps_4q": -0.05,
            "eps_4q_growth_year": -157.32,
            "roe": 0.19,
            "roe_4q": -0.37000000000000005,
            "gross_profit": 478,
            "gross_margin": 0.25,
            "gross_margin_4q_avg": 2.75,
            "net_income": 5837,
            "net_income_4q": null,
            "revenue": 189979,
            "revenue_4q": null,
            "common_shares": 2200000,
            "book_valuer_per_share": 13.72,
            "book_valuer_per_share_4q_avg": 13.91,
            "equity": 3019181,
            "current_ratio": 117.71,
            "debt_ratio": 34.36,
            "inventory_turnover_ratio": 0.36,
            "account_receivable_turnover_ratio": 2.9,
            "reinvestment_rate": -133.8,
            "research_to_sale_ratio": 2.05,
            "price_fair": 19.6,
            "eps_avg_yearly": 0.56,
            "eps_latest_yearly": 0.04,
            "eps_growth_yearly": 1314.67
        },
        "20194": {
            "year_quarter": 20194,
            "year": 2019,
            "quarter": 4,
            "eps": 0.22,
            "eps_growth_year": 2845.77,
            "eps_4q": 0.17,
            "eps_4q_growth_year": -5.4,
            "roe": 1.61,
            "roe_4q": 1.19,
            "gross_profit": 3112,
            "gross_margin": 1.8,
            "gross_margin_4q_avg": 1.7,
            "net_income": 49344,
            "net_income_4q": null,
            "revenue": 172670,
            "revenue_4q": null,
            "common_shares": 2200000,
            "book_valuer_per_share": 14.08,
            "book_valuer_per_share_4q_avg": 13.93,
            "equity": 3097848,
            "current_ratio": 150.93,
            "debt_ratio": 32.28,
            "inventory_turnover_ratio": 0.31,
            "account_receivable_turnover_ratio": 4.02,
            "reinvestment_rate": -91.84,
            "research_to_sale_ratio": 3.16,
            "price_fair": 23.8,
            "eps_avg_yearly": 0.68,
            "eps_latest_yearly": 0.88,
            "eps_growth_yearly": 1808
        },
        "20201": {
            "year_quarter": 20201,
            "year": 2020,
            "quarter": 1,
            "eps": -0.1,
            "eps_growth_year": null,
            "eps_4q": 0.12,
            "eps_4q_growth_year": 25.71,
            "roe": -0.71,
            "roe_4q": 0.8600000000000001,
            "gross_profit": -1730,
            "gross_margin": -0.82,
            "gross_margin_4q_avg": 1.22,
            "net_income": -21587,
            "net_income_4q": null,
            "revenue": 210102,
            "revenue_4q": null,
            "common_shares": 2200000,
            "book_valuer_per_share": 13.71,
            "book_valuer_per_share_4q_avg": 13.84,
            "equity": 3016187,
            "current_ratio": 151.55,
            "debt_ratio": 30.95,
            "inventory_turnover_ratio": 0.42,
            "account_receivable_turnover_ratio": 3.95,
            "reinvestment_rate": -104.98,
            "research_to_sale_ratio": 1.46,
            "price_fair": 23.8,
            "eps_avg_yearly": 0.68,
            "eps_latest_yearly": 0.88,
            "eps_growth_yearly": 1808
        },
        "20202": {
            "year_quarter": 20202,
            "year": 2020,
            "quarter": 2,
            "eps": 0.09,
            "eps_growth_year": null,
            "eps_4q": 0.24,
            "eps_4q_growth_year": 1189.78,
            "roe": 0.63,
            "roe_4q": 1.7200000000000002,
            "gross_profit": 17685,
            "gross_margin": 14.77,
            "gross_margin_4q_avg": 4,
            "net_income": 19107,
            "net_income_4q": null,
            "revenue": 119702,
            "revenue_4q": null,
            "common_shares": 2200000,
            "book_valuer_per_share": 13.9,
            "book_valuer_per_share_4q_avg": 13.85,
            "equity": 3058922,
            "current_ratio": 154.12,
            "debt_ratio": 31.79,
            "inventory_turnover_ratio": 0.21,
            "account_receivable_turnover_ratio": 2.79,
            "reinvestment_rate": -91.14,
            "research_to_sale_ratio": 2.6,
            "price_fair": 23.8,
            "eps_avg_yearly": 0.68,
            "eps_latest_yearly": 0.88,
            "eps_growth_yearly": 1808
        },
        "20203": {
            "year_quarter": 20203,
            "year": 2020,
            "quarter": 3,
            "eps": 0.22,
            "eps_growth_year": 633.33,
            "eps_4q": 0.44,
            "eps_4q_growth_year": null,
            "roe": 1.59,
            "roe_4q": 3.12,
            "gross_profit": 15786,
            "gross_margin": 9.88,
            "gross_margin_4q_avg": 6.41,
            "net_income": 48879,
            "net_income_4q": null,
            "revenue": 159771,
            "revenue_4q": null,
            "common_shares": 2200000,
            "book_valuer_per_share": 13.97,
            "book_valuer_per_share_4q_avg": 13.92,
            "equity": 3072630,
            "current_ratio": 162.03,
            "debt_ratio": 30.94,
            "inventory_turnover_ratio": 0.27,
            "account_receivable_turnover_ratio": 5.57,
            "reinvestment_rate": -69.78,
            "research_to_sale_ratio": 1.88,
            "price_fair": 24.97,
            "eps_avg_yearly": 0.71,
            "eps_latest_yearly": 0.88,
            "eps_growth_yearly": 1602.96
        },
        "20204": {
            "year_quarter": 20204,
            "year": 2020,
            "quarter": 4,
            "eps": 0.06,
            "eps_growth_year": -75.3,
            "eps_4q": 0.27,
            "eps_4q_growth_year": 60.93,
            "roe": 0.39,
            "roe_4q": 1.9,
            "gross_profit": 31143,
            "gross_margin": 14.63,
            "gross_margin_4q_avg": 9.62,
            "net_income": 12189,
            "net_income_4q": null,
            "revenue": 212896,
            "revenue_4q": null,
            "common_shares": 2200000,
            "book_valuer_per_share": 14.18,
            "book_valuer_per_share_4q_avg": 13.94,
            "equity": 3119690,
            "current_ratio": 178.89,
            "debt_ratio": 29.36,
            "inventory_turnover_ratio": 0.36,
            "account_receivable_turnover_ratio": 4.32,
            "reinvestment_rate": -75.98,
            "research_to_sale_ratio": 3.14,
            "price_fair": 22.6,
            "eps_avg_yearly": 0.65,
            "eps_latest_yearly": 0.24,
            "eps_growth_yearly": 1332.41
        },
        "20211": {
            "year_quarter": 20211,
            "year": 2021,
            "quarter": 1,
            "eps": 0.08,
            "eps_growth_year": null,
            "eps_4q": 0.44,
            "eps_4q_growth_year": 266.85,
            "roe": 0.56,
            "roe_4q": 3.17,
            "gross_profit": 38971,
            "gross_margin": 19.2,
            "gross_margin_4q_avg": 14.62,
            "net_income": 17579,
            "net_income_4q": null,
            "revenue": 202938,
            "revenue_4q": null,
            "common_shares": 2200000,
            "book_valuer_per_share": 14.43,
            "book_valuer_per_share_4q_avg": 14.12,
            "equity": 3173556,
            "current_ratio": 175.37,
            "debt_ratio": 30.4,
            "inventory_turnover_ratio": 0.34,
            "account_receivable_turnover_ratio": 4.02,
            "reinvestment_rate": -67.34,
            "research_to_sale_ratio": 2.04,
            "price_fair": 21.18,
            "eps_avg_yearly": 0.61,
            "eps_latest_yearly": 0.32,
            "eps_growth_yearly": 1182.53
        },
        "20212": {
            "year_quarter": 20212,
            "year": 2021,
            "quarter": 2,
            "eps": 0.14,
            "eps_growth_year": 55.56,
            "eps_4q": 0.5,
            "eps_4q_growth_year": 109.08,
            "roe": 0.99,
            "roe_4q": 3.5300000000000002,
            "gross_profit": 43435,
            "gross_margin": 22.01,
            "gross_margin_4q_avg": 16.43,
            "net_income": 31539,
            "net_income_4q": null,
            "revenue": 197354,
            "revenue_4q": null,
            "common_shares": 2200000,
            "book_valuer_per_share": 14.56,
            "book_valuer_per_share_4q_avg": 14.29,
            "equity": 3203952,
            "current_ratio": 184.84,
            "debt_ratio": 29.41,
            "inventory_turnover_ratio": 0.33,
            "account_receivable_turnover_ratio": 4.37,
            "reinvestment_rate": -61.42,
            "research_to_sale_ratio": 1.49,
            "price_fair": 21,
            "eps_avg_yearly": 0.6,
            "eps_latest_yearly": 0.56,
            "eps_growth_yearly": 1084.47
        },
        "20213": {
            "year_quarter": 20213,
            "year": 2021,
            "quarter": 3,
            "eps": 0.27,
            "eps_growth_year": 22.73,
            "eps_4q": 0.55,
            "eps_4q_growth_year": 26.71,
            "roe": 1.89,
            "roe_4q": 3.83,
            "gross_profit": 46475,
            "gross_margin": 23.46,
            "gross_margin_4q_avg": 19.83,
            "net_income": 60013,
            "net_income_4q": null,
            "revenue": 198124,
            "revenue_4q": null,
            "common_shares": 2200000,
            "book_valuer_per_share": 14.35,
            "book_valuer_per_share_4q_avg": 14.38,
            "equity": 3157542,
            "current_ratio": 181.14,
            "debt_ratio": 29.87,
            "inventory_turnover_ratio": 0.33,
            "account_receivable_turnover_ratio": 4.71,
            "reinvestment_rate": -94.84,
            "research_to_sale_ratio": 1.38,
            "price_fair": 17.89,
            "eps_avg_yearly": 0.51,
            "eps_latest_yearly": 1.08,
            "eps_growth_yearly": 473.88
        },
        "20214": {
            "year_quarter": 20214,
            "year": 2021,
            "quarter": 4,
            "eps": 0.15,
            "eps_growth_year": 173.79,
            "eps_4q": 0.65,
            "eps_4q_growth_year": 143.23,
            "roe": 1.05,
            "roe_4q": 4.49,
            "gross_profit": 55936,
            "gross_margin": 26.47,
            "gross_margin_4q_avg": 22.79,
            "net_income": 33372,
            "net_income_4q": null,
            "revenue": 211298,
            "revenue_4q": null,
            "common_shares": 2200000,
            "book_valuer_per_share": 14.61,
            "book_valuer_per_share_4q_avg": 14.49,
            "equity": 3213692,
            "current_ratio": 183.54,
            "debt_ratio": 30.17,
            "inventory_turnover_ratio": 0.32,
            "account_receivable_turnover_ratio": 4.94,
            "reinvestment_rate": -76.43,
            "research_to_sale_ratio": 1.5,
            "price_fair": 18.2,
            "eps_avg_yearly": 0.52,
            "eps_latest_yearly": 0.6,
            "eps_growth_yearly": 408.72
        },
        "20221": {
            "year_quarter": 20221,
            "year": 2022,
            "quarter": 1,
            "eps": 0.11,
            "eps_growth_year": 37.5,
            "eps_4q": 0.67,
            "eps_4q_growth_year": 51.78,
            "roe": 0.73,
            "roe_4q": 4.66,
            "gross_profit": 45254,
            "gross_margin": 24.4,
            "gross_margin_4q_avg": 24.09,
            "net_income": 23446,
            "net_income_4q": null,
            "revenue": 185455,
            "revenue_4q": null,
            "common_shares": 2200000,
            "book_valuer_per_share": 14.69,
            "book_valuer_per_share_4q_avg": 14.55,
            "equity": 3231100,
            "current_ratio": 193.3,
            "debt_ratio": 29,
            "inventory_turnover_ratio": 0.27,
            "account_receivable_turnover_ratio": 4.44,
            "reinvestment_rate": -55.04,
            "research_to_sale_ratio": 1.49,
            "price_fair": 17.95,
            "eps_avg_yearly": 0.51,
            "eps_latest_yearly": 0.44,
            "eps_growth_yearly": 361.87
        },
        "20222": {
            "year_quarter": 20222,
            "year": 2022,
            "quarter": 2,
            "eps": 0.21,
            "eps_growth_year": 50,
            "eps_4q": 0.74,
            "eps_4q_growth_year": 47.52,
            "roe": 1.45,
            "roe_4q": 5.119999999999999,
            "gross_profit": 62350,
            "gross_margin": 31.01,
            "gross_margin_4q_avg": 26.34,
            "net_income": 45714,
            "net_income_4q": null,
            "revenue": 201054,
            "revenue_4q": null,
            "common_shares": 2200000,
            "book_valuer_per_share": 14.01,
            "book_valuer_per_share_4q_avg": 14.42,
            "equity": 3083263,
            "current_ratio": 166.43,
            "debt_ratio": 30.43,
            "inventory_turnover_ratio": 0.27,
            "account_receivable_turnover_ratio": 5.63,
            "reinvestment_rate": -41.27,
            "research_to_sale_ratio": 1.36,
            "price_fair": 19.98,
            "eps_avg_yearly": 0.57,
            "eps_latest_yearly": 0.84,
            "eps_growth_yearly": 340.38
        },
        "20223": {
            "year_quarter": 20223,
            "year": 2022,
            "quarter": 3,
            "eps": 0.19,
            "eps_growth_year": -29.63,
            "eps_4q": 0.66,
            "eps_4q_growth_year": 19.84,
            "roe": 1.39,
            "roe_4q": 4.62,
            "gross_profit": 51246,
            "gross_margin": 31.75,
            "gross_margin_4q_avg": 28.41,
            "net_income": 42863,
            "net_income_4q": null,
            "revenue": 161413,
            "revenue_4q": null,
            "common_shares": 2200000,
            "book_valuer_per_share": 14.03,
            "book_valuer_per_share_4q_avg": 14.34,
            "equity": 3085832,
            "current_ratio": 169.65,
            "debt_ratio": 30.14,
            "inventory_turnover_ratio": 0.23,
            "account_receivable_turnover_ratio": 5.32,
            "reinvestment_rate": -36.73,
            "research_to_sale_ratio": 1.71,
            "price_fair": 21.13,
            "eps_avg_yearly": 0.6,
            "eps_latest_yearly": 0.76,
            "eps_growth_yearly": 300.55
        },
        "20224": {
            "year_quarter": 20224,
            "year": 2022,
            "quarter": 4,
            "eps": -0.03,
            "eps_growth_year": -122.96,
            "eps_4q": 0.47,
            "eps_4q_growth_year": -26.76,
            "roe": -0.25,
            "roe_4q": 3.32,
            "gross_profit": 6949,
            "gross_margin": 4.93,
            "gross_margin_4q_avg": 23.02,
            "net_income": -7661,
            "net_income_4q": null,
            "revenue": 141021,
            "revenue_4q": null,
            "common_shares": 2200000,
            "book_valuer_per_share": 14.11,
            "book_valuer_per_share_4q_avg": 14.21,
            "equity": 3103396,
            "current_ratio": 167.27,
            "debt_ratio": 30.45,
            "inventory_turnover_ratio": 0.27,
            "account_receivable_turnover_ratio": 5.46,
            "reinvestment_rate": -33.83,
            "research_to_sale_ratio": 2.67,
            "price_fair": 23.1,
            "eps_avg_yearly": 0.66,
            "eps_latest_yearly": 0.76,
            "eps_growth_yearly": 366.61
        },
        "20231": {
            "year_quarter": 20231,
            "year": 2023,
            "quarter": 1,
            "eps": -0.04,
            "eps_growth_year": -136.36,
            "eps_4q": 0.33,
            "eps_4q_growth_year": -51.46,
            "roe": -0.29,
            "roe_4q": 2.3,
            "gross_profit": 2015,
            "gross_margin": 1.45,
            "gross_margin_4q_avg": 17.29,
            "net_income": -8904,
            "net_income_4q": null,
            "revenue": 139220,
            "revenue_4q": null,
            "common_shares": 2200000,
            "book_valuer_per_share": 13.94,
            "book_valuer_per_share_4q_avg": 14.02,
            "equity": 3066017,
            "current_ratio": 146.27,
            "debt_ratio": 33.01,
            "inventory_turnover_ratio": 0.26,
            "account_receivable_turnover_ratio": 5.09,
            "reinvestment_rate": -33.1,
            "research_to_sale_ratio": 3,
            "price_fair": 23.1,
            "eps_avg_yearly": 0.66,
            "eps_latest_yearly": 0.76,
            "eps_growth_yearly": 366.61
        },
        "20232": {
            "year_quarter": 20232,
            "year": 2023,
            "quarter": 2,
            "eps": 0.08,
            "eps_growth_year": -61.9,
            "eps_4q": 0.2,
            "eps_4q_growth_year": -73.37,
            "roe": 0.55,
            "roe_4q": 1.4,
            "gross_profit": 8782,
            "gross_margin": 6.39,
            "gross_margin_4q_avg": 11.13,
            "net_income": 16985,
            "net_income_4q": null,
            "revenue": 137432,
            "revenue_4q": null,
            "common_shares": 2200000,
            "book_valuer_per_share": 14.03,
            "book_valuer_per_share_4q_avg": 14.03,
            "equity": 3086740,
            "current_ratio": 149.73,
            "debt_ratio": 32.73,
            "inventory_turnover_ratio": 0.24,
            "account_receivable_turnover_ratio": 4.31,
            "reinvestment_rate": -34.69,
            "research_to_sale_ratio": 2.44,
            "price_fair": 23.1,
            "eps_avg_yearly": 0.66,
            "eps_latest_yearly": 0.76,
            "eps_growth_yearly": 366.61
        },
        "20233": {
            "year_quarter": 20233,
            "year": 2023,
            "quarter": 3,
            "eps": 0.07,
            "eps_growth_year": -63.16,
            "eps_4q": 0.07,
            "eps_4q_growth_year": -89.56,
            "roe": 0.48,
            "roe_4q": 0.49,
            "gross_profit": 10177,
            "gross_margin": 7.01,
            "gross_margin_4q_avg": 4.95,
            "net_income": 14752,
            "net_income_4q": null,
            "revenue": 145167,
            "revenue_4q": null,
            "common_shares": 2200000,
            "book_valuer_per_share": 14.04,
            "book_valuer_per_share_4q_avg": 14.03,
            "equity": 3088493,
            "current_ratio": 150.64,
            "debt_ratio": 32.79,
            "inventory_turnover_ratio": 0.28,
            "account_receivable_turnover_ratio": 4.09,
            "reinvestment_rate": -31.46,
            "research_to_sale_ratio": 2.44,
            "price_fair": 21.89,
            "eps_avg_yearly": 0.63,
            "eps_latest_yearly": 0.28,
            "eps_growth_yearly": 328.73
        }
    },
    "months": {
        "2001-06": {
            "month": "2001-06",
            "price": "1.41",
            "revenue": 279530
        },
        "2001-07": {
            "month": "2001-07",
            "price": "1.23",
            "revenue": 272474
        },
        "2001-08": {
            "month": "2001-08",
            "price": "1.52",
            "revenue": 263464
        },
        "2001-09": {
            "month": "2001-09",
            "price": "1.49",
            "revenue": 238465
        },
        "2001-10": {
            "month": "2001-10",
            "price": "1.27",
            "revenue": 304889
        },
        "2001-11": {
            "month": "2001-11",
            "price": "1.38",
            "revenue": 236872
        },
        "2001-12": {
            "month": "2001-12",
            "price": "1.37",
            "revenue": 274855
        },
        "2002-01": {
            "month": "2002-01",
            "price": "1.79",
            "revenue": 259077
        },
        "2002-02": {
            "month": "2002-02",
            "price": "2.92",
            "revenue": 213161
        },
        "2002-03": {
            "month": "2002-03",
            "price": "4.21",
            "revenue": 325797
        },
        "2002-04": {
            "month": "2002-04",
            "price": "4.26",
            "revenue": 294003
        },
        "2002-05": {
            "month": "2002-05",
            "price": "3.78",
            "revenue": 290804
        },
        "2002-06": {
            "month": "2002-06",
            "price": "4.69",
            "revenue": 233592
        },
        "2002-07": {
            "month": "2002-07",
            "price": "4.16",
            "revenue": 295068
        },
        "2002-08": {
            "month": "2002-08",
            "price": "4.02",
            "revenue": 312751
        },
        "2002-09": {
            "month": "2002-09",
            "price": "3.17",
            "revenue": 288611
        },
        "2002-10": {
            "month": "2002-10",
            "price": "2.57",
            "revenue": 291492
        },
        "2002-11": {
            "month": "2002-11",
            "price": "2.97",
            "revenue": 265033
        },
        "2002-12": {
            "month": "2002-12",
            "price": "3.05",
            "revenue": 282903
        },
        "2003-01": {
            "month": "2003-01",
            "price": "3.95",
            "revenue": 225267
        },
        "2003-02": {
            "month": "2003-02",
            "price": "4.02",
            "revenue": 295541
        },
        "2003-03": {
            "month": "2003-03",
            "price": "3.32",
            "revenue": 334269
        },
        "2003-04": {
            "month": "2003-04",
            "price": "3.08",
            "revenue": 234963
        },
        "2003-05": {
            "month": "2003-05",
            "price": "2.59",
            "revenue": 296263
        },
        "2003-06": {
            "month": "2003-06",
            "price": "2.95",
            "revenue": 296088
        },
        "2003-07": {
            "month": "2003-07",
            "price": "3.42",
            "revenue": 291280
        },
        "2003-08": {
            "month": "2003-08",
            "price": "3.27",
            "revenue": 291623
        },
        "2003-09": {
            "month": "2003-09",
            "price": "3.08",
            "revenue": 286533
        },
        "2003-10": {
            "month": "2003-10",
            "price": "3.02",
            "revenue": 316702
        },
        "2003-11": {
            "month": "2003-11",
            "price": "5.43",
            "revenue": 327267
        },
        "2003-12": {
            "month": "2003-12",
            "price": "5.44",
            "revenue": 322321
        },
        "2004-01": {
            "month": "2004-01",
            "price": "7.10",
            "revenue": 320923
        },
        "2004-02": {
            "month": "2004-02",
            "price": "10.41",
            "revenue": 299476
        },
        "2004-03": {
            "month": "2004-03",
            "price": "9.72",
            "revenue": 276932
        },
        "2004-04": {
            "month": "2004-04",
            "price": "8.36",
            "revenue": 290325
        },
        "2004-05": {
            "month": "2004-05",
            "price": "7.16",
            "revenue": 349755
        },
        "2004-06": {
            "month": "2004-06",
            "price": "6.89",
            "revenue": 320328
        },
        "2004-07": {
            "month": "2004-07",
            "price": "6.49",
            "revenue": 354316
        },
        "2004-08": {
            "month": "2004-08",
            "price": "6.12",
            "revenue": 386148
        },
        "2004-09": {
            "month": "2004-09",
            "price": "6.06",
            "revenue": 352734
        },
        "2004-10": {
            "month": "2004-10",
            "price": "5.90",
            "revenue": 392937
        },
        "2004-11": {
            "month": "2004-11",
            "price": "5.30",
            "revenue": 340875
        },
        "2004-12": {
            "month": "2004-12",
            "price": "5.56",
            "revenue": 334667
        },
        "2005-01": {
            "month": "2005-01",
            "price": "6.38",
            "revenue": 364902
        },
        "2005-02": {
            "month": "2005-02",
            "price": "5.64",
            "revenue": 291211
        },
        "2005-03": {
            "month": "2005-03",
            "price": "5.30",
            "revenue": 362271
        },
        "2005-04": {
            "month": "2005-04",
            "price": "4.56",
            "revenue": 349239
        },
        "2005-05": {
            "month": "2005-05",
            "price": "4.28",
            "revenue": 281651
        },
        "2005-06": {
            "month": "2005-06",
            "price": "4.44",
            "revenue": 356687
        },
        "2005-07": {
            "month": "2005-07",
            "price": "4.23",
            "revenue": 270234
        },
        "2005-08": {
            "month": "2005-08",
            "price": "3.94",
            "revenue": 333095
        },
        "2005-09": {
            "month": "2005-09",
            "price": "3.60",
            "revenue": 210173
        },
        "2005-10": {
            "month": "2005-10",
            "price": "3.16",
            "revenue": 292102
        },
        "2005-11": {
            "month": "2005-11",
            "price": "2.94",
            "revenue": 275392
        },
        "2005-12": {
            "month": "2005-12",
            "price": "3.14",
            "revenue": 336303
        },
        "2006-01": {
            "month": "2006-01",
            "price": "3.43",
            "revenue": 266835
        },
        "2006-02": {
            "month": "2006-02",
            "price": "3.20",
            "revenue": 311177
        },
        "2006-03": {
            "month": "2006-03",
            "price": "2.78",
            "revenue": 341716
        },
        "2006-04": {
            "month": "2006-04",
            "price": "3.11",
            "revenue": 305544
        },
        "2006-05": {
            "month": "2006-05",
            "price": "5.06",
            "revenue": 332336
        },
        "2006-06": {
            "month": "2006-06",
            "price": "4.37",
            "revenue": 337768
        },
        "2006-07": {
            "month": "2006-07",
            "price": "4.20",
            "revenue": 343245
        },
        "2006-08": {
            "month": "2006-08",
            "price": "3.82",
            "revenue": 350376
        },
        "2006-09": {
            "month": "2006-09",
            "price": "3.56",
            "revenue": 306475
        },
        "2006-10": {
            "month": "2006-10",
            "price": "4.25",
            "revenue": 319152
        },
        "2006-11": {
            "month": "2006-11",
            "price": "4.84",
            "revenue": 358319
        },
        "2006-12": {
            "month": "2006-12",
            "price": "6.74",
            "revenue": 355849
        },
        "2007-01": {
            "month": "2007-01",
            "price": "7.94",
            "revenue": 366205
        },
        "2007-02": {
            "month": "2007-02",
            "price": "7.02",
            "revenue": 282323
        },
        "2007-03": {
            "month": "2007-03",
            "price": "7.36",
            "revenue": 391312
        },
        "2007-04": {
            "month": "2007-04",
            "price": "8.19",
            "revenue": 355625
        },
        "2007-05": {
            "month": "2007-05",
            "price": "7.51",
            "revenue": 372611
        },
        "2007-06": {
            "month": "2007-06",
            "price": "7.36",
            "revenue": 399829
        },
        "2007-07": {
            "month": "2007-07",
            "price": "10.62",
            "revenue": 298004
        },
        "2007-08": {
            "month": "2007-08",
            "price": "8.15",
            "revenue": 396315
        },
        "2007-09": {
            "month": "2007-09",
            "price": "8.08",
            "revenue": 347895
        },
        "2007-10": {
            "month": "2007-10",
            "price": "7.75",
            "revenue": 368138
        },
        "2007-11": {
            "month": "2007-11",
            "price": "6.70",
            "revenue": 392744
        },
        "2007-12": {
            "month": "2007-12",
            "price": "5.88",
            "revenue": 292761
        },
        "2008-01": {
            "month": "2008-01",
            "price": "6.00",
            "revenue": 355594
        },
        "2008-02": {
            "month": "2008-02",
            "price": "6.61",
            "revenue": 337016
        },
        "2008-03": {
            "month": "2008-03",
            "price": "7.44",
            "revenue": 403047
        },
        "2008-04": {
            "month": "2008-04",
            "price": "7.82",
            "revenue": 373374
        },
        "2008-05": {
            "month": "2008-05",
            "price": "7.31",
            "revenue": 379809
        },
        "2008-06": {
            "month": "2008-06",
            "price": "6.06",
            "revenue": 358384
        },
        "2008-07": {
            "month": "2008-07",
            "price": "4.79",
            "revenue": 283937
        },
        "2008-08": {
            "month": "2008-08",
            "price": "4.03",
            "revenue": 360308
        },
        "2008-09": {
            "month": "2008-09",
            "price": "3.11",
            "revenue": 311503
        },
        "2008-10": {
            "month": "2008-10",
            "price": "2.64",
            "revenue": 286243
        },
        "2008-11": {
            "month": "2008-11",
            "price": "2.12",
            "revenue": 248071
        },
        "2008-12": {
            "month": "2008-12",
            "price": "1.99",
            "revenue": 267586
        },
        "2009-01": {
            "month": "2009-01",
            "price": "2.06",
            "revenue": 192369
        },
        "2009-02": {
            "month": "2009-02",
            "price": "2.05",
            "revenue": 324395
        },
        "2009-03": {
            "month": "2009-03",
            "price": "2.54",
            "revenue": 347064
        },
        "2009-04": {
            "month": "2009-04",
            "price": "3.29",
            "revenue": 327062
        },
        "2009-05": {
            "month": "2009-05",
            "price": "3.46",
            "revenue": 287749
        },
        "2009-06": {
            "month": "2009-06",
            "price": "5.38",
            "revenue": 279074
        },
        "2009-07": {
            "month": "2009-07",
            "price": "5.00",
            "revenue": 328541
        },
        "2009-08": {
            "month": "2009-08",
            "price": "4.36",
            "revenue": 319469
        },
        "2009-09": {
            "month": "2009-09",
            "price": "4.60",
            "revenue": 253138
        },
        "2009-10": {
            "month": "2009-10",
            "price": "5.28",
            "revenue": 324237
        },
        "2009-11": {
            "month": "2009-11",
            "price": "5.80",
            "revenue": 336707
        },
        "2009-12": {
            "month": "2009-12",
            "price": "5.76",
            "revenue": 254543
        },
        "2010-01": {
            "month": "2010-01",
            "price": "5.88",
            "revenue": 373620
        },
        "2010-02": {
            "month": "2010-02",
            "price": "4.79",
            "revenue": 276348
        },
        "2010-03": {
            "month": "2010-03",
            "price": "5.14",
            "revenue": 474609
        },
        "2010-04": {
            "month": "2010-04",
            "price": "5.43",
            "revenue": 351066
        },
        "2010-05": {
            "month": "2010-05",
            "price": "5.18",
            "revenue": 340023
        },
        "2010-06": {
            "month": "2010-06",
            "price": "5.24",
            "revenue": 315835
        },
        "2010-07": {
            "month": "2010-07",
            "price": "5.25",
            "revenue": 222796
        },
        "2010-08": {
            "month": "2010-08",
            "price": "6.08",
            "revenue": 156983
        },
        "2010-09": {
            "month": "2010-09",
            "price": "6.49",
            "revenue": 113132
        },
        "2010-10": {
            "month": "2010-10",
            "price": "9.21",
            "revenue": 103736
        },
        "2010-11": {
            "month": "2010-11",
            "price": "12.36",
            "revenue": 157690
        },
        "2010-12": {
            "month": "2010-12",
            "price": "13.77",
            "revenue": 118384
        },
        "2011-01": {
            "month": "2011-01",
            "price": "14.48",
            "revenue": 111153
        },
        "2011-02": {
            "month": "2011-02",
            "price": "15.84",
            "revenue": 83960
        },
        "2011-03": {
            "month": "2011-03",
            "price": "16.53",
            "revenue": 109103
        },
        "2011-04": {
            "month": "2011-04",
            "price": "16.59",
            "revenue": 102757
        },
        "2011-05": {
            "month": "2011-05",
            "price": "14.32",
            "revenue": 108127
        },
        "2011-06": {
            "month": "2011-06",
            "price": "13.17",
            "revenue": 93157
        },
        "2011-07": {
            "month": "2011-07",
            "price": "13.07",
            "revenue": 95759
        },
        "2011-08": {
            "month": "2011-08",
            "price": "12.17",
            "revenue": 146159
        },
        "2011-09": {
            "month": "2011-09",
            "price": "11.70",
            "revenue": 122454
        },
        "2011-10": {
            "month": "2011-10",
            "price": "11.80",
            "revenue": 101699
        },
        "2011-11": {
            "month": "2011-11",
            "price": "12.77",
            "revenue": 113131
        },
        "2011-12": {
            "month": "2011-12",
            "price": "11.41",
            "revenue": 109709
        },
        "2012-01": {
            "month": "2012-01",
            "price": "11.69",
            "revenue": 92361
        },
        "2012-02": {
            "month": "2012-02",
            "price": "12.67",
            "revenue": 135019
        },
        "2012-03": {
            "month": "2012-03",
            "price": "14.12",
            "revenue": 140529
        },
        "2012-04": {
            "month": "2012-04",
            "price": "11.47",
            "revenue": 133919
        },
        "2012-05": {
            "month": "2012-05",
            "price": "9.26",
            "revenue": 132523
        },
        "2012-06": {
            "month": "2012-06",
            "price": "8.24",
            "revenue": 103860
        },
        "2012-07": {
            "month": "2012-07",
            "price": "8.66",
            "revenue": 119347
        },
        "2012-08": {
            "month": "2012-08",
            "price": "8.96",
            "revenue": 145726
        },
        "2012-09": {
            "month": "2012-09",
            "price": "9.44",
            "revenue": 104095
        },
        "2012-10": {
            "month": "2012-10",
            "price": "8.90",
            "revenue": 113017
        },
        "2012-11": {
            "month": "2012-11",
            "price": "8.47",
            "revenue": 96776
        },
        "2012-12": {
            "month": "2012-12",
            "price": "9.22",
            "revenue": 104533
        },
        "2013-01": {
            "month": "2013-01",
            "price": "9.45",
            "revenue": 90070
        },
        "2013-02": {
            "month": "2013-02",
            "price": "9.19",
            "revenue": 74970
        },
        "2013-03": {
            "month": "2013-03",
            "price": "9.16",
            "revenue": 143152
        },
        "2013-04": {
            "month": "2013-04",
            "price": "8.83",
            "revenue": 141237
        },
        "2013-05": {
            "month": "2013-05",
            "price": "9.13",
            "revenue": 119655
        },
        "2013-06": {
            "month": "2013-06",
            "price": "8.99",
            "revenue": 85682
        },
        "2013-07": {
            "month": "2013-07",
            "price": "8.85",
            "revenue": 151590
        },
        "2013-08": {
            "month": "2013-08",
            "price": "9.03",
            "revenue": 130136
        },
        "2013-09": {
            "month": "2013-09",
            "price": "9.12",
            "revenue": 121855
        },
        "2013-10": {
            "month": "2013-10",
            "price": "10.00",
            "revenue": 85834
        },
        "2013-11": {
            "month": "2013-11",
            "price": "9.64",
            "revenue": 107064
        },
        "2013-12": {
            "month": "2013-12",
            "price": "10.01",
            "revenue": 89346
        },
        "2014-01": {
            "month": "2014-01",
            "price": "9.80",
            "revenue": 98964
        },
        "2014-02": {
            "month": "2014-02",
            "price": "9.61",
            "revenue": 133324
        },
        "2014-03": {
            "month": "2014-03",
            "price": "9.95",
            "revenue": 98074
        },
        "2014-04": {
            "month": "2014-04",
            "price": "9.93",
            "revenue": 102008
        },
        "2014-05": {
            "month": "2014-05",
            "price": "9.57",
            "revenue": 89170
        },
        "2014-06": {
            "month": "2014-06",
            "price": "9.49",
            "revenue": 85445
        },
        "2014-07": {
            "month": "2014-07",
            "price": "8.96",
            "revenue": 127557
        },
        "2014-08": {
            "month": "2014-08",
            "price": "8.81",
            "revenue": 140361
        },
        "2014-09": {
            "month": "2014-09",
            "price": "8.82",
            "revenue": 114610
        },
        "2014-10": {
            "month": "2014-10",
            "price": "8.33",
            "revenue": 125704
        },
        "2014-11": {
            "month": "2014-11",
            "price": "7.94",
            "revenue": 85339
        },
        "2014-12": {
            "month": "2014-12",
            "price": "8.02",
            "revenue": 111994
        },
        "2015-01": {
            "month": "2015-01",
            "price": "8.17",
            "revenue": 108825
        },
        "2015-02": {
            "month": "2015-02",
            "price": "8.11",
            "revenue": 76717
        },
        "2015-03": {
            "month": "2015-03",
            "price": "8.23",
            "revenue": 111434
        },
        "2015-04": {
            "month": "2015-04",
            "price": "8.25",
            "revenue": 99350
        },
        "2015-05": {
            "month": "2015-05",
            "price": "8.19",
            "revenue": 105593
        },
        "2015-06": {
            "month": "2015-06",
            "price": "8.30",
            "revenue": 79191
        },
        "2015-07": {
            "month": "2015-07",
            "price": "7.23",
            "revenue": 89508
        },
        "2015-08": {
            "month": "2015-08",
            "price": "6.60",
            "revenue": 84423
        },
        "2015-09": {
            "month": "2015-09",
            "price": "6.79",
            "revenue": 93035
        },
        "2015-10": {
            "month": "2015-10",
            "price": "6.84",
            "revenue": 64563
        },
        "2015-11": {
            "month": "2015-11",
            "price": "6.80",
            "revenue": 74990
        },
        "2015-12": {
            "month": "2015-12",
            "price": "6.49",
            "revenue": 105483
        },
        "2016-01": {
            "month": "2016-01",
            "price": "6.31",
            "revenue": 54676
        },
        "2016-02": {
            "month": "2016-02",
            "price": "6.31",
            "revenue": 66765
        },
        "2016-03": {
            "month": "2016-03",
            "price": "6.40",
            "revenue": 75626
        },
        "2016-04": {
            "month": "2016-04",
            "price": "6.07",
            "revenue": 95390
        },
        "2016-05": {
            "month": "2016-05",
            "price": "5.87",
            "revenue": 90080
        },
        "2016-06": {
            "month": "2016-06",
            "price": "5.96",
            "revenue": 88214
        },
        "2016-07": {
            "month": "2016-07",
            "price": "6.26",
            "revenue": 93225
        },
        "2016-08": {
            "month": "2016-08",
            "price": "6.12",
            "revenue": 91930
        },
        "2016-09": {
            "month": "2016-09",
            "price": "5.99",
            "revenue": 85769
        },
        "2016-10": {
            "month": "2016-10",
            "price": "6.03",
            "revenue": 85786
        },
        "2016-11": {
            "month": "2016-11",
            "price": "6.03",
            "revenue": 79896
        },
        "2016-12": {
            "month": "2016-12",
            "price": "6.22",
            "revenue": 96319
        },
        "2017-01": {
            "month": "2017-01",
            "price": "6.18",
            "revenue": 34364
        },
        "2017-02": {
            "month": "2017-02",
            "price": "6.62",
            "revenue": 107775
        },
        "2017-03": {
            "month": "2017-03",
            "price": "6.59",
            "revenue": 91433
        },
        "2017-04": {
            "month": "2017-04",
            "price": "6.28",
            "revenue": 77816
        },
        "2017-05": {
            "month": "2017-05",
            "price": "6.36",
            "revenue": 86957
        },
        "2017-06": {
            "month": "2017-06",
            "price": "6.61",
            "revenue": 39429
        },
        "2017-07": {
            "month": "2017-07",
            "price": "6.51",
            "revenue": 45646
        },
        "2017-08": {
            "month": "2017-08",
            "price": "6.31",
            "revenue": 48289
        },
        "2017-09": {
            "month": "2017-09",
            "price": "6.34",
            "revenue": 43260
        },
        "2017-10": {
            "month": "2017-10",
            "price": "6.48",
            "revenue": 59824
        },
        "2017-11": {
            "month": "2017-11",
            "price": "6.93",
            "revenue": 85131
        },
        "2017-12": {
            "month": "2017-12",
            "price": "7.19",
            "revenue": 73145
        },
        "2018-01": {
            "month": "2018-01",
            "price": "7.97",
            "revenue": 70884
        },
        "2018-02": {
            "month": "2018-02",
            "price": "7.42",
            "revenue": 71226
        },
        "2018-03": {
            "month": "2018-03",
            "price": "7.61",
            "revenue": 119362
        },
        "2018-04": {
            "month": "2018-04",
            "price": "7.79",
            "revenue": 71220
        },
        "2018-05": {
            "month": "2018-05",
            "price": "7.63",
            "revenue": 96876
        },
        "2018-06": {
            "month": "2018-06",
            "price": "7.92",
            "revenue": 75586
        },
        "2018-07": {
            "month": "2018-07",
            "price": "7.52",
            "revenue": 80806
        },
        "2018-08": {
            "month": "2018-08",
            "price": "7.51",
            "revenue": 83006
        },
        "2018-09": {
            "month": "2018-09",
            "price": "7.58",
            "revenue": 75669
        },
        "2018-10": {
            "month": "2018-10",
            "price": "7.11",
            "revenue": 93731
        },
        "2018-11": {
            "month": "2018-11",
            "price": "7.07",
            "revenue": 79492
        },
        "2018-12": {
            "month": "2018-12",
            "price": "7.14",
            "revenue": 57066
        },
        "2019-01": {
            "month": "2019-01",
            "price": "7.10",
            "revenue": 67103
        },
        "2019-02": {
            "month": "2019-02",
            "price": "7.14",
            "revenue": 65962
        },
        "2019-03": {
            "month": "2019-03",
            "price": "7.20",
            "revenue": 78072
        },
        "2019-04": {
            "month": "2019-04",
            "price": "7.04",
            "revenue": 64024
        },
        "2019-05": {
            "month": "2019-05",
            "price": "6.77",
            "revenue": 90644
        },
        "2019-06": {
            "month": "2019-06",
            "price": "6.86",
            "revenue": 62324
        },
        "2019-07": {
            "month": "2019-07",
            "price": "6.88",
            "revenue": 80951
        },
        "2019-08": {
            "month": "2019-08",
            "price": "6.75",
            "revenue": 61659
        },
        "2019-09": {
            "month": "2019-09",
            "price": "6.92",
            "revenue": 47368
        },
        "2019-10": {
            "month": "2019-10",
            "price": "7.06",
            "revenue": 43515
        },
        "2019-11": {
            "month": "2019-11",
            "price": "7.11",
            "revenue": 60305
        },
        "2019-12": {
            "month": "2019-12",
            "price": "7.15",
            "revenue": 68651
        },
        "2020-01": {
            "month": "2020-01",
            "price": "7.19",
            "revenue": 55721
        },
        "2020-02": {
            "month": "2020-02",
            "price": "6.93",
            "revenue": 86451
        },
        "2020-03": {
            "month": "2020-03",
            "price": "5.93",
            "revenue": 67930
        },
        "2020-04": {
            "month": "2020-04",
            "price": "6.06",
            "revenue": 50885
        },
        "2020-05": {
            "month": "2020-05",
            "price": "6.53",
            "revenue": 32832
        },
        "2020-06": {
            "month": "2020-06",
            "price": "6.95",
            "revenue": 35986
        },
        "2020-07": {
            "month": "2020-07",
            "price": "6.97",
            "revenue": 40033
        },
        "2020-08": {
            "month": "2020-08",
            "price": "6.98",
            "revenue": 58930
        },
        "2020-09": {
            "month": "2020-09",
            "price": "8.30",
            "revenue": 60808
        },
        "2020-10": {
            "month": "2020-10",
            "price": "9.80",
            "revenue": 66216
        },
        "2020-11": {
            "month": "2020-11",
            "price": "15.68",
            "revenue": 59309
        },
        "2020-12": {
            "month": "2020-12",
            "price": "14.22",
            "revenue": 87371
        },
        "2021-01": {
            "month": "2021-01",
            "price": "12.53",
            "revenue": 69139
        },
        "2021-02": {
            "month": "2021-02",
            "price": "13.07",
            "revenue": 62318
        },
        "2021-03": {
            "month": "2021-03",
            "price": "12.93",
            "revenue": 71482
        },
        "2021-04": {
            "month": "2021-04",
            "price": "15.29",
            "revenue": 68982
        },
        "2021-05": {
            "month": "2021-05",
            "price": "18.49",
            "revenue": 62640
        },
        "2021-06": {
            "month": "2021-06",
            "price": "17.76",
            "revenue": 65732
        },
        "2021-07": {
            "month": "2021-07",
            "price": "16.54",
            "revenue": 66836
        },
        "2021-08": {
            "month": "2021-08",
            "price": "14.76",
            "revenue": 66782
        },
        "2021-09": {
            "month": "2021-09",
            "price": "15.31",
            "revenue": 64505
        },
        "2021-10": {
            "month": "2021-10",
            "price": "16.72",
            "revenue": 71195
        },
        "2021-11": {
            "month": "2021-11",
            "price": "17.35",
            "revenue": 68863
        },
        "2021-12": {
            "month": "2021-12",
            "price": "19.18",
            "revenue": 71240
        },
        "2022-01": {
            "month": "2022-01",
            "price": "17.57",
            "revenue": 57978
        },
        "2022-02": {
            "month": "2022-02",
            "price": "17.73",
            "revenue": 66296
        },
        "2022-03": {
            "month": "2022-03",
            "price": "17.87",
            "revenue": 61181
        },
        "2022-04": {
            "month": "2022-04",
            "price": "17.97",
            "revenue": 62544
        },
        "2022-05": {
            "month": "2022-05",
            "price": "17.84",
            "revenue": 69859
        },
        "2022-06": {
            "month": "2022-06",
            "price": "17.67",
            "revenue": 68651
        },
        "2022-07": {
            "month": "2022-07",
            "price": "16.39",
            "revenue": 60543
        },
        "2022-08": {
            "month": "2022-08",
            "price": "16.92",
            "revenue": 55727
        },
        "2022-09": {
            "month": "2022-09",
            "price": "17.52",
            "revenue": 45145
        },
        "2022-10": {
            "month": "2022-10",
            "price": "17.21",
            "revenue": 46849
        },
        "2022-11": {
            "month": "2022-11",
            "price": "17.40",
            "revenue": 45472
        },
        "2022-12": {
            "month": "2022-12",
            "price": "17.96",
            "revenue": 48699
        },
        "2023-01": {
            "month": "2023-01",
            "price": "17.86",
            "revenue": 35189
        },
        "2023-02": {
            "month": "2023-02",
            "price": "18.07",
            "revenue": 48822
        },
        "2023-03": {
            "month": "2023-03",
            "price": "17.88",
            "revenue": 55210
        },
        "2023-04": {
            "month": "2023-04",
            "price": "17.72",
            "revenue": 38462
        },
        "2023-05": {
            "month": "2023-05",
            "price": "17.07",
            "revenue": 54862
        },
        "2023-06": {
            "month": "2023-06",
            "price": "17.71",
            "revenue": 44107
        },
        "2023-07": {
            "month": "2023-07",
            "price": "17.60",
            "revenue": 44586
        },
        "2023-08": {
            "month": "2023-08",
            "price": "17.61",
            "revenue": 51833
        },
        "2023-09": {
            "month": "2023-09",
            "price": "17.70",
            "revenue": 48748
        },
        "2023-10": {
            "month": "2023-10",
            "price": "17.54",
            "revenue": 46067
        },
        "2023-11": {
            "month": "2023-11",
            "price": "17.50",
            "revenue": 50856
        },
        "2023-12": {
            "month": "2023-12",
            "price": "17.66",
            "revenue": 47917
        }
    }
}
