{
    "summary": {
        "stock_name": "廣豐",
        "stock_id": "1416",
        "category": "其他",
        "main_business": "家用紡織品進出口銷售業務<br>委託興建國民住宅,商業大樓出租出售業務",
        "website_url": "http://www.kfic.com.tw",
        "ceo": "黃麗玲",
        "pe_ratio": 20,
        "report_year_from": 2001,
        "report_year_to": 2023,
        "age": 23,
        "eps_negative_percentage": 35,
        "eps_growth_avg": {
            "last_all": -1.21,
            "last_2y": 19.41,
            "last_4y": -20.39,
            "last_8y": -14.22,
            "last_12y": 3.01,
            "last_16y": -1.21,
            "last_20y": -1.21,
            "at_2006_last_3y": null,
            "at_2007_last_3y": -50,
            "at_2008_last_3y": -75,
            "at_2009_last_3y": -75,
            "at_2010_last_3y": -16.67,
            "at_2011_last_3y": 8.64,
            "at_2012_last_3y": 75.31,
            "at_2013_last_3y": 33.16,
            "at_2014_last_3y": 33.16,
            "at_2015_last_3y": 4.88,
            "at_2016_last_3y": 4.88,
            "at_2017_last_3y": 9.77,
            "at_2018_last_3y": -9.6,
            "at_2019_last_3y": -12.79,
            "at_2020_last_3y": -50.39,
            "at_2021_last_3y": -38.74,
            "at_2022_last_3y": -43.33,
            "at_2023_last_3y": 19.41,
            "at_2024_last_3y": 19.41,
            "at_2006_last_all": null,
            "at_2007_last_all": -50,
            "at_2008_last_all": -75,
            "at_2009_last_all": -75,
            "at_2010_last_all": -16.67,
            "at_2011_last_all": -6.02,
            "at_2012_last_all": 15.19,
            "at_2013_last_all": -2.89,
            "at_2014_last_all": 11.81,
            "at_2015_last_all": -0.57,
            "at_2016_last_all": 10.61,
            "at_2017_last_all": 2.18,
            "at_2018_last_all": 4.02,
            "at_2019_last_all": -4.64,
            "at_2020_last_all": -4.64,
            "at_2021_last_all": -4.64,
            "at_2022_last_all": -3.26,
            "at_2023_last_all": -1.21,
            "at_2024_last_all": -1.21
        },
        "latest_eps": 0.59,
        "latest_price": 11.75,
        "latest_roe": 3.23,
        "latest_gross_margin": 35.76,
        "latest_equity": 3632561,
        "latest_revenue": 69900,
        "latest_gross_profit": 24998,
        "latest_net_income": 120634,
        "latest_debt_ratio": 18.97,
        "latest_current_ratio": 778.22,
        "latest_account_receivable_turnover_ratio": 2.44,
        "latest_inventory_turnover_ratio": 0.07,
        "latest_reinvestment_rate": null,
        "latest_research_to_sale_ratio": null
    },
    "eps_dividends": {
        "1989": {
            "cash": 0,
            "stock": 0.1,
            "eps": 0
        },
        "1995": {
            "cash": 0,
            "stock": 1.5,
            "eps": 0
        },
        "2001": {
            "cash": 0,
            "stock": 0,
            "eps": -1.39
        },
        "2002": {
            "cash": 0,
            "stock": 0,
            "eps": -0.7
        },
        "2003": {
            "cash": 0,
            "stock": 0,
            "eps": -0.73
        },
        "2004": {
            "cash": 0,
            "stock": 0,
            "eps": -0.15
        },
        "2005": {
            "cash": 0,
            "stock": 0,
            "eps": -0.44
        },
        "2006": {
            "cash": 0,
            "stock": 0,
            "eps": 0.14
        },
        "2007": {
            "cash": 0,
            "stock": 0,
            "eps": 0.07
        },
        "2008": {
            "cash": 0,
            "stock": 0,
            "eps": -0.46
        },
        "2009": {
            "cash": 0,
            "stock": 0,
            "eps": 0.1
        },
        "2010": {
            "cash": 0,
            "stock": 0,
            "eps": 0.54
        },
        "2011": {
            "cash": 0.5,
            "stock": 0,
            "eps": 0.68
        },
        "2012": {
            "cash": 0,
            "stock": 0,
            "eps": 3.12
        },
        "2013": {
            "cash": 1,
            "stock": 0,
            "eps": 0.21
        },
        "2014": {
            "cash": 2.2,
            "stock": 0,
            "eps": 1.72
        },
        "2015": {
            "cash": 0.3,
            "stock": 0,
            "eps": 0.22
        },
        "2016": {
            "cash": 1.3,
            "stock": 0,
            "eps": 4.22
        },
        "2017": {
            "cash": 3,
            "stock": 0,
            "eps": 1.11
        },
        "2018": {
            "cash": 1.2,
            "stock": 0,
            "eps": 1.36
        },
        "2019": {
            "cash": 1.2,
            "stock": 0,
            "eps": -0.72
        },
        "2020": {
            "cash": 0,
            "stock": 0,
            "eps": -1.85
        },
        "2021": {
            "cash": 0.5,
            "stock": 0,
            "eps": 0.45
        },
        "2022": {
            "cash": 0.5,
            "stock": 0,
            "eps": 0.51
        },
        "2023": {
            "cash": 1,
            "stock": 0,
            "eps": 0.64
        }
    },
    "dividends": {
        "1989-05-08": {
            "cash": 0,
            "stock": 0.1
        },
        "1995-05-10": {
            "cash": 0,
            "stock": 1.5
        },
        "2011-04-27": {
            "cash": 0.5,
            "stock": 0
        },
        "2013-03-28": {
            "cash": 1,
            "stock": 0
        },
        "2014-09-23": {
            "cash": 2.2,
            "stock": 0
        },
        "2015-09-17": {
            "cash": 0.3,
            "stock": 0
        },
        "2016-08-12": {
            "cash": 1.3,
            "stock": 0
        },
        "2017-08-15": {
            "cash": 3,
            "stock": 0
        },
        "2018-09-14": {
            "cash": 1.2,
            "stock": 0
        },
        "2019-09-12": {
            "cash": 1.2,
            "stock": 0
        },
        "2021-08-05": {
            "cash": 0.5,
            "stock": 0
        },
        "2022-07-05": {
            "cash": 0.5,
            "stock": 0
        },
        "2023-03-24": {
            "cash": 0.5,
            "stock": 0
        },
        "2023-06-16": {
            "cash": 0.5,
            "stock": 0
        }
    },
    "prices": {
        "200101": "2.98",
        "200102": "3.39",
        "200103": "3.52",
        "200104": "3.42",
        "200105": "2.56",
        "200106": "2.36",
        "200107": "2.06",
        "200108": "2.21",
        "200109": "2.07",
        "200110": "1.86",
        "200111": "1.89",
        "200112": "2.12",
        "200201": "3.47",
        "200202": "4.82",
        "200203": "5.10",
        "200204": "6.03",
        "200205": "4.50",
        "200206": "4.26",
        "200207": "4.09",
        "200208": "3.63",
        "200209": "2.94",
        "200210": "2.67",
        "200211": "3.18",
        "200212": "3.39",
        "200301": "4.41",
        "200302": "3.94",
        "200303": "3.19",
        "200304": "3.02",
        "200305": "2.56",
        "200306": "3.02",
        "200307": "3.37",
        "200308": "3.25",
        "200309": "3.21",
        "200310": "3.51",
        "200311": "3.69",
        "200312": "3.63",
        "200401": "4.03",
        "200402": "5.87",
        "200403": "5.47",
        "200404": "4.97",
        "200405": "4.08",
        "200406": "4.45",
        "200407": "3.97",
        "200408": "3.78",
        "200409": "3.99",
        "200410": "3.89",
        "200411": "3.91",
        "200412": "4.29",
        "200501": "4.79",
        "200502": "4.34",
        "200503": "4.17",
        "200504": "3.53",
        "200505": "3.35",
        "200506": "3.84",
        "200507": "3.73",
        "200508": "3.65",
        "200509": "3.38",
        "200510": "3.25",
        "200511": "3.46",
        "200512": "3.98",
        "200601": "4.17",
        "200602": "3.98",
        "200603": "3.46",
        "200604": "4.10",
        "200605": "5.08",
        "200606": "4.39",
        "200607": "4.17",
        "200608": "4.08",
        "200609": "4.17",
        "200610": "5.41",
        "200611": "6.75",
        "200612": "8.72",
        "200701": "9.36",
        "200702": "9.71",
        "200703": "10.20",
        "200704": "10.17",
        "200705": "9.31",
        "200706": "9.96",
        "200707": "12.42",
        "200708": "10.07",
        "200709": "10.72",
        "200710": "10.48",
        "200711": "9.04",
        "200712": "7.96",
        "200801": "8.44",
        "200802": "9.64",
        "200803": "11.11",
        "200804": "11.63",
        "200805": "11.61",
        "200806": "9.15",
        "200807": "7.40",
        "200808": "6.86",
        "200809": "4.76",
        "200810": "4.25",
        "200811": "4.74",
        "200812": "4.71",
        "200901": "4.27",
        "200902": "3.94",
        "200903": "4.41",
        "200904": "5.10",
        "200905": "6.71",
        "200906": "7.10",
        "200907": "7.00",
        "200908": "6.98",
        "200909": "7.38",
        "200910": "8.12",
        "200911": "8.41",
        "200912": "10.43",
        "201001": "10.73",
        "201002": "9.58",
        "201003": "10.09",
        "201004": "9.23",
        "201005": "7.88",
        "201006": "7.92",
        "201007": "7.92",
        "201008": "8.54",
        "201009": "9.13",
        "201010": "14.00",
        "201011": "14.42",
        "201012": "14.65",
        "201101": "14.68",
        "201102": "13.70",
        "201103": "12.21",
        "201104": "12.24",
        "201105": "12.58",
        "201106": "12.11",
        "201107": "12.45",
        "201108": "10.91",
        "201109": "10.59",
        "201110": "9.98",
        "201111": "9.48",
        "201112": "9.54",
        "201201": "10.31",
        "201202": "11.71",
        "201203": "13.88",
        "201204": "13.26",
        "201205": "13.48",
        "201206": "13.01",
        "201207": "13.24",
        "201208": "14.75",
        "201209": "17.34",
        "201210": "17.54",
        "201211": "17.14",
        "201212": "17.41",
        "201301": "17.44",
        "201302": "17.48",
        "201303": "17.89",
        "201304": "18.09",
        "201305": "17.40",
        "201306": "16.82",
        "201307": "16.35",
        "201308": "15.60",
        "201309": "15.90",
        "201310": "17.29",
        "201311": "19.38",
        "201312": "19.43",
        "201401": "19.30",
        "201402": "19.14",
        "201403": "19.32",
        "201404": "20.05",
        "201405": "19.84",
        "201406": "19.92",
        "201407": "19.21",
        "201408": "18.92",
        "201409": "16.83",
        "201410": "16.50",
        "201411": "16.41",
        "201412": "16.92",
        "201501": "17.93",
        "201502": "17.85",
        "201503": "18.67",
        "201504": "17.88",
        "201505": "17.18",
        "201506": "16.21",
        "201507": "16.36",
        "201508": "15.79",
        "201509": "15.95",
        "201510": "16.93",
        "201511": "18.31",
        "201512": "18.25",
        "201601": "17.41",
        "201602": "17.71",
        "201603": "18.43",
        "201604": "19.35",
        "201605": "19.11",
        "201606": "19.32",
        "201607": "19.66",
        "201608": "20.85",
        "201609": "22.22",
        "201610": "25.52",
        "201611": "25.40",
        "201612": "25.09",
        "201701": "26.28",
        "201702": "27.30",
        "201703": "28.11",
        "201704": "28.22",
        "201705": "27.69",
        "201706": "27.82",
        "201707": "26.68",
        "201708": "21.77",
        "201709": "21.42",
        "201710": "21.36",
        "201711": "19.18",
        "201712": "16.72",
        "201801": "16.85",
        "201802": "15.67",
        "201803": "16.01",
        "201804": "17.37",
        "201805": "17.05",
        "201806": "17.74",
        "201807": "16.55",
        "201808": "16.61",
        "201809": "15.00",
        "201810": "14.52",
        "201811": "13.87",
        "201812": "14.33",
        "201901": "14.19",
        "201902": "14.52",
        "201903": "14.96",
        "201904": "14.75",
        "201905": "14.97",
        "201906": "15.48",
        "201907": "15.72",
        "201908": "14.98",
        "201909": "14.05",
        "201910": "13.90",
        "201911": "13.69",
        "201912": "13.47",
        "202001": "13.29",
        "202002": "12.25",
        "202003": "11.00",
        "202004": "10.31",
        "202005": "11.24",
        "202006": "12.66",
        "202007": "14.20",
        "202008": "14.12",
        "202009": "14.11",
        "202010": "13.50",
        "202011": "11.60",
        "202012": "11.75",
        "202101": "11.23",
        "202102": "10.73",
        "202103": "10.99",
        "202104": "11.74",
        "202105": "11.06",
        "202106": "11.21",
        "202107": "10.76",
        "202108": "10.18",
        "202109": "10.64",
        "202110": "10.94",
        "202111": "11.20",
        "202112": "11.18",
        "202201": "11.17",
        "202202": "11.29",
        "202203": "11.60",
        "202204": "11.31",
        "202205": "10.93",
        "202206": "10.82",
        "202207": "10.30",
        "202208": "10.51",
        "202209": "10.65",
        "202210": "10.25",
        "202211": "10.26",
        "202212": "10.38",
        "202301": "10.25",
        "202302": "10.66",
        "202303": "10.92",
        "202304": "11.47",
        "202305": "11.73",
        "202306": "11.82",
        "202307": "11.02",
        "202308": "10.37",
        "202309": "10.31",
        "202310": "10.38",
        "202311": "10.82",
        "202312": "11.59"
    },
    "quarters": {
        "20011": {
            "year_quarter": 20011,
            "year": 2001,
            "quarter": 1,
            "eps": 0.04,
            "eps_growth_year": -90.7,
            "eps_4q": -2.54,
            "eps_4q_growth_year": null,
            "roe": 0.37,
            "roe_4q": 0.37,
            "gross_profit": -7907,
            "gross_margin": -1.01,
            "gross_margin_4q_avg": -1.01,
            "net_income": 21504,
            "net_income_4q": null,
            "revenue": 783066,
            "revenue_4q": null,
            "common_shares": 5497834,
            "book_valuer_per_share": 10.69,
            "book_valuer_per_share_4q_avg": 10.69,
            "equity": 5876440,
            "current_ratio": 95.8,
            "debt_ratio": 47.45,
            "inventory_turnover_ratio": 0.44,
            "account_receivable_turnover_ratio": null,
            "reinvestment_rate": null,
            "research_to_sale_ratio": null,
            "price_fair": 0,
            "eps_avg_yearly": 0,
            "eps_latest_yearly": 0,
            "eps_growth_yearly": 0
        },
        "20012": {
            "year_quarter": 20012,
            "year": 2001,
            "quarter": 2,
            "eps": -0.66,
            "eps_growth_year": null,
            "eps_4q": -2.52,
            "eps_4q_growth_year": null,
            "roe": -6.31,
            "roe_4q": -5.9399999999999995,
            "gross_profit": 7797,
            "gross_margin": 1.31,
            "gross_margin_4q_avg": 0.15,
            "net_income": -362321,
            "net_income_4q": null,
            "revenue": 593851,
            "revenue_4q": null,
            "common_shares": 5497834,
            "book_valuer_per_share": 10.21,
            "book_valuer_per_share_4q_avg": 10.45,
            "equity": 5614167,
            "current_ratio": 92.99,
            "debt_ratio": 46.97,
            "inventory_turnover_ratio": 0.34,
            "account_receivable_turnover_ratio": null,
            "reinvestment_rate": null,
            "research_to_sale_ratio": null,
            "price_fair": 0,
            "eps_avg_yearly": 0,
            "eps_latest_yearly": 0,
            "eps_growth_yearly": 0
        },
        "20013": {
            "year_quarter": 20013,
            "year": 2001,
            "quarter": 3,
            "eps": -0.23,
            "eps_growth_year": null,
            "eps_4q": -2.11,
            "eps_4q_growth_year": null,
            "roe": -2.24,
            "roe_4q": -8.180000000000001,
            "gross_profit": 54647,
            "gross_margin": 11.17,
            "gross_margin_4q_avg": 3.82,
            "net_income": -124346,
            "net_income_4q": null,
            "revenue": 489081,
            "revenue_4q": null,
            "common_shares": 5497834,
            "book_valuer_per_share": 10.01,
            "book_valuer_per_share_4q_avg": 10.3,
            "equity": 5505636,
            "current_ratio": 91.44,
            "debt_ratio": 46.88,
            "inventory_turnover_ratio": 0.25,
            "account_receivable_turnover_ratio": null,
            "reinvestment_rate": null,
            "research_to_sale_ratio": null,
            "price_fair": 0,
            "eps_avg_yearly": 0,
            "eps_latest_yearly": 0,
            "eps_growth_yearly": 0
        },
        "20014": {
            "year_quarter": 20014,
            "year": 2001,
            "quarter": 4,
            "eps": -0.54,
            "eps_growth_year": null,
            "eps_4q": -1.38,
            "eps_4q_growth_year": null,
            "roe": -5.53,
            "roe_4q": -13.71,
            "gross_profit": 29786,
            "gross_margin": 5.14,
            "gross_margin_4q_avg": 4.15,
            "net_income": -296198,
            "net_income_4q": null,
            "revenue": 578935,
            "revenue_4q": null,
            "common_shares": 5497834,
            "book_valuer_per_share": 9.45,
            "book_valuer_per_share_4q_avg": 10.09,
            "equity": 5197568,
            "current_ratio": 97.21,
            "debt_ratio": 51.34,
            "inventory_turnover_ratio": 0.3,
            "account_receivable_turnover_ratio": null,
            "reinvestment_rate": null,
            "research_to_sale_ratio": null,
            "price_fair": 0,
            "eps_avg_yearly": 0,
            "eps_latest_yearly": 0,
            "eps_growth_yearly": 0
        },
        "20021": {
            "year_quarter": 20021,
            "year": 2002,
            "quarter": 1,
            "eps": -0.05,
            "eps_growth_year": -225,
            "eps_4q": -1.75,
            "eps_4q_growth_year": null,
            "roe": -0.45,
            "roe_4q": -14.530000000000001,
            "gross_profit": 30291,
            "gross_margin": 3.86,
            "gross_margin_4q_avg": 5.37,
            "net_income": -23041,
            "net_income_4q": null,
            "revenue": 784180,
            "revenue_4q": null,
            "common_shares": 5497834,
            "book_valuer_per_share": 9.26,
            "book_valuer_per_share_4q_avg": 9.73,
            "equity": 5090218,
            "current_ratio": 90.84,
            "debt_ratio": 52.58,
            "inventory_turnover_ratio": 0.41,
            "account_receivable_turnover_ratio": null,
            "reinvestment_rate": null,
            "research_to_sale_ratio": null,
            "price_fair": 0,
            "eps_avg_yearly": 0,
            "eps_latest_yearly": 0,
            "eps_growth_yearly": 0
        },
        "20022": {
            "year_quarter": 20022,
            "year": 2002,
            "quarter": 2,
            "eps": -0.56,
            "eps_growth_year": null,
            "eps_4q": -1.28,
            "eps_4q_growth_year": null,
            "roe": -5.29,
            "roe_4q": -13.51,
            "gross_profit": -8025,
            "gross_margin": -0.88,
            "gross_margin_4q_avg": 4.82,
            "net_income": -260322,
            "net_income_4q": null,
            "revenue": 911349,
            "revenue_4q": null,
            "common_shares": 5497834,
            "book_valuer_per_share": 8.65,
            "book_valuer_per_share_4q_avg": 9.34,
            "equity": 4754336,
            "current_ratio": 92.04,
            "debt_ratio": 51.46,
            "inventory_turnover_ratio": 0.56,
            "account_receivable_turnover_ratio": null,
            "reinvestment_rate": null,
            "research_to_sale_ratio": null,
            "price_fair": 0,
            "eps_avg_yearly": 0,
            "eps_latest_yearly": 0,
            "eps_growth_yearly": 0
        },
        "20023": {
            "year_quarter": 20023,
            "year": 2002,
            "quarter": 3,
            "eps": 0.07,
            "eps_growth_year": null,
            "eps_4q": -1.26,
            "eps_4q_growth_year": null,
            "roe": 0.64,
            "roe_4q": -10.63,
            "gross_profit": 118428,
            "gross_margin": 13.11,
            "gross_margin_4q_avg": 5.31,
            "net_income": 30475,
            "net_income_4q": null,
            "revenue": 903599,
            "revenue_4q": null,
            "common_shares": 5497834,
            "book_valuer_per_share": 8.68,
            "book_valuer_per_share_4q_avg": 9.01,
            "equity": 4773911,
            "current_ratio": 93.55,
            "debt_ratio": 49.68,
            "inventory_turnover_ratio": 0.51,
            "account_receivable_turnover_ratio": null,
            "reinvestment_rate": null,
            "research_to_sale_ratio": null,
            "price_fair": 0,
            "eps_avg_yearly": 0,
            "eps_latest_yearly": 0,
            "eps_growth_yearly": 0
        },
        "20024": {
            "year_quarter": 20024,
            "year": 2002,
            "quarter": 4,
            "eps": -0.16,
            "eps_growth_year": null,
            "eps_4q": -0.71,
            "eps_4q_growth_year": null,
            "roe": -1.63,
            "roe_4q": -6.73,
            "gross_profit": 39846,
            "gross_margin": 7.38,
            "gross_margin_4q_avg": 5.87,
            "net_income": -76894,
            "net_income_4q": null,
            "revenue": 540055,
            "revenue_4q": null,
            "common_shares": 5497834,
            "book_valuer_per_share": 8.5,
            "book_valuer_per_share_4q_avg": 8.77,
            "equity": 4675795,
            "current_ratio": 93.05,
            "debt_ratio": 50.28,
            "inventory_turnover_ratio": 0.3,
            "account_receivable_turnover_ratio": null,
            "reinvestment_rate": null,
            "research_to_sale_ratio": null,
            "price_fair": 0,
            "eps_avg_yearly": 0,
            "eps_latest_yearly": 0,
            "eps_growth_yearly": 0
        },
        "20031": {
            "year_quarter": 20031,
            "year": 2003,
            "quarter": 1,
            "eps": -0.11,
            "eps_growth_year": null,
            "eps_4q": -0.79,
            "eps_4q_growth_year": null,
            "roe": -1.07,
            "roe_4q": -7.35,
            "gross_profit": 33284,
            "gross_margin": 4.96,
            "gross_margin_4q_avg": 6.14,
            "net_income": -49621,
            "net_income_4q": null,
            "revenue": 670705,
            "revenue_4q": null,
            "common_shares": 5497834,
            "book_valuer_per_share": 8.41,
            "book_valuer_per_share_4q_avg": 8.56,
            "equity": 4626173,
            "current_ratio": 91.44,
            "debt_ratio": 49.44,
            "inventory_turnover_ratio": 0.38,
            "account_receivable_turnover_ratio": null,
            "reinvestment_rate": null,
            "research_to_sale_ratio": null,
            "price_fair": 0,
            "eps_avg_yearly": 0,
            "eps_latest_yearly": 0,
            "eps_growth_yearly": 0
        },
        "20032": {
            "year_quarter": 20032,
            "year": 2003,
            "quarter": 2,
            "eps": -0.15,
            "eps_growth_year": null,
            "eps_4q": -0.31,
            "eps_4q_growth_year": null,
            "roe": -1.59,
            "roe_4q": -3.65,
            "gross_profit": 15669,
            "gross_margin": 2.75,
            "gross_margin_4q_avg": 7.05,
            "net_income": -72305,
            "net_income_4q": null,
            "revenue": 570576,
            "revenue_4q": null,
            "common_shares": 5497834,
            "book_valuer_per_share": 8.15,
            "book_valuer_per_share_4q_avg": 8.44,
            "equity": 4482336,
            "current_ratio": 91.7,
            "debt_ratio": 50.32,
            "inventory_turnover_ratio": 0.35,
            "account_receivable_turnover_ratio": null,
            "reinvestment_rate": null,
            "research_to_sale_ratio": null,
            "price_fair": 0,
            "eps_avg_yearly": 0,
            "eps_latest_yearly": 0,
            "eps_growth_yearly": 0
        },
        "20033": {
            "year_quarter": 20033,
            "year": 2003,
            "quarter": 3,
            "eps": -0.02,
            "eps_growth_year": -128.57,
            "eps_4q": -0.38,
            "eps_4q_growth_year": null,
            "roe": -0.26,
            "roe_4q": -4.55,
            "gross_profit": 25194,
            "gross_margin": 4.6,
            "gross_margin_4q_avg": 4.92,
            "net_income": -11562,
            "net_income_4q": null,
            "revenue": 547220,
            "revenue_4q": null,
            "common_shares": 5497834,
            "book_valuer_per_share": 8.1,
            "book_valuer_per_share_4q_avg": 8.29,
            "equity": 4454865,
            "current_ratio": 90.67,
            "debt_ratio": 49.1,
            "inventory_turnover_ratio": 0.34,
            "account_receivable_turnover_ratio": null,
            "reinvestment_rate": null,
            "research_to_sale_ratio": null,
            "price_fair": 0,
            "eps_avg_yearly": 0,
            "eps_latest_yearly": 0,
            "eps_growth_yearly": 0
        },
        "20034": {
            "year_quarter": 20034,
            "year": 2003,
            "quarter": 4,
            "eps": -0.45,
            "eps_growth_year": null,
            "eps_4q": -0.74,
            "eps_4q_growth_year": null,
            "roe": -4.49,
            "roe_4q": -7.41,
            "gross_profit": 35089,
            "gross_margin": 6.77,
            "gross_margin_4q_avg": 4.77,
            "net_income": -211171,
            "net_income_4q": null,
            "revenue": 518052,
            "revenue_4q": null,
            "common_shares": 5497834,
            "book_valuer_per_share": 9.02,
            "book_valuer_per_share_4q_avg": 8.42,
            "equity": 4958444,
            "current_ratio": 148.43,
            "debt_ratio": 44.96,
            "inventory_turnover_ratio": 0.19,
            "account_receivable_turnover_ratio": null,
            "reinvestment_rate": null,
            "research_to_sale_ratio": null,
            "price_fair": 0,
            "eps_avg_yearly": 0,
            "eps_latest_yearly": 0,
            "eps_growth_yearly": 0
        },
        "20041": {
            "year_quarter": 20041,
            "year": 2004,
            "quarter": 1,
            "eps": 0.02,
            "eps_growth_year": null,
            "eps_4q": -0.54,
            "eps_4q_growth_year": null,
            "roe": 0.21,
            "roe_4q": -6.13,
            "gross_profit": -6259,
            "gross_margin": -1.16,
            "gross_margin_4q_avg": 3.24,
            "net_income": 10523,
            "net_income_4q": null,
            "revenue": 540727,
            "revenue_4q": null,
            "common_shares": 5497834,
            "book_valuer_per_share": 9,
            "book_valuer_per_share_4q_avg": 8.57,
            "equity": 4950731,
            "current_ratio": 53.81,
            "debt_ratio": 38.46,
            "inventory_turnover_ratio": 0.26,
            "account_receivable_turnover_ratio": null,
            "reinvestment_rate": null,
            "research_to_sale_ratio": null,
            "price_fair": 0,
            "eps_avg_yearly": 0,
            "eps_latest_yearly": 0,
            "eps_growth_yearly": 0
        },
        "20042": {
            "year_quarter": 20042,
            "year": 2004,
            "quarter": 2,
            "eps": -0.05,
            "eps_growth_year": null,
            "eps_4q": -0.43,
            "eps_4q_growth_year": null,
            "roe": -0.49,
            "roe_4q": -5.03,
            "gross_profit": 85291,
            "gross_margin": 10.96,
            "gross_margin_4q_avg": 5.29,
            "net_income": -24118,
            "net_income_4q": null,
            "revenue": 778044,
            "revenue_4q": null,
            "common_shares": 5497834,
            "book_valuer_per_share": 9,
            "book_valuer_per_share_4q_avg": 8.78,
            "equity": 4950001,
            "current_ratio": 52.62,
            "debt_ratio": 38.39,
            "inventory_turnover_ratio": 1.37,
            "account_receivable_turnover_ratio": null,
            "reinvestment_rate": null,
            "research_to_sale_ratio": null,
            "price_fair": 0,
            "eps_avg_yearly": 0,
            "eps_latest_yearly": 0,
            "eps_growth_yearly": 0
        },
        "20043": {
            "year_quarter": 20043,
            "year": 2004,
            "quarter": 3,
            "eps": -0.06,
            "eps_growth_year": null,
            "eps_4q": -0.46,
            "eps_4q_growth_year": null,
            "roe": -0.6,
            "roe_4q": -5.37,
            "gross_profit": 21502,
            "gross_margin": 3.28,
            "gross_margin_4q_avg": 4.96,
            "net_income": -29784,
            "net_income_4q": null,
            "revenue": 655847,
            "revenue_4q": null,
            "common_shares": 5497834,
            "book_valuer_per_share": 8.96,
            "book_valuer_per_share_4q_avg": 9,
            "equity": 4924347,
            "current_ratio": 54.52,
            "debt_ratio": 37.58,
            "inventory_turnover_ratio": 1.64,
            "account_receivable_turnover_ratio": null,
            "reinvestment_rate": null,
            "research_to_sale_ratio": null,
            "price_fair": 0,
            "eps_avg_yearly": 0,
            "eps_latest_yearly": 0,
            "eps_growth_yearly": 0
        },
        "20044": {
            "year_quarter": 20044,
            "year": 2004,
            "quarter": 4,
            "eps": -0.06,
            "eps_growth_year": null,
            "eps_4q": -0.15,
            "eps_4q_growth_year": null,
            "roe": -0.59,
            "roe_4q": -1.47,
            "gross_profit": 49771,
            "gross_margin": 9.89,
            "gross_margin_4q_avg": 5.74,
            "net_income": -28730,
            "net_income_4q": null,
            "revenue": 503256,
            "revenue_4q": null,
            "common_shares": 5497834,
            "book_valuer_per_share": 8.86,
            "book_valuer_per_share_4q_avg": 8.96,
            "equity": 4873600,
            "current_ratio": 132.63,
            "debt_ratio": 41.81,
            "inventory_turnover_ratio": 0.31,
            "account_receivable_turnover_ratio": null,
            "reinvestment_rate": null,
            "research_to_sale_ratio": null,
            "price_fair": 0,
            "eps_avg_yearly": 0,
            "eps_latest_yearly": 0,
            "eps_growth_yearly": 0
        },
        "20051": {
            "year_quarter": 20051,
            "year": 2005,
            "quarter": 1,
            "eps": -0.18,
            "eps_growth_year": -1000,
            "eps_4q": -0.35,
            "eps_4q_growth_year": null,
            "roe": -1.78,
            "roe_4q": -3.46,
            "gross_profit": 47930,
            "gross_margin": 9.59,
            "gross_margin_4q_avg": 8.43,
            "net_income": -85902,
            "net_income_4q": null,
            "revenue": 499915,
            "revenue_4q": null,
            "common_shares": 5497834,
            "book_valuer_per_share": 8.7,
            "book_valuer_per_share_4q_avg": 8.88,
            "equity": 4784080,
            "current_ratio": 52.58,
            "debt_ratio": 37.94,
            "inventory_turnover_ratio": 0.29,
            "account_receivable_turnover_ratio": null,
            "reinvestment_rate": null,
            "research_to_sale_ratio": null,
            "price_fair": 0,
            "eps_avg_yearly": 0,
            "eps_latest_yearly": 0,
            "eps_growth_yearly": 0
        },
        "20052": {
            "year_quarter": 20052,
            "year": 2005,
            "quarter": 2,
            "eps": -0.07,
            "eps_growth_year": null,
            "eps_4q": -0.32,
            "eps_4q_growth_year": null,
            "roe": -0.68,
            "roe_4q": -3.65,
            "gross_profit": 26320,
            "gross_margin": 6.28,
            "gross_margin_4q_avg": 7.26,
            "net_income": -32161,
            "net_income_4q": null,
            "revenue": 418972,
            "revenue_4q": null,
            "common_shares": 5497834,
            "book_valuer_per_share": 8.63,
            "book_valuer_per_share_4q_avg": 8.79,
            "equity": 4744316,
            "current_ratio": 43.57,
            "debt_ratio": 34.67,
            "inventory_turnover_ratio": 0.84,
            "account_receivable_turnover_ratio": null,
            "reinvestment_rate": null,
            "research_to_sale_ratio": null,
            "price_fair": 0,
            "eps_avg_yearly": 0,
            "eps_latest_yearly": 0,
            "eps_growth_yearly": 0
        },
        "20053": {
            "year_quarter": 20053,
            "year": 2005,
            "quarter": 3,
            "eps": -0.06,
            "eps_growth_year": null,
            "eps_4q": -0.32,
            "eps_4q_growth_year": null,
            "roe": -0.63,
            "roe_4q": -3.6799999999999997,
            "gross_profit": 30789,
            "gross_margin": 9.02,
            "gross_margin_4q_avg": 8.7,
            "net_income": -29581,
            "net_income_4q": null,
            "revenue": 341271,
            "revenue_4q": null,
            "common_shares": 5497834,
            "book_valuer_per_share": 8.56,
            "book_valuer_per_share_4q_avg": 8.69,
            "equity": 4706439,
            "current_ratio": 50.73,
            "debt_ratio": 33.76,
            "inventory_turnover_ratio": 0.69,
            "account_receivable_turnover_ratio": null,
            "reinvestment_rate": null,
            "research_to_sale_ratio": null,
            "price_fair": 0,
            "eps_avg_yearly": 0,
            "eps_latest_yearly": 0,
            "eps_growth_yearly": 0
        },
        "20054": {
            "year_quarter": 20054,
            "year": 2005,
            "quarter": 4,
            "eps": -0.13,
            "eps_growth_year": null,
            "eps_4q": -0.77,
            "eps_4q_growth_year": null,
            "roe": -1.08,
            "roe_4q": -4.17,
            "gross_profit": 45632,
            "gross_margin": -10.13,
            "gross_margin_4q_avg": 3.69,
            "net_income": -58929,
            "net_income_4q": null,
            "revenue": -450557,
            "revenue_4q": null,
            "common_shares": 5497834,
            "book_valuer_per_share": 8.54,
            "book_valuer_per_share_4q_avg": 8.61,
            "equity": 6164257,
            "current_ratio": 183.75,
            "debt_ratio": 45.9,
            "inventory_turnover_ratio": -0.24,
            "account_receivable_turnover_ratio": null,
            "reinvestment_rate": null,
            "research_to_sale_ratio": null,
            "price_fair": 0,
            "eps_avg_yearly": 0,
            "eps_latest_yearly": 0,
            "eps_growth_yearly": 0
        },
        "20061": {
            "year_quarter": 20061,
            "year": 2006,
            "quarter": 1,
            "eps": 0.03,
            "eps_growth_year": null,
            "eps_4q": -0.19,
            "eps_4q_growth_year": null,
            "roe": 0.3,
            "roe_4q": -2.0900000000000003,
            "gross_profit": 19162,
            "gross_margin": 12.61,
            "gross_margin_4q_avg": 4.45,
            "net_income": 16125,
            "net_income_4q": null,
            "revenue": 151943,
            "revenue_4q": null,
            "common_shares": 5497834,
            "book_valuer_per_share": 8.56,
            "book_valuer_per_share_4q_avg": 8.57,
            "equity": 4704869,
            "current_ratio": 104.54,
            "debt_ratio": 32.1,
            "inventory_turnover_ratio": 0.07,
            "account_receivable_turnover_ratio": null,
            "reinvestment_rate": null,
            "research_to_sale_ratio": null,
            "price_fair": 0,
            "eps_avg_yearly": 0,
            "eps_latest_yearly": 0,
            "eps_growth_yearly": 0
        },
        "20062": {
            "year_quarter": 20062,
            "year": 2006,
            "quarter": 2,
            "eps": -0.01,
            "eps_growth_year": null,
            "eps_4q": -0.14,
            "eps_4q_growth_year": null,
            "roe": -0.1,
            "roe_4q": -1.5100000000000002,
            "gross_profit": 21821,
            "gross_margin": 20.96,
            "gross_margin_4q_avg": 8.12,
            "net_income": -4476,
            "net_income_4q": null,
            "revenue": 104117,
            "revenue_4q": null,
            "common_shares": 5497834,
            "book_valuer_per_share": 8.55,
            "book_valuer_per_share_4q_avg": 8.55,
            "equity": 4699855,
            "current_ratio": 76.57,
            "debt_ratio": 28.87,
            "inventory_turnover_ratio": 0.3,
            "account_receivable_turnover_ratio": null,
            "reinvestment_rate": null,
            "research_to_sale_ratio": null,
            "price_fair": 0,
            "eps_avg_yearly": 0,
            "eps_latest_yearly": 0,
            "eps_growth_yearly": 0
        },
        "20063": {
            "year_quarter": 20063,
            "year": 2006,
            "quarter": 3,
            "eps": -0.01,
            "eps_growth_year": null,
            "eps_4q": -0.1,
            "eps_4q_growth_year": null,
            "roe": -0.12,
            "roe_4q": -1,
            "gross_profit": 30106,
            "gross_margin": 25.61,
            "gross_margin_4q_avg": 12.26,
            "net_income": -5575,
            "net_income_4q": null,
            "revenue": 117555,
            "revenue_4q": null,
            "common_shares": 5497834,
            "book_valuer_per_share": 8.57,
            "book_valuer_per_share_4q_avg": 8.56,
            "equity": 4708911,
            "current_ratio": 67.51,
            "debt_ratio": 27.88,
            "inventory_turnover_ratio": 0.51,
            "account_receivable_turnover_ratio": null,
            "reinvestment_rate": null,
            "research_to_sale_ratio": null,
            "price_fair": 0,
            "eps_avg_yearly": 0,
            "eps_latest_yearly": 0,
            "eps_growth_yearly": 0
        },
        "20064": {
            "year_quarter": 20064,
            "year": 2006,
            "quarter": 4,
            "eps": 0.13,
            "eps_growth_year": null,
            "eps_4q": 0.14,
            "eps_4q_growth_year": null,
            "roe": 1.31,
            "roe_4q": 1.39,
            "gross_profit": 36247,
            "gross_margin": 27.46,
            "gross_margin_4q_avg": 21.66,
            "net_income": 62231,
            "net_income_4q": null,
            "revenue": 131993,
            "revenue_4q": null,
            "common_shares": 5497834,
            "book_valuer_per_share": 8.65,
            "book_valuer_per_share_4q_avg": 8.58,
            "equity": 4762276,
            "current_ratio": 353.45,
            "debt_ratio": 37.26,
            "inventory_turnover_ratio": 0.06,
            "account_receivable_turnover_ratio": null,
            "reinvestment_rate": null,
            "research_to_sale_ratio": null,
            "price_fair": 0,
            "eps_avg_yearly": 0,
            "eps_latest_yearly": 0,
            "eps_growth_yearly": 0
        },
        "20071": {
            "year_quarter": 20071,
            "year": 2007,
            "quarter": 1,
            "eps": -0.05,
            "eps_growth_year": -266.67,
            "eps_4q": 0.07,
            "eps_4q_growth_year": null,
            "roe": -0.47,
            "roe_4q": 0.6200000000000001,
            "gross_profit": 31355,
            "gross_margin": 28.89,
            "gross_margin_4q_avg": 25.73,
            "net_income": -22250,
            "net_income_4q": null,
            "revenue": 108531,
            "revenue_4q": null,
            "common_shares": 5497834,
            "book_valuer_per_share": 8.65,
            "book_valuer_per_share_4q_avg": 8.61,
            "equity": 4753784,
            "current_ratio": 50.96,
            "debt_ratio": 28.71,
            "inventory_turnover_ratio": 0.05,
            "account_receivable_turnover_ratio": null,
            "reinvestment_rate": null,
            "research_to_sale_ratio": null,
            "price_fair": 0,
            "eps_avg_yearly": 0,
            "eps_latest_yearly": 0,
            "eps_growth_yearly": 0
        },
        "20072": {
            "year_quarter": 20072,
            "year": 2007,
            "quarter": 2,
            "eps": 0.06,
            "eps_growth_year": null,
            "eps_4q": 0.14,
            "eps_4q_growth_year": null,
            "roe": 0.56,
            "roe_4q": 1.2800000000000002,
            "gross_profit": 20115,
            "gross_margin": 30.67,
            "gross_margin_4q_avg": 28.16,
            "net_income": 26564,
            "net_income_4q": null,
            "revenue": 65586,
            "revenue_4q": null,
            "common_shares": 5497834,
            "book_valuer_per_share": 8.67,
            "book_valuer_per_share_4q_avg": 8.64,
            "equity": 4765916,
            "current_ratio": 60.99,
            "debt_ratio": 26.68,
            "inventory_turnover_ratio": 0.35,
            "account_receivable_turnover_ratio": null,
            "reinvestment_rate": null,
            "research_to_sale_ratio": null,
            "price_fair": 0,
            "eps_avg_yearly": 0,
            "eps_latest_yearly": 0,
            "eps_growth_yearly": 0
        },
        "20073": {
            "year_quarter": 20073,
            "year": 2007,
            "quarter": 3,
            "eps": 0.09,
            "eps_growth_year": null,
            "eps_4q": 0.24,
            "eps_4q_growth_year": null,
            "roe": 0.84,
            "roe_4q": 2.24,
            "gross_profit": 21801,
            "gross_margin": 24.85,
            "gross_margin_4q_avg": 27.97,
            "net_income": 40157,
            "net_income_4q": null,
            "revenue": 87742,
            "revenue_4q": null,
            "common_shares": 5497834,
            "book_valuer_per_share": 8.73,
            "book_valuer_per_share_4q_avg": 8.68,
            "equity": 4799854,
            "current_ratio": 66.88,
            "debt_ratio": 25.82,
            "inventory_turnover_ratio": 0.65,
            "account_receivable_turnover_ratio": null,
            "reinvestment_rate": null,
            "research_to_sale_ratio": null,
            "price_fair": 12.6,
            "eps_avg_yearly": 0.36,
            "eps_latest_yearly": 0.36,
            "eps_growth_yearly": 200
        },
        "20074": {
            "year_quarter": 20074,
            "year": 2007,
            "quarter": 4,
            "eps": -0.03,
            "eps_growth_year": -123.08,
            "eps_4q": 0.07,
            "eps_4q_growth_year": -52.77,
            "roe": -0.28,
            "roe_4q": 0.6500000000000001,
            "gross_profit": 23090,
            "gross_margin": 21.07,
            "gross_margin_4q_avg": 26.37,
            "net_income": -13363,
            "net_income_4q": null,
            "revenue": 109570,
            "revenue_4q": null,
            "common_shares": 5497834,
            "book_valuer_per_share": 8.88,
            "book_valuer_per_share_4q_avg": 8.73,
            "equity": 4885601,
            "current_ratio": 554.25,
            "debt_ratio": 36.67,
            "inventory_turnover_ratio": 0.04,
            "account_receivable_turnover_ratio": null,
            "reinvestment_rate": null,
            "research_to_sale_ratio": null,
            "price_fair": 12.6,
            "eps_avg_yearly": 0.36,
            "eps_latest_yearly": 0.36,
            "eps_growth_yearly": 200
        },
        "20081": {
            "year_quarter": 20081,
            "year": 2008,
            "quarter": 1,
            "eps": -0.16,
            "eps_growth_year": null,
            "eps_4q": -0.05,
            "eps_4q_growth_year": -181.5,
            "roe": -1.65,
            "roe_4q": -0.5299999999999998,
            "gross_profit": 40398,
            "gross_margin": 32.66,
            "gross_margin_4q_avg": 27.31,
            "net_income": -81151,
            "net_income_4q": null,
            "revenue": 123691,
            "revenue_4q": null,
            "common_shares": 5497834,
            "book_valuer_per_share": 8.99,
            "book_valuer_per_share_4q_avg": 8.82,
            "equity": 4941496,
            "current_ratio": 589.41,
            "debt_ratio": 35.1,
            "inventory_turnover_ratio": 0.02,
            "account_receivable_turnover_ratio": null,
            "reinvestment_rate": null,
            "research_to_sale_ratio": null,
            "price_fair": 12.6,
            "eps_avg_yearly": 0.36,
            "eps_latest_yearly": 0.36,
            "eps_growth_yearly": 200
        },
        "20082": {
            "year_quarter": 20082,
            "year": 2008,
            "quarter": 2,
            "eps": 0,
            "eps_growth_year": -100,
            "eps_4q": -0.09,
            "eps_4q_growth_year": -168.58,
            "roe": 0.05,
            "roe_4q": -1.04,
            "gross_profit": 26988,
            "gross_margin": 24.11,
            "gross_margin_4q_avg": 25.67,
            "net_income": 2366,
            "net_income_4q": null,
            "revenue": 111922,
            "revenue_4q": null,
            "common_shares": 5497834,
            "book_valuer_per_share": 9.19,
            "book_valuer_per_share_4q_avg": 8.95,
            "equity": 5053390,
            "current_ratio": 537.97,
            "debt_ratio": 34.15,
            "inventory_turnover_ratio": 0.02,
            "account_receivable_turnover_ratio": null,
            "reinvestment_rate": null,
            "research_to_sale_ratio": null,
            "price_fair": 12.6,
            "eps_avg_yearly": 0.36,
            "eps_latest_yearly": 0.36,
            "eps_growth_yearly": 200
        },
        "20083": {
            "year_quarter": 20083,
            "year": 2008,
            "quarter": 3,
            "eps": -0.18,
            "eps_growth_year": -300,
            "eps_4q": -0.33,
            "eps_4q_growth_year": -238.56,
            "roe": -1.79,
            "roe_4q": -3.67,
            "gross_profit": 33508,
            "gross_margin": 36.36,
            "gross_margin_4q_avg": 28.55,
            "net_income": -90200,
            "net_income_4q": null,
            "revenue": 92144,
            "revenue_4q": null,
            "common_shares": 5497834,
            "book_valuer_per_share": 9.13,
            "book_valuer_per_share_4q_avg": 9.05,
            "equity": 5020597,
            "current_ratio": 548.31,
            "debt_ratio": 34.07,
            "inventory_turnover_ratio": 0.01,
            "account_receivable_turnover_ratio": null,
            "reinvestment_rate": null,
            "research_to_sale_ratio": null,
            "price_fair": 12.6,
            "eps_avg_yearly": 0.36,
            "eps_latest_yearly": 0.36,
            "eps_growth_yearly": 200
        },
        "20084": {
            "year_quarter": 20084,
            "year": 2008,
            "quarter": 4,
            "eps": -0.12,
            "eps_growth_year": null,
            "eps_4q": -0.45,
            "eps_4q_growth_year": -767.27,
            "roe": -1.16,
            "roe_4q": -4.550000000000001,
            "gross_profit": 41673,
            "gross_margin": 27.62,
            "gross_margin_4q_avg": 30.19,
            "net_income": -58193,
            "net_income_4q": null,
            "revenue": 150859,
            "revenue_4q": null,
            "common_shares": 5497834,
            "book_valuer_per_share": 9.11,
            "book_valuer_per_share_4q_avg": 9.11,
            "equity": 5006115,
            "current_ratio": 581.58,
            "debt_ratio": 34.09,
            "inventory_turnover_ratio": 0.02,
            "account_receivable_turnover_ratio": 2.68,
            "reinvestment_rate": null,
            "research_to_sale_ratio": null,
            "price_fair": 12.6,
            "eps_avg_yearly": 0.36,
            "eps_latest_yearly": 0.36,
            "eps_growth_yearly": 200
        },
        "20091": {
            "year_quarter": 20091,
            "year": 2009,
            "quarter": 1,
            "eps": -0.03,
            "eps_growth_year": null,
            "eps_4q": -0.29,
            "eps_4q_growth_year": null,
            "roe": -0.26,
            "roe_4q": -3.16,
            "gross_profit": 37672,
            "gross_margin": 37.45,
            "gross_margin_4q_avg": 31.39,
            "net_income": -13117,
            "net_income_4q": null,
            "revenue": 100588,
            "revenue_4q": null,
            "common_shares": 5497834,
            "book_valuer_per_share": 9.14,
            "book_valuer_per_share_4q_avg": 9.14,
            "equity": 5025597,
            "current_ratio": 679.1,
            "debt_ratio": 33.33,
            "inventory_turnover_ratio": 0.01,
            "account_receivable_turnover_ratio": 1.03,
            "reinvestment_rate": null,
            "research_to_sale_ratio": null,
            "price_fair": 12.6,
            "eps_avg_yearly": 0.36,
            "eps_latest_yearly": 0.36,
            "eps_growth_yearly": 200
        },
        "20092": {
            "year_quarter": 20092,
            "year": 2009,
            "quarter": 2,
            "eps": -0.06,
            "eps_growth_year": null,
            "eps_4q": -0.35,
            "eps_4q_growth_year": null,
            "roe": -0.59,
            "roe_4q": -3.8,
            "gross_profit": -70886,
            "gross_margin": -79.96,
            "gross_margin_4q_avg": 5.37,
            "net_income": -29661,
            "net_income_4q": null,
            "revenue": 88651,
            "revenue_4q": null,
            "common_shares": 5497834,
            "book_valuer_per_share": 9.03,
            "book_valuer_per_share_4q_avg": 9.1,
            "equity": 4966648,
            "current_ratio": 639.79,
            "debt_ratio": 33.12,
            "inventory_turnover_ratio": 0.03,
            "account_receivable_turnover_ratio": 1.15,
            "reinvestment_rate": null,
            "research_to_sale_ratio": null,
            "price_fair": 12.6,
            "eps_avg_yearly": 0.36,
            "eps_latest_yearly": 0.36,
            "eps_growth_yearly": 200
        },
        "20093": {
            "year_quarter": 20093,
            "year": 2009,
            "quarter": 3,
            "eps": -0.01,
            "eps_growth_year": null,
            "eps_4q": -0.19,
            "eps_4q_growth_year": null,
            "roe": -0.12,
            "roe_4q": -2.13,
            "gross_profit": 85322,
            "gross_margin": 86.33,
            "gross_margin_4q_avg": 17.86,
            "net_income": -6010,
            "net_income_4q": null,
            "revenue": 98830,
            "revenue_4q": null,
            "common_shares": 5497834,
            "book_valuer_per_share": 8.99,
            "book_valuer_per_share_4q_avg": 9.07,
            "equity": 4940475,
            "current_ratio": 490.45,
            "debt_ratio": 34.16,
            "inventory_turnover_ratio": 0,
            "account_receivable_turnover_ratio": 1.31,
            "reinvestment_rate": null,
            "research_to_sale_ratio": null,
            "price_fair": 12.6,
            "eps_avg_yearly": 0.36,
            "eps_latest_yearly": 0.36,
            "eps_growth_yearly": 200
        },
        "20094": {
            "year_quarter": 20094,
            "year": 2009,
            "quarter": 4,
            "eps": 0.2,
            "eps_growth_year": null,
            "eps_4q": 0.1,
            "eps_4q_growth_year": null,
            "roe": 2.03,
            "roe_4q": 1.0599999999999998,
            "gross_profit": 30017,
            "gross_margin": 25.63,
            "gross_margin_4q_avg": 17.36,
            "net_income": 101324,
            "net_income_4q": null,
            "revenue": 117116,
            "revenue_4q": null,
            "common_shares": 5497834,
            "book_valuer_per_share": 9.88,
            "book_valuer_per_share_4q_avg": 9.26,
            "equity": 5035726,
            "current_ratio": 503.32,
            "debt_ratio": 34.18,
            "inventory_turnover_ratio": 0.02,
            "account_receivable_turnover_ratio": 2.63,
            "reinvestment_rate": null,
            "research_to_sale_ratio": null,
            "price_fair": 12.6,
            "eps_avg_yearly": 0.36,
            "eps_latest_yearly": 0.36,
            "eps_growth_yearly": 200
        },
        "20101": {
            "year_quarter": 20101,
            "year": 2010,
            "quarter": 1,
            "eps": -0.06,
            "eps_growth_year": null,
            "eps_4q": 0.07,
            "eps_4q_growth_year": null,
            "roe": -0.63,
            "roe_4q": 0.6899999999999998,
            "gross_profit": 28682,
            "gross_margin": 14.01,
            "gross_margin_4q_avg": 11.5,
            "net_income": -31774,
            "net_income_4q": null,
            "revenue": 204755,
            "revenue_4q": null,
            "common_shares": 5497834,
            "book_valuer_per_share": 9.81,
            "book_valuer_per_share_4q_avg": 9.43,
            "equity": 4997097,
            "current_ratio": 538.07,
            "debt_ratio": 33.87,
            "inventory_turnover_ratio": 0.06,
            "account_receivable_turnover_ratio": 2.34,
            "reinvestment_rate": null,
            "research_to_sale_ratio": null,
            "price_fair": 12.6,
            "eps_avg_yearly": 0.36,
            "eps_latest_yearly": 0.36,
            "eps_growth_yearly": 200
        },
        "20102": {
            "year_quarter": 20102,
            "year": 2010,
            "quarter": 2,
            "eps": 0.29,
            "eps_growth_year": null,
            "eps_4q": 0.41,
            "eps_4q_growth_year": null,
            "roe": 2.87,
            "roe_4q": 4.1499999999999995,
            "gross_profit": 24251,
            "gross_margin": 18.18,
            "gross_margin_4q_avg": 36.04,
            "net_income": 145603,
            "net_income_4q": null,
            "revenue": 133383,
            "revenue_4q": null,
            "common_shares": 5497834,
            "book_valuer_per_share": 10.13,
            "book_valuer_per_share_4q_avg": 9.7,
            "equity": 5160326,
            "current_ratio": 496.12,
            "debt_ratio": 32.86,
            "inventory_turnover_ratio": 0.05,
            "account_receivable_turnover_ratio": 1.82,
            "reinvestment_rate": 4801.11,
            "research_to_sale_ratio": null,
            "price_fair": 12.6,
            "eps_avg_yearly": 0.36,
            "eps_latest_yearly": 0.36,
            "eps_growth_yearly": 200
        },
        "20103": {
            "year_quarter": 20103,
            "year": 2010,
            "quarter": 3,
            "eps": 0.03,
            "eps_growth_year": null,
            "eps_4q": 0.63,
            "eps_4q_growth_year": null,
            "roe": 0.21,
            "roe_4q": 4.48,
            "gross_profit": 15386,
            "gross_margin": 15.4,
            "gross_margin_4q_avg": 18.31,
            "net_income": 11066,
            "net_income_4q": null,
            "revenue": 99937,
            "revenue_4q": null,
            "common_shares": 3848484,
            "book_valuer_per_share": 14.41,
            "book_valuer_per_share_4q_avg": 11.06,
            "equity": 5137671,
            "current_ratio": 637.26,
            "debt_ratio": 29.82,
            "inventory_turnover_ratio": 0.08,
            "account_receivable_turnover_ratio": 1.71,
            "reinvestment_rate": 2132.83,
            "research_to_sale_ratio": null,
            "price_fair": 0.72,
            "eps_avg_yearly": 0.24,
            "eps_latest_yearly": 0.12,
            "eps_growth_yearly": -79.31
        },
        "20104": {
            "year_quarter": 20104,
            "year": 2010,
            "quarter": 4,
            "eps": 0.28,
            "eps_growth_year": 39.86,
            "eps_4q": 0.63,
            "eps_4q_growth_year": 510.79,
            "roe": 1.94,
            "roe_4q": 4.39,
            "gross_profit": 52070,
            "gross_margin": 17.47,
            "gross_margin_4q_avg": 16.27,
            "net_income": 99802,
            "net_income_4q": null,
            "revenue": 298088,
            "revenue_4q": null,
            "common_shares": 3848484,
            "book_valuer_per_share": 14.52,
            "book_valuer_per_share_4q_avg": 12.22,
            "equity": 5177351,
            "current_ratio": 346.38,
            "debt_ratio": 31.48,
            "inventory_turnover_ratio": 0.26,
            "account_receivable_turnover_ratio": 5.49,
            "reinvestment_rate": 778,
            "research_to_sale_ratio": null,
            "price_fair": 18.67,
            "eps_avg_yearly": 0.53,
            "eps_latest_yearly": 1.12,
            "eps_growth_yearly": 1058.24
        },
        "20111": {
            "year_quarter": 20111,
            "year": 2011,
            "quarter": 1,
            "eps": -0.13,
            "eps_growth_year": null,
            "eps_4q": 0.58,
            "eps_4q_growth_year": 779.11,
            "roe": -0.93,
            "roe_4q": 4.09,
            "gross_profit": 8185,
            "gross_margin": 6.24,
            "gross_margin_4q_avg": 14.32,
            "net_income": -47907,
            "net_income_4q": null,
            "revenue": 131275,
            "revenue_4q": null,
            "common_shares": 3848484,
            "book_valuer_per_share": 14.41,
            "book_valuer_per_share_4q_avg": 13.37,
            "equity": 5141241,
            "current_ratio": 465.18,
            "debt_ratio": 27.8,
            "inventory_turnover_ratio": 0.14,
            "account_receivable_turnover_ratio": 3.23,
            "reinvestment_rate": 3878.6,
            "research_to_sale_ratio": null,
            "price_fair": 18.67,
            "eps_avg_yearly": 0.53,
            "eps_latest_yearly": 1.12,
            "eps_growth_yearly": 1058.24
        },
        "20112": {
            "year_quarter": 20112,
            "year": 2011,
            "quarter": 2,
            "eps": 1.05,
            "eps_growth_year": 267.69,
            "eps_4q": 1.23,
            "eps_4q_growth_year": 198.87,
            "roe": 7.18,
            "roe_4q": 8.4,
            "gross_profit": 273062,
            "gross_margin": 52.34,
            "gross_margin_4q_avg": 22.86,
            "net_income": 375220,
            "net_income_4q": null,
            "revenue": 521758,
            "revenue_4q": null,
            "common_shares": 3848484,
            "book_valuer_per_share": 14.89,
            "book_valuer_per_share_4q_avg": 14.56,
            "equity": 5312438,
            "current_ratio": 428.88,
            "debt_ratio": 29.39,
            "inventory_turnover_ratio": 0.31,
            "account_receivable_turnover_ratio": 14.33,
            "reinvestment_rate": 577.08,
            "research_to_sale_ratio": null,
            "price_fair": 18.67,
            "eps_avg_yearly": 0.53,
            "eps_latest_yearly": 1.12,
            "eps_growth_yearly": 1058.24
        },
        "20113": {
            "year_quarter": 20113,
            "year": 2011,
            "quarter": 3,
            "eps": -0.23,
            "eps_growth_year": -841.46,
            "eps_4q": 0.97,
            "eps_4q_growth_year": 52.57,
            "roe": -1.54,
            "roe_4q": 6.65,
            "gross_profit": 6046,
            "gross_margin": 7.33,
            "gross_margin_4q_avg": 20.85,
            "net_income": -81649,
            "net_income_4q": null,
            "revenue": 82508,
            "revenue_4q": null,
            "common_shares": 3848484,
            "book_valuer_per_share": 14.89,
            "book_valuer_per_share_4q_avg": 14.68,
            "equity": 5311612,
            "current_ratio": 503.68,
            "debt_ratio": 28.41,
            "inventory_turnover_ratio": 0.1,
            "account_receivable_turnover_ratio": 1.91,
            "reinvestment_rate": 859.19,
            "research_to_sale_ratio": null,
            "price_fair": 21.7,
            "eps_avg_yearly": 0.62,
            "eps_latest_yearly": 1.12,
            "eps_growth_yearly": 1487.36
        },
        "20114": {
            "year_quarter": 20114,
            "year": 2011,
            "quarter": 4,
            "eps": -0.01,
            "eps_growth_year": -105.16,
            "eps_4q": 0.67,
            "eps_4q_growth_year": 6.93,
            "roe": -0.1,
            "roe_4q": 4.609999999999999,
            "gross_profit": 15926,
            "gross_margin": 24.65,
            "gross_margin_4q_avg": 22.64,
            "net_income": -5173,
            "net_income_4q": null,
            "revenue": 64617,
            "revenue_4q": null,
            "common_shares": 3848484,
            "book_valuer_per_share": 14.91,
            "book_valuer_per_share_4q_avg": 14.78,
            "equity": 5318339,
            "current_ratio": 386.19,
            "debt_ratio": 31.1,
            "inventory_turnover_ratio": 0.07,
            "account_receivable_turnover_ratio": 1.15,
            "reinvestment_rate": 793.2,
            "research_to_sale_ratio": null,
            "price_fair": 21.7,
            "eps_avg_yearly": 0.62,
            "eps_latest_yearly": 1.12,
            "eps_growth_yearly": 1487.36
        },
        "20121": {
            "year_quarter": 20121,
            "year": 2012,
            "quarter": 1,
            "eps": 0.01,
            "eps_growth_year": null,
            "eps_4q": 0.82,
            "eps_4q_growth_year": 39.6,
            "roe": 0.06,
            "roe_4q": 5.6,
            "gross_profit": 18048,
            "gross_margin": 21.1,
            "gross_margin_4q_avg": 26.36,
            "net_income": 3179,
            "net_income_4q": null,
            "revenue": 85531,
            "revenue_4q": null,
            "common_shares": 3848484,
            "book_valuer_per_share": 14.83,
            "book_valuer_per_share_4q_avg": 14.88,
            "equity": 5289443,
            "current_ratio": 335.74,
            "debt_ratio": 33.54,
            "inventory_turnover_ratio": 0.1,
            "account_receivable_turnover_ratio": 1.63,
            "reinvestment_rate": 606.96,
            "research_to_sale_ratio": null,
            "price_fair": 21.7,
            "eps_avg_yearly": 0.62,
            "eps_latest_yearly": 1.12,
            "eps_growth_yearly": 1487.36
        },
        "20122": {
            "year_quarter": 20122,
            "year": 2012,
            "quarter": 2,
            "eps": 2.65,
            "eps_growth_year": 151.75,
            "eps_4q": 2.41,
            "eps_4q_growth_year": 96.44,
            "roe": 16.21,
            "roe_4q": 14.629999999999999,
            "gross_profit": 901684,
            "gross_margin": 58.4,
            "gross_margin_4q_avg": 27.87,
            "net_income": 943406,
            "net_income_4q": null,
            "revenue": 1544024,
            "revenue_4q": null,
            "common_shares": 3848484,
            "book_valuer_per_share": 17.72,
            "book_valuer_per_share_4q_avg": 15.59,
            "equity": 6349711,
            "current_ratio": 410.68,
            "debt_ratio": 27.8,
            "inventory_turnover_ratio": 0.92,
            "account_receivable_turnover_ratio": 35.39,
            "reinvestment_rate": 190.56,
            "research_to_sale_ratio": null,
            "price_fair": 138.13,
            "eps_avg_yearly": 3.95,
            "eps_latest_yearly": 10.6,
            "eps_growth_yearly": 36191.57
        },
        "20123": {
            "year_quarter": 20123,
            "year": 2012,
            "quarter": 3,
            "eps": -0.08,
            "eps_growth_year": null,
            "eps_4q": 2.56,
            "eps_4q_growth_year": 164.38,
            "roe": -0.53,
            "roe_4q": 15.640000000000002,
            "gross_profit": -1369,
            "gross_margin": -1.78,
            "gross_margin_4q_avg": 25.59,
            "net_income": -33380,
            "net_income_4q": null,
            "revenue": 76703,
            "revenue_4q": null,
            "common_shares": 3848484,
            "book_valuer_per_share": 17.56,
            "book_valuer_per_share_4q_avg": 16.26,
            "equity": 6288956,
            "current_ratio": 386.85,
            "debt_ratio": 26.69,
            "inventory_turnover_ratio": 0.11,
            "account_receivable_turnover_ratio": 1.49,
            "reinvestment_rate": 180.72,
            "research_to_sale_ratio": null,
            "price_fair": 138.13,
            "eps_avg_yearly": 3.95,
            "eps_latest_yearly": 10.6,
            "eps_growth_yearly": 36191.57
        },
        "20124": {
            "year_quarter": 20124,
            "year": 2012,
            "quarter": 4,
            "eps": 0.54,
            "eps_growth_year": null,
            "eps_4q": 3.11,
            "eps_4q_growth_year": 362.16,
            "roe": 2.99,
            "roe_4q": 18.73,
            "gross_profit": 9795,
            "gross_margin": 6.95,
            "gross_margin_4q_avg": 21.17,
            "net_income": 190665,
            "net_income_4q": null,
            "revenue": 141000,
            "revenue_4q": null,
            "common_shares": 3848484,
            "book_valuer_per_share": 18.09,
            "book_valuer_per_share_4q_avg": 17.05,
            "equity": 6474202,
            "current_ratio": 428.93,
            "debt_ratio": 24.24,
            "inventory_turnover_ratio": 0.2,
            "account_receivable_turnover_ratio": 2.81,
            "reinvestment_rate": 174.71,
            "research_to_sale_ratio": null,
            "price_fair": 138.13,
            "eps_avg_yearly": 3.95,
            "eps_latest_yearly": 10.6,
            "eps_growth_yearly": 36191.57
        },
        "20131": {
            "year_quarter": 20131,
            "year": 2013,
            "quarter": 1,
            "eps": -0.12,
            "eps_growth_year": -1300,
            "eps_4q": 3.06,
            "eps_4q_growth_year": 275.15,
            "roe": -0.15,
            "roe_4q": 18.520000000000003,
            "gross_profit": 29098,
            "gross_margin": 77.15,
            "gross_margin_4q_avg": 35.18,
            "net_income": -9898,
            "net_income_4q": null,
            "revenue": 37717,
            "revenue_4q": null,
            "common_shares": 3848484,
            "book_valuer_per_share": 17.95,
            "book_valuer_per_share_4q_avg": 17.83,
            "equity": 6429034,
            "current_ratio": 318.24,
            "debt_ratio": 27.74,
            "inventory_turnover_ratio": 0,
            "account_receivable_turnover_ratio": 0.51,
            "reinvestment_rate": 105.02,
            "research_to_sale_ratio": null,
            "price_fair": 138.13,
            "eps_avg_yearly": 3.95,
            "eps_latest_yearly": 10.6,
            "eps_growth_yearly": 36191.57
        },
        "20132": {
            "year_quarter": 20132,
            "year": 2013,
            "quarter": 2,
            "eps": -0.18,
            "eps_growth_year": -106.81,
            "eps_4q": 0.24,
            "eps_4q_growth_year": -90.14,
            "roe": -1.04,
            "roe_4q": 1.2700000000000002,
            "gross_profit": 24107,
            "gross_margin": 22.46,
            "gross_margin_4q_avg": 26.2,
            "net_income": -64886,
            "net_income_4q": null,
            "revenue": 107338,
            "revenue_4q": null,
            "common_shares": 3848484,
            "book_valuer_per_share": 16.74,
            "book_valuer_per_share_4q_avg": 17.59,
            "equity": 5996728,
            "current_ratio": 203,
            "debt_ratio": 37.04,
            "inventory_turnover_ratio": 0.03,
            "account_receivable_turnover_ratio": 1.63,
            "reinvestment_rate": 110.15,
            "research_to_sale_ratio": null,
            "price_fair": 138.13,
            "eps_avg_yearly": 3.95,
            "eps_latest_yearly": 10.6,
            "eps_growth_yearly": 36191.57
        },
        "20133": {
            "year_quarter": 20133,
            "year": 2013,
            "quarter": 3,
            "eps": -0.14,
            "eps_growth_year": null,
            "eps_4q": 0.25,
            "eps_4q_growth_year": -90.36,
            "roe": -0.77,
            "roe_4q": 1.0300000000000002,
            "gross_profit": 9877,
            "gross_margin": 8.03,
            "gross_margin_4q_avg": 28.65,
            "net_income": -43118,
            "net_income_4q": null,
            "revenue": 123022,
            "revenue_4q": null,
            "common_shares": 3078787,
            "book_valuer_per_share": 18.33,
            "book_valuer_per_share_4q_avg": 17.78,
            "equity": 5257030,
            "current_ratio": 156.64,
            "debt_ratio": 42.89,
            "inventory_turnover_ratio": 0.04,
            "account_receivable_turnover_ratio": 3.49,
            "reinvestment_rate": 111.43,
            "research_to_sale_ratio": null,
            "price_fair": 138.13,
            "eps_avg_yearly": 3.95,
            "eps_latest_yearly": 10.6,
            "eps_growth_yearly": 36191.57
        },
        "20134": {
            "year_quarter": 20134,
            "year": 2013,
            "quarter": 4,
            "eps": 0.65,
            "eps_growth_year": 19.96,
            "eps_4q": 0.22,
            "eps_4q_growth_year": -92.95,
            "roe": 3.39,
            "roe_4q": 1.4300000000000002,
            "gross_profit": -8356,
            "gross_margin": -13.33,
            "gross_margin_4q_avg": 23.58,
            "net_income": 181448,
            "net_income_4q": null,
            "revenue": 62695,
            "revenue_4q": null,
            "common_shares": 3078787,
            "book_valuer_per_share": 19.03,
            "book_valuer_per_share_4q_avg": 18.01,
            "equity": 5451761,
            "current_ratio": 177.27,
            "debt_ratio": 42.09,
            "inventory_turnover_ratio": 0.02,
            "account_receivable_turnover_ratio": 1.81,
            "reinvestment_rate": 8.49,
            "research_to_sale_ratio": null,
            "price_fair": 138.13,
            "eps_avg_yearly": 3.95,
            "eps_latest_yearly": 10.6,
            "eps_growth_yearly": 36191.57
        },
        "20141": {
            "year_quarter": 20141,
            "year": 2014,
            "quarter": 1,
            "eps": -0.14,
            "eps_growth_year": null,
            "eps_4q": 0.13,
            "eps_4q_growth_year": -95.8,
            "roe": -0.77,
            "roe_4q": 0.81,
            "gross_profit": -3386,
            "gross_margin": -8.56,
            "gross_margin_4q_avg": 2.15,
            "net_income": -41978,
            "net_income_4q": null,
            "revenue": 39575,
            "revenue_4q": null,
            "common_shares": 3078787,
            "book_valuer_per_share": 18.97,
            "book_valuer_per_share_4q_avg": 18.27,
            "equity": 5434021,
            "current_ratio": 166.37,
            "debt_ratio": 44.2,
            "inventory_turnover_ratio": 0.01,
            "account_receivable_turnover_ratio": 1.21,
            "reinvestment_rate": 106.89,
            "research_to_sale_ratio": null,
            "price_fair": 138.13,
            "eps_avg_yearly": 3.95,
            "eps_latest_yearly": 10.6,
            "eps_growth_yearly": 36191.57
        },
        "20142": {
            "year_quarter": 20142,
            "year": 2014,
            "quarter": 2,
            "eps": 0.3,
            "eps_growth_year": null,
            "eps_4q": 0.65,
            "eps_4q_growth_year": 174.21,
            "roe": 1.65,
            "roe_4q": 3.4999999999999996,
            "gross_profit": 12975,
            "gross_margin": 28.71,
            "gross_margin_4q_avg": 3.71,
            "net_income": 84571,
            "net_income_4q": null,
            "revenue": 45193,
            "revenue_4q": null,
            "common_shares": 3078787,
            "book_valuer_per_share": 16.77,
            "book_valuer_per_share_4q_avg": 18.28,
            "equity": 4805719,
            "current_ratio": 123.28,
            "debt_ratio": 52.95,
            "inventory_turnover_ratio": 0.01,
            "account_receivable_turnover_ratio": 1.32,
            "reinvestment_rate": 107.72,
            "research_to_sale_ratio": null,
            "price_fair": 138.13,
            "eps_avg_yearly": 3.95,
            "eps_latest_yearly": 10.6,
            "eps_growth_yearly": 36191.57
        },
        "20143": {
            "year_quarter": 20143,
            "year": 2014,
            "quarter": 3,
            "eps": 0.66,
            "eps_growth_year": null,
            "eps_4q": 1.44,
            "eps_4q_growth_year": 482.97,
            "roe": 3.66,
            "roe_4q": 7.9300000000000015,
            "gross_profit": 5408,
            "gross_margin": 8.13,
            "gross_margin_4q_avg": 3.74,
            "net_income": 179867,
            "net_income_4q": null,
            "revenue": 66494,
            "revenue_4q": null,
            "common_shares": 2933557,
            "book_valuer_per_share": 17.58,
            "book_valuer_per_share_4q_avg": 18.09,
            "equity": 5034853,
            "current_ratio": 137.13,
            "debt_ratio": 52.76,
            "inventory_turnover_ratio": 0.02,
            "account_receivable_turnover_ratio": 1.56,
            "reinvestment_rate": 104.5,
            "research_to_sale_ratio": null,
            "price_fair": 167.53,
            "eps_avg_yearly": 4.79,
            "eps_latest_yearly": 2.64,
            "eps_growth_yearly": 36471.11
        },
        "20144": {
            "year_quarter": 20144,
            "year": 2014,
            "quarter": 4,
            "eps": 0.9,
            "eps_growth_year": 38.78,
            "eps_4q": 1.68,
            "eps_4q_growth_year": 664.45,
            "roe": 4.95,
            "roe_4q": 9.49,
            "gross_profit": 244090,
            "gross_margin": 24.15,
            "gross_margin_4q_avg": 13.11,
            "net_income": 258115,
            "net_income_4q": null,
            "revenue": 1010657,
            "revenue_4q": null,
            "common_shares": 2933557,
            "book_valuer_per_share": 18.6,
            "book_valuer_per_share_4q_avg": 17.98,
            "equity": 5402728,
            "current_ratio": 129.38,
            "debt_ratio": 50.48,
            "inventory_turnover_ratio": 0.2,
            "account_receivable_turnover_ratio": 17.79,
            "reinvestment_rate": 41.26,
            "research_to_sale_ratio": null,
            "price_fair": 196.47,
            "eps_avg_yearly": 5.61,
            "eps_latest_yearly": 3.6,
            "eps_growth_yearly": 35408.48
        },
        "20151": {
            "year_quarter": 20151,
            "year": 2015,
            "quarter": 1,
            "eps": 0.54,
            "eps_growth_year": null,
            "eps_4q": 2.36,
            "eps_4q_growth_year": 1732.61,
            "roe": 2.84,
            "roe_4q": 13.1,
            "gross_profit": 239256,
            "gross_margin": 27.51,
            "gross_margin_4q_avg": 22.13,
            "net_income": 155538,
            "net_income_4q": null,
            "revenue": 869625,
            "revenue_4q": null,
            "common_shares": 2933557,
            "book_valuer_per_share": 19.1,
            "book_valuer_per_share_4q_avg": 18.01,
            "equity": 5547205,
            "current_ratio": 132.1,
            "debt_ratio": 47.63,
            "inventory_turnover_ratio": 0.18,
            "account_receivable_turnover_ratio": 14.9,
            "reinvestment_rate": 58.93,
            "research_to_sale_ratio": null,
            "price_fair": 166.25,
            "eps_avg_yearly": 4.75,
            "eps_latest_yearly": 2.16,
            "eps_growth_yearly": 26516.36
        },
        "20152": {
            "year_quarter": 20152,
            "year": 2015,
            "quarter": 2,
            "eps": 0.19,
            "eps_growth_year": -36.67,
            "eps_4q": 1.87,
            "eps_4q_growth_year": 186.47,
            "roe": -1.03,
            "roe_4q": 10.42,
            "gross_profit": -12763,
            "gross_margin": -5.83,
            "gross_margin_4q_avg": 13.49,
            "net_income": -56063,
            "net_income_4q": null,
            "revenue": 219052,
            "revenue_4q": null,
            "common_shares": 2933557,
            "book_valuer_per_share": 18.48,
            "book_valuer_per_share_4q_avg": 18.44,
            "equity": 5367929,
            "current_ratio": 127.73,
            "debt_ratio": 49.42,
            "inventory_turnover_ratio": 0.07,
            "account_receivable_turnover_ratio": 4.79,
            "reinvestment_rate": 71.4,
            "research_to_sale_ratio": null,
            "price_fair": 138.32,
            "eps_avg_yearly": 3.95,
            "eps_latest_yearly": 0.76,
            "eps_growth_yearly": 21161.24
        },
        "20153": {
            "year_quarter": 20153,
            "year": 2015,
            "quarter": 3,
            "eps": -0.26,
            "eps_growth_year": -139.39,
            "eps_4q": 1.11,
            "eps_4q_growth_year": -22.8,
            "roe": -1.35,
            "roe_4q": 5.41,
            "gross_profit": 10339,
            "gross_margin": 25.77,
            "gross_margin_4q_avg": 17.9,
            "net_income": -71053,
            "net_income_4q": null,
            "revenue": 40123,
            "revenue_4q": null,
            "common_shares": 2640202,
            "book_valuer_per_share": 19.66,
            "book_valuer_per_share_4q_avg": 18.96,
            "equity": 5146288,
            "current_ratio": 116.78,
            "debt_ratio": 53.86,
            "inventory_turnover_ratio": 0.01,
            "account_receivable_turnover_ratio": 0.99,
            "reinvestment_rate": 90.16,
            "research_to_sale_ratio": null,
            "price_fair": 138.32,
            "eps_avg_yearly": 3.95,
            "eps_latest_yearly": 0.76,
            "eps_growth_yearly": 21161.24
        },
        "20154": {
            "year_quarter": 20154,
            "year": 2015,
            "quarter": 4,
            "eps": -0.25,
            "eps_growth_year": -127.35,
            "eps_4q": -0.14,
            "eps_4q_growth_year": -108.05,
            "roe": -1.25,
            "roe_4q": -0.79,
            "gross_profit": 32920,
            "gross_margin": 13.95,
            "gross_margin_4q_avg": 15.35,
            "net_income": -63747,
            "net_income_4q": null,
            "revenue": 235948,
            "revenue_4q": null,
            "common_shares": 2640202,
            "book_valuer_per_share": 19.09,
            "book_valuer_per_share_4q_avg": 19.08,
            "equity": 5059435,
            "current_ratio": 111.82,
            "debt_ratio": 57.66,
            "inventory_turnover_ratio": 0.05,
            "account_receivable_turnover_ratio": 5.04,
            "reinvestment_rate": 119.74,
            "research_to_sale_ratio": null,
            "price_fair": 138.32,
            "eps_avg_yearly": 3.95,
            "eps_latest_yearly": 0.76,
            "eps_growth_yearly": 21161.24
        },
        "20161": {
            "year_quarter": 20161,
            "year": 2016,
            "quarter": 1,
            "eps": 1.46,
            "eps_growth_year": 170.37,
            "eps_4q": 0.73,
            "eps_4q_growth_year": -68.83,
            "roe": 7.35,
            "roe_4q": 3.7199999999999998,
            "gross_profit": 584579,
            "gross_margin": 28.92,
            "gross_margin_4q_avg": 15.7,
            "net_income": 385038,
            "net_income_4q": null,
            "revenue": 2021470,
            "revenue_4q": null,
            "common_shares": 2640202,
            "book_valuer_per_share": 20.43,
            "book_valuer_per_share_4q_avg": 19.42,
            "equity": 5412123,
            "current_ratio": 131.73,
            "debt_ratio": 51.11,
            "inventory_turnover_ratio": 0.43,
            "account_receivable_turnover_ratio": 11.83,
            "reinvestment_rate": 110.61,
            "research_to_sale_ratio": null,
            "price_fair": 138.32,
            "eps_avg_yearly": 3.95,
            "eps_latest_yearly": 0.76,
            "eps_growth_yearly": 21161.24
        },
        "20162": {
            "year_quarter": 20162,
            "year": 2016,
            "quarter": 2,
            "eps": 2.85,
            "eps_growth_year": 1400,
            "eps_4q": 3.79,
            "eps_4q_growth_year": 103.21,
            "roe": 13.53,
            "roe_4q": 18.279999999999998,
            "gross_profit": 387438,
            "gross_margin": 29.01,
            "gross_margin_4q_avg": 24.41,
            "net_income": 751761,
            "net_income_4q": null,
            "revenue": 1335514,
            "revenue_4q": null,
            "common_shares": 2640202,
            "book_valuer_per_share": 21.51,
            "book_valuer_per_share_4q_avg": 20.17,
            "equity": 5697528,
            "current_ratio": 140.17,
            "debt_ratio": 49.83,
            "inventory_turnover_ratio": 0.38,
            "account_receivable_turnover_ratio": 8.03,
            "reinvestment_rate": 148.56,
            "research_to_sale_ratio": null,
            "price_fair": 143.92,
            "eps_avg_yearly": 4.11,
            "eps_latest_yearly": 11.4,
            "eps_growth_yearly": 117.4
        },
        "20163": {
            "year_quarter": 20163,
            "year": 2016,
            "quarter": 3,
            "eps": 0.6,
            "eps_growth_year": null,
            "eps_4q": 5.89,
            "eps_4q_growth_year": 431.01,
            "roe": 2.59,
            "roe_4q": 22.22,
            "gross_profit": 58247,
            "gross_margin": 41.38,
            "gross_margin_4q_avg": 28.32,
            "net_income": 140535,
            "net_income_4q": null,
            "revenue": 140761,
            "revenue_4q": null,
            "common_shares": 2059357,
            "book_valuer_per_share": 24.96,
            "book_valuer_per_share_4q_avg": 21.5,
            "equity": 5158811,
            "current_ratio": 138.22,
            "debt_ratio": 51.54,
            "inventory_turnover_ratio": 0.04,
            "account_receivable_turnover_ratio": 2.7,
            "reinvestment_rate": 144.9,
            "research_to_sale_ratio": null,
            "price_fair": 133.93,
            "eps_avg_yearly": 3.83,
            "eps_latest_yearly": 2.4,
            "eps_growth_yearly": 45.2
        },
        "20164": {
            "year_quarter": 20164,
            "year": 2016,
            "quarter": 4,
            "eps": -0.69,
            "eps_growth_year": null,
            "eps_4q": 5.51,
            "eps_4q_growth_year": null,
            "roe": -2.8,
            "roe_4q": 20.67,
            "gross_profit": 15605,
            "gross_margin": 9.2,
            "gross_margin_4q_avg": 27.13,
            "net_income": -142723,
            "net_income_4q": null,
            "revenue": 169637,
            "revenue_4q": null,
            "common_shares": 2059357,
            "book_valuer_per_share": 24.33,
            "book_valuer_per_share_4q_avg": 22.81,
            "equity": 5028320,
            "current_ratio": 130.38,
            "debt_ratio": 52.76,
            "inventory_turnover_ratio": 0.07,
            "account_receivable_turnover_ratio": 2.75,
            "reinvestment_rate": 172.09,
            "research_to_sale_ratio": null,
            "price_fair": 133.93,
            "eps_avg_yearly": 3.83,
            "eps_latest_yearly": 2.4,
            "eps_growth_yearly": 45.2
        },
        "20171": {
            "year_quarter": 20171,
            "year": 2017,
            "quarter": 1,
            "eps": 0.69,
            "eps_growth_year": -52.74,
            "eps_4q": 4.33,
            "eps_4q_growth_year": 489.63,
            "roe": 2.8,
            "roe_4q": 16.119999999999997,
            "gross_profit": 288784,
            "gross_margin": 27.11,
            "gross_margin_4q_avg": 26.68,
            "net_income": 141064,
            "net_income_4q": null,
            "revenue": 1065409,
            "revenue_4q": null,
            "common_shares": 2059357,
            "book_valuer_per_share": 24.35,
            "book_valuer_per_share_4q_avg": 23.79,
            "equity": 5032214,
            "current_ratio": 159.04,
            "debt_ratio": 50.11,
            "inventory_turnover_ratio": 0.41,
            "account_receivable_turnover_ratio": 13.77,
            "reinvestment_rate": 217.74,
            "research_to_sale_ratio": null,
            "price_fair": 133.93,
            "eps_avg_yearly": 3.83,
            "eps_latest_yearly": 2.4,
            "eps_growth_yearly": 45.2
        },
        "20172": {
            "year_quarter": 20172,
            "year": 2017,
            "quarter": 2,
            "eps": 0.27,
            "eps_growth_year": -90.53,
            "eps_4q": 0.95,
            "eps_4q_growth_year": -74.89,
            "roe": 1.19,
            "roe_4q": 3.78,
            "gross_profit": 258429,
            "gross_margin": 26.47,
            "gross_margin_4q_avg": 26.04,
            "net_income": 56752,
            "net_income_4q": null,
            "revenue": 976294,
            "revenue_4q": null,
            "common_shares": 2059357,
            "book_valuer_per_share": 21.63,
            "book_valuer_per_share_4q_avg": 23.82,
            "equity": 4472212,
            "current_ratio": 126.03,
            "debt_ratio": 53.68,
            "inventory_turnover_ratio": 0.55,
            "account_receivable_turnover_ratio": 12.13,
            "reinvestment_rate": 201.94,
            "research_to_sale_ratio": null,
            "price_fair": 47.96,
            "eps_avg_yearly": 3.43,
            "eps_latest_yearly": 1.08,
            "eps_growth_yearly": 3.96
        },
        "20173": {
            "year_quarter": 20173,
            "year": 2017,
            "quarter": 3,
            "eps": -0.21,
            "eps_growth_year": -135,
            "eps_4q": 0.07,
            "eps_4q_growth_year": -98.74,
            "roe": -0.98,
            "roe_4q": 0.20999999999999996,
            "gross_profit": 70916,
            "gross_margin": 65.45,
            "gross_margin_4q_avg": 32.06,
            "net_income": -42659,
            "net_income_4q": null,
            "revenue": 108347,
            "revenue_4q": null,
            "common_shares": 1853422,
            "book_valuer_per_share": 22.64,
            "book_valuer_per_share_4q_avg": 23.24,
            "equity": 4213399,
            "current_ratio": 125.91,
            "debt_ratio": 53.92,
            "inventory_turnover_ratio": 0.04,
            "account_receivable_turnover_ratio": 1.56,
            "reinvestment_rate": 193.03,
            "research_to_sale_ratio": null,
            "price_fair": 47.96,
            "eps_avg_yearly": 3.43,
            "eps_latest_yearly": 1.08,
            "eps_growth_yearly": 3.96
        },
        "20174": {
            "year_quarter": 20174,
            "year": 2017,
            "quarter": 4,
            "eps": 0.36,
            "eps_growth_year": null,
            "eps_4q": 1.2,
            "eps_4q_growth_year": -78.15,
            "roe": 1.6,
            "roe_4q": 4.609999999999999,
            "gross_profit": 69011,
            "gross_margin": 71.84,
            "gross_margin_4q_avg": 47.72,
            "net_income": 67571,
            "net_income_4q": null,
            "revenue": 96058,
            "revenue_4q": null,
            "common_shares": 1853422,
            "book_valuer_per_share": 22.79,
            "book_valuer_per_share_4q_avg": 22.85,
            "equity": 4223786,
            "current_ratio": 140.92,
            "debt_ratio": 50.98,
            "inventory_turnover_ratio": 0.03,
            "account_receivable_turnover_ratio": 1.87,
            "reinvestment_rate": 211.92,
            "research_to_sale_ratio": null,
            "price_fair": 47.96,
            "eps_avg_yearly": 3.43,
            "eps_latest_yearly": 1.08,
            "eps_growth_yearly": 3.96
        },
        "20181": {
            "year_quarter": 20181,
            "year": 2018,
            "quarter": 1,
            "eps": 0.44,
            "eps_growth_year": -36.23,
            "eps_4q": 0.88,
            "eps_4q_growth_year": -79.61,
            "roe": 1.92,
            "roe_4q": 3.73,
            "gross_profit": 56272,
            "gross_margin": 99.39,
            "gross_margin_4q_avg": 65.79,
            "net_income": 81440,
            "net_income_4q": null,
            "revenue": 56620,
            "revenue_4q": null,
            "common_shares": 1853422,
            "book_valuer_per_share": 22.98,
            "book_valuer_per_share_4q_avg": 22.51,
            "equity": 4259752,
            "current_ratio": 140.56,
            "debt_ratio": 49.78,
            "inventory_turnover_ratio": 0,
            "account_receivable_turnover_ratio": 2.12,
            "reinvestment_rate": 110.13,
            "research_to_sale_ratio": null,
            "price_fair": 79.27,
            "eps_avg_yearly": 3.23,
            "eps_latest_yearly": 1.76,
            "eps_growth_yearly": 14.58
        },
        "20182": {
            "year_quarter": 20182,
            "year": 2018,
            "quarter": 2,
            "eps": -0.15,
            "eps_growth_year": -155.56,
            "eps_4q": 0.43,
            "eps_4q_growth_year": -55.38,
            "roe": -0.67,
            "roe_4q": 1.87,
            "gross_profit": 60682,
            "gross_margin": 99.39,
            "gross_margin_4q_avg": 84.02,
            "net_income": -28146,
            "net_income_4q": null,
            "revenue": 61057,
            "revenue_4q": null,
            "common_shares": 1853422,
            "book_valuer_per_share": 22.06,
            "book_valuer_per_share_4q_avg": 22.62,
            "equity": 4088012,
            "current_ratio": 119.1,
            "debt_ratio": 52.53,
            "inventory_turnover_ratio": 0,
            "account_receivable_turnover_ratio": 2.65,
            "reinvestment_rate": 100.11,
            "research_to_sale_ratio": null,
            "price_fair": 79.27,
            "eps_avg_yearly": 3.23,
            "eps_latest_yearly": 1.76,
            "eps_growth_yearly": 14.58
        },
        "20183": {
            "year_quarter": 20183,
            "year": 2018,
            "quarter": 3,
            "eps": -0.02,
            "eps_growth_year": null,
            "eps_4q": 0.62,
            "eps_4q_growth_year": 742.15,
            "roe": -0.11,
            "roe_4q": 2.74,
            "gross_profit": 74755,
            "gross_margin": 78.72,
            "gross_margin_4q_avg": 87.34,
            "net_income": -4612,
            "net_income_4q": null,
            "revenue": 94963,
            "revenue_4q": null,
            "common_shares": 1853422,
            "book_valuer_per_share": 22.08,
            "book_valuer_per_share_4q_avg": 22.48,
            "equity": 4092000,
            "current_ratio": 145.86,
            "debt_ratio": 51.19,
            "inventory_turnover_ratio": 0.02,
            "account_receivable_turnover_ratio": 3.89,
            "reinvestment_rate": 126.13,
            "research_to_sale_ratio": null,
            "price_fair": 9.93,
            "eps_avg_yearly": 3.31,
            "eps_latest_yearly": 1.76,
            "eps_growth_yearly": -51.91
        },
        "20184": {
            "year_quarter": 20184,
            "year": 2018,
            "quarter": 4,
            "eps": 1.09,
            "eps_growth_year": 201.04,
            "eps_4q": 1.35,
            "eps_4q_growth_year": 12.02,
            "roe": 4.83,
            "roe_4q": 5.97,
            "gross_profit": -1628,
            "gross_margin": -2.79,
            "gross_margin_4q_avg": 68.68,
            "net_income": 201384,
            "net_income_4q": null,
            "revenue": 58363,
            "revenue_4q": null,
            "common_shares": 1853422,
            "book_valuer_per_share": 22.91,
            "book_valuer_per_share_4q_avg": 22.51,
            "equity": 4246589,
            "current_ratio": 251.96,
            "debt_ratio": 44.48,
            "inventory_turnover_ratio": 0.07,
            "account_receivable_turnover_ratio": 2.14,
            "reinvestment_rate": 105.47,
            "research_to_sale_ratio": null,
            "price_fair": 9.78,
            "eps_avg_yearly": 3.26,
            "eps_latest_yearly": 1.76,
            "eps_growth_yearly": -84.8
        },
        "20191": {
            "year_quarter": 20191,
            "year": 2019,
            "quarter": 1,
            "eps": 0.08,
            "eps_growth_year": -81.82,
            "eps_4q": 0.99,
            "eps_4q_growth_year": 11.9,
            "roe": 0.34,
            "roe_4q": 4.39,
            "gross_profit": 56295,
            "gross_margin": 99.98,
            "gross_margin_4q_avg": 68.83,
            "net_income": 14382,
            "net_income_4q": null,
            "revenue": 56307,
            "revenue_4q": null,
            "common_shares": 1853422,
            "book_valuer_per_share": 23.02,
            "book_valuer_per_share_4q_avg": 22.52,
            "equity": 4265778,
            "current_ratio": 235.93,
            "debt_ratio": 44.85,
            "inventory_turnover_ratio": 0,
            "account_receivable_turnover_ratio": 1.96,
            "reinvestment_rate": 85.34,
            "research_to_sale_ratio": null,
            "price_fair": 8.86,
            "eps_avg_yearly": 2.95,
            "eps_latest_yearly": 0.32,
            "eps_growth_yearly": -119.91
        },
        "20192": {
            "year_quarter": 20192,
            "year": 2019,
            "quarter": 2,
            "eps": -0.05,
            "eps_growth_year": null,
            "eps_4q": 1.09,
            "eps_4q_growth_year": 156.88,
            "roe": -0.21,
            "roe_4q": 4.85,
            "gross_profit": 67553,
            "gross_margin": 77.17,
            "gross_margin_4q_avg": 63.27,
            "net_income": -8802,
            "net_income_4q": null,
            "revenue": 87539,
            "revenue_4q": null,
            "common_shares": 1853422,
            "book_valuer_per_share": 21.85,
            "book_valuer_per_share_4q_avg": 22.47,
            "equity": 4050109,
            "current_ratio": 108.74,
            "debt_ratio": 47.17,
            "inventory_turnover_ratio": 0.03,
            "account_receivable_turnover_ratio": 2.86,
            "reinvestment_rate": 83.17,
            "research_to_sale_ratio": null,
            "price_fair": 10.18,
            "eps_avg_yearly": 3.39,
            "eps_latest_yearly": 0.32,
            "eps_growth_yearly": -92.04
        },
        "20193": {
            "year_quarter": 20193,
            "year": 2019,
            "quarter": 3,
            "eps": -0.24,
            "eps_growth_year": null,
            "eps_4q": 0.87,
            "eps_4q_growth_year": 39.94,
            "roe": -1.12,
            "roe_4q": 3.84,
            "gross_profit": 59941,
            "gross_margin": 99.98,
            "gross_margin_4q_avg": 68.59,
            "net_income": -45231,
            "net_income_4q": null,
            "revenue": 59953,
            "revenue_4q": null,
            "common_shares": 1853422,
            "book_valuer_per_share": 21.56,
            "book_valuer_per_share_4q_avg": 22.34,
            "equity": 3996454,
            "current_ratio": 113.34,
            "debt_ratio": 45.23,
            "inventory_turnover_ratio": 0,
            "account_receivable_turnover_ratio": 1.78,
            "reinvestment_rate": 50.54,
            "research_to_sale_ratio": null,
            "price_fair": 10.18,
            "eps_avg_yearly": 3.39,
            "eps_latest_yearly": 0.32,
            "eps_growth_yearly": -92.04
        },
        "20194": {
            "year_quarter": 20194,
            "year": 2019,
            "quarter": 4,
            "eps": -0.51,
            "eps_growth_year": -146.71,
            "eps_4q": -0.72,
            "eps_4q_growth_year": -153.48,
            "roe": -2.38,
            "roe_4q": -3.37,
            "gross_profit": 52865,
            "gross_margin": 95.97,
            "gross_margin_4q_avg": 93.28,
            "net_income": -94075,
            "net_income_4q": null,
            "revenue": 55086,
            "revenue_4q": null,
            "common_shares": 1853422,
            "book_valuer_per_share": 21.09,
            "book_valuer_per_share_4q_avg": 21.88,
            "equity": 3908005,
            "current_ratio": 115.4,
            "debt_ratio": 45.3,
            "inventory_turnover_ratio": 0,
            "account_receivable_turnover_ratio": 1.64,
            "reinvestment_rate": 7.09,
            "research_to_sale_ratio": null,
            "price_fair": 10.18,
            "eps_avg_yearly": 3.39,
            "eps_latest_yearly": 0.32,
            "eps_growth_yearly": -92.04
        },
        "20201": {
            "year_quarter": 20201,
            "year": 2020,
            "quarter": 1,
            "eps": -0.17,
            "eps_growth_year": -312.5,
            "eps_4q": -0.97,
            "eps_4q_growth_year": -198.5,
            "roe": -0.82,
            "roe_4q": -4.53,
            "gross_profit": 43733,
            "gross_margin": 87.54,
            "gross_margin_4q_avg": 90.17,
            "net_income": -32152,
            "net_income_4q": null,
            "revenue": 49956,
            "revenue_4q": null,
            "common_shares": 1853422,
            "book_valuer_per_share": 21.02,
            "book_valuer_per_share_4q_avg": 21.38,
            "equity": 3895113,
            "current_ratio": 112.91,
            "debt_ratio": 45.41,
            "inventory_turnover_ratio": 0.01,
            "account_receivable_turnover_ratio": 1.54,
            "reinvestment_rate": -12.59,
            "research_to_sale_ratio": null,
            "price_fair": 10.18,
            "eps_avg_yearly": 3.39,
            "eps_latest_yearly": 0.32,
            "eps_growth_yearly": -92.04
        },
        "20202": {
            "year_quarter": 20202,
            "year": 2020,
            "quarter": 2,
            "eps": -0.85,
            "eps_growth_year": null,
            "eps_4q": -1.78,
            "eps_4q_growth_year": -262.64,
            "roe": -4.19,
            "roe_4q": -8.510000000000002,
            "gross_profit": 41933,
            "gross_margin": 67.25,
            "gross_margin_4q_avg": 87.69,
            "net_income": -157657,
            "net_income_4q": null,
            "revenue": 62352,
            "revenue_4q": null,
            "common_shares": 1853422,
            "book_valuer_per_share": 19.54,
            "book_valuer_per_share_4q_avg": 20.8,
            "equity": 3622096,
            "current_ratio": 121.58,
            "debt_ratio": 46.36,
            "inventory_turnover_ratio": 0.03,
            "account_receivable_turnover_ratio": 1.92,
            "reinvestment_rate": -1565.62,
            "research_to_sale_ratio": null,
            "price_fair": 4.17,
            "eps_avg_yearly": 1.39,
            "eps_latest_yearly": 0.32,
            "eps_growth_yearly": -210.26
        },
        "20203": {
            "year_quarter": 20203,
            "year": 2020,
            "quarter": 3,
            "eps": 0,
            "eps_growth_year": null,
            "eps_4q": -1.53,
            "eps_4q_growth_year": -275.77,
            "roe": -0.01,
            "roe_4q": -7.4,
            "gross_profit": 9045,
            "gross_margin": 18.4,
            "gross_margin_4q_avg": 67.29,
            "net_income": -396,
            "net_income_4q": null,
            "revenue": 49169,
            "revenue_4q": null,
            "common_shares": 1853422,
            "book_valuer_per_share": 19.01,
            "book_valuer_per_share_4q_avg": 20.17,
            "equity": 3522737,
            "current_ratio": 123.49,
            "debt_ratio": 46.66,
            "inventory_turnover_ratio": 0.05,
            "account_receivable_turnover_ratio": 1.41,
            "reinvestment_rate": -36957.06,
            "research_to_sale_ratio": null,
            "price_fair": 3.16,
            "eps_avg_yearly": 1.05,
            "eps_latest_yearly": 0.32,
            "eps_growth_yearly": -175.08
        },
        "20204": {
            "year_quarter": 20204,
            "year": 2020,
            "quarter": 4,
            "eps": -0.83,
            "eps_growth_year": null,
            "eps_4q": -1.85,
            "eps_4q_growth_year": null,
            "roe": -4.3,
            "roe_4q": -9.32,
            "gross_profit": -202280,
            "gross_margin": 143.35,
            "gross_margin_4q_avg": 79.14,
            "net_income": -153527,
            "net_income_4q": null,
            "revenue": -141107,
            "revenue_4q": null,
            "common_shares": 1853422,
            "book_valuer_per_share": 19.13,
            "book_valuer_per_share_4q_avg": 19.68,
            "equity": 3617737,
            "current_ratio": 171.66,
            "debt_ratio": 49.83,
            "inventory_turnover_ratio": 0.09,
            "account_receivable_turnover_ratio": -2.22,
            "reinvestment_rate": null,
            "research_to_sale_ratio": null,
            "price_fair": 3.16,
            "eps_avg_yearly": 1.05,
            "eps_latest_yearly": 0.32,
            "eps_growth_yearly": -175.08
        },
        "20211": {
            "year_quarter": 20211,
            "year": 2021,
            "quarter": 1,
            "eps": -0.21,
            "eps_growth_year": null,
            "eps_4q": -1.89,
            "eps_4q_growth_year": null,
            "roe": -1.21,
            "roe_4q": -9.71,
            "gross_profit": 11553,
            "gross_margin": 31.72,
            "gross_margin_4q_avg": 65.18,
            "net_income": -43496,
            "net_income_4q": null,
            "revenue": 36421,
            "revenue_4q": null,
            "common_shares": 1853422,
            "book_valuer_per_share": 18.99,
            "book_valuer_per_share_4q_avg": 19.17,
            "equity": 3587421,
            "current_ratio": 170.78,
            "debt_ratio": 49.61,
            "inventory_turnover_ratio": 0.04,
            "account_receivable_turnover_ratio": 0.44,
            "reinvestment_rate": null,
            "research_to_sale_ratio": null,
            "price_fair": 3.16,
            "eps_avg_yearly": 1.05,
            "eps_latest_yearly": 0.32,
            "eps_growth_yearly": -175.08
        },
        "20212": {
            "year_quarter": 20212,
            "year": 2021,
            "quarter": 2,
            "eps": 0.64,
            "eps_growth_year": null,
            "eps_4q": -0.4,
            "eps_4q_growth_year": null,
            "roe": 3.16,
            "roe_4q": -2.3599999999999994,
            "gross_profit": 9805,
            "gross_margin": 24.29,
            "gross_margin_4q_avg": 54.44,
            "net_income": 113242,
            "net_income_4q": null,
            "revenue": 40374,
            "revenue_4q": null,
            "common_shares": 1853422,
            "book_valuer_per_share": 18.94,
            "book_valuer_per_share_4q_avg": 19.02,
            "equity": 3574595,
            "current_ratio": 1185.77,
            "debt_ratio": 16.34,
            "inventory_turnover_ratio": 0.05,
            "account_receivable_turnover_ratio": 0.56,
            "reinvestment_rate": null,
            "research_to_sale_ratio": null,
            "price_fair": 3.12,
            "eps_avg_yearly": 1.04,
            "eps_latest_yearly": 0.32,
            "eps_growth_yearly": -140.88
        },
        "20213": {
            "year_quarter": 20213,
            "year": 2021,
            "quarter": 3,
            "eps": 0.06,
            "eps_growth_year": null,
            "eps_4q": -0.34,
            "eps_4q_growth_year": null,
            "roe": 0.43,
            "roe_4q": -1.9199999999999995,
            "gross_profit": 31921,
            "gross_margin": 37.54,
            "gross_margin_4q_avg": 59.23,
            "net_income": 15255,
            "net_income_4q": null,
            "revenue": 85021,
            "revenue_4q": null,
            "common_shares": 1853422,
            "book_valuer_per_share": 18.31,
            "book_valuer_per_share_4q_avg": 18.84,
            "equity": 3461542,
            "current_ratio": 1011.42,
            "debt_ratio": 12.99,
            "inventory_turnover_ratio": 0.08,
            "account_receivable_turnover_ratio": 1.18,
            "reinvestment_rate": null,
            "research_to_sale_ratio": null,
            "price_fair": 2.32,
            "eps_avg_yearly": 0.77,
            "eps_latest_yearly": 0.24,
            "eps_growth_yearly": -214.75
        },
        "20214": {
            "year_quarter": 20214,
            "year": 2021,
            "quarter": 4,
            "eps": -0.04,
            "eps_growth_year": null,
            "eps_4q": 0.44,
            "eps_4q_growth_year": null,
            "roe": -0.11,
            "roe_4q": 2.27,
            "gross_profit": 18192,
            "gross_margin": 24.22,
            "gross_margin_4q_avg": 29.44,
            "net_income": -3737,
            "net_income_4q": null,
            "revenue": 75115,
            "revenue_4q": null,
            "common_shares": 1853422,
            "book_valuer_per_share": 18.38,
            "book_valuer_per_share_4q_avg": 18.66,
            "equity": 3479559,
            "current_ratio": 795.62,
            "debt_ratio": 10.23,
            "inventory_turnover_ratio": 0.09,
            "account_receivable_turnover_ratio": 1.23,
            "reinvestment_rate": null,
            "research_to_sale_ratio": null,
            "price_fair": 2.32,
            "eps_avg_yearly": 0.77,
            "eps_latest_yearly": 0.24,
            "eps_growth_yearly": -214.75
        },
        "20221": {
            "year_quarter": 20221,
            "year": 2022,
            "quarter": 1,
            "eps": -0.19,
            "eps_growth_year": null,
            "eps_4q": 0.47,
            "eps_4q_growth_year": null,
            "roe": -1.01,
            "roe_4q": 2.4699999999999998,
            "gross_profit": 12795,
            "gross_margin": 23.09,
            "gross_margin_4q_avg": 27.29,
            "net_income": -36291,
            "net_income_4q": null,
            "revenue": 55420,
            "revenue_4q": null,
            "common_shares": 1853422,
            "book_valuer_per_share": 19.5,
            "book_valuer_per_share_4q_avg": 18.78,
            "equity": 3685251,
            "current_ratio": 711.46,
            "debt_ratio": 21.14,
            "inventory_turnover_ratio": 0.07,
            "account_receivable_turnover_ratio": 1.33,
            "reinvestment_rate": null,
            "research_to_sale_ratio": null,
            "price_fair": 0.84,
            "eps_avg_yearly": 0.28,
            "eps_latest_yearly": 0.24,
            "eps_growth_yearly": -366.57
        },
        "20222": {
            "year_quarter": 20222,
            "year": 2022,
            "quarter": 2,
            "eps": 0.36,
            "eps_growth_year": -43.75,
            "eps_4q": 0.18,
            "eps_4q_growth_year": null,
            "roe": 1.75,
            "roe_4q": 1.06,
            "gross_profit": 15019,
            "gross_margin": 19.54,
            "gross_margin_4q_avg": 26.1,
            "net_income": 64657,
            "net_income_4q": null,
            "revenue": 76861,
            "revenue_4q": null,
            "common_shares": 1853422,
            "book_valuer_per_share": 19.51,
            "book_valuer_per_share_4q_avg": 18.93,
            "equity": 3683858,
            "current_ratio": 820.74,
            "debt_ratio": 20.11,
            "inventory_turnover_ratio": 0.1,
            "account_receivable_turnover_ratio": 2.24,
            "reinvestment_rate": null,
            "research_to_sale_ratio": null,
            "price_fair": 0.84,
            "eps_avg_yearly": 0.28,
            "eps_latest_yearly": 0.24,
            "eps_growth_yearly": -366.57
        },
        "20223": {
            "year_quarter": 20223,
            "year": 2022,
            "quarter": 3,
            "eps": 0.38,
            "eps_growth_year": 533.33,
            "eps_4q": 0.51,
            "eps_4q_growth_year": null,
            "roe": 2.05,
            "roe_4q": 2.68,
            "gross_profit": 27911,
            "gross_margin": 43.08,
            "gross_margin_4q_avg": 27.48,
            "net_income": 75267,
            "net_income_4q": null,
            "revenue": 64795,
            "revenue_4q": null,
            "common_shares": 1853422,
            "book_valuer_per_share": 19.37,
            "book_valuer_per_share_4q_avg": 19.19,
            "equity": 3655183,
            "current_ratio": 1323.46,
            "debt_ratio": 17.88,
            "inventory_turnover_ratio": 0.06,
            "account_receivable_turnover_ratio": 2.28,
            "reinvestment_rate": null,
            "research_to_sale_ratio": null,
            "price_fair": 2.08,
            "eps_avg_yearly": 0.69,
            "eps_latest_yearly": 1.52,
            "eps_growth_yearly": -236.97
        },
        "20224": {
            "year_quarter": 20224,
            "year": 2022,
            "quarter": 4,
            "eps": -0.04,
            "eps_growth_year": null,
            "eps_4q": 0.51,
            "eps_4q_growth_year": 15.39,
            "roe": -0.2,
            "roe_4q": 2.59,
            "gross_profit": 10818,
            "gross_margin": 20.68,
            "gross_margin_4q_avg": 26.6,
            "net_income": -7377,
            "net_income_4q": null,
            "revenue": 52315,
            "revenue_4q": null,
            "common_shares": 1853422,
            "book_valuer_per_share": 19.48,
            "book_valuer_per_share_4q_avg": 19.47,
            "equity": 3677089,
            "current_ratio": 1094.74,
            "debt_ratio": 18.17,
            "inventory_turnover_ratio": 0.06,
            "account_receivable_turnover_ratio": 2.25,
            "reinvestment_rate": null,
            "research_to_sale_ratio": null,
            "price_fair": 2.08,
            "eps_avg_yearly": 0.69,
            "eps_latest_yearly": 1.52,
            "eps_growth_yearly": -236.97
        },
        "20231": {
            "year_quarter": 20231,
            "year": 2023,
            "quarter": 1,
            "eps": -0.01,
            "eps_growth_year": null,
            "eps_4q": 0.69,
            "eps_4q_growth_year": 47.55,
            "roe": -0.03,
            "roe_4q": 3.57,
            "gross_profit": 24073,
            "gross_margin": 30.38,
            "gross_margin_4q_avg": 28.42,
            "net_income": -973,
            "net_income_4q": null,
            "revenue": 79230,
            "revenue_4q": null,
            "common_shares": 1853422,
            "book_valuer_per_share": 19.36,
            "book_valuer_per_share_4q_avg": 19.43,
            "equity": 3656044,
            "current_ratio": 992.39,
            "debt_ratio": 18.47,
            "inventory_turnover_ratio": 0.09,
            "account_receivable_turnover_ratio": 3.5,
            "reinvestment_rate": null,
            "research_to_sale_ratio": null,
            "price_fair": 2.64,
            "eps_avg_yearly": 0.88,
            "eps_latest_yearly": 1.52,
            "eps_growth_yearly": -170.14
        },
        "20232": {
            "year_quarter": 20232,
            "year": 2023,
            "quarter": 2,
            "eps": 0.01,
            "eps_growth_year": -97.22,
            "eps_4q": 0.34,
            "eps_4q_growth_year": 85.99,
            "roe": 0.15,
            "roe_4q": 1.9699999999999998,
            "gross_profit": 24933,
            "gross_margin": 39.5,
            "gross_margin_4q_avg": 33.41,
            "net_income": 5433,
            "net_income_4q": null,
            "revenue": 63124,
            "revenue_4q": null,
            "common_shares": 1853422,
            "book_valuer_per_share": 19.76,
            "book_valuer_per_share_4q_avg": 19.49,
            "equity": 3727322,
            "current_ratio": 559.06,
            "debt_ratio": 19.45,
            "inventory_turnover_ratio": 0.06,
            "account_receivable_turnover_ratio": 2.55,
            "reinvestment_rate": null,
            "research_to_sale_ratio": null,
            "price_fair": 2.64,
            "eps_avg_yearly": 0.88,
            "eps_latest_yearly": 1.52,
            "eps_growth_yearly": -170.14
        },
        "20233": {
            "year_quarter": 20233,
            "year": 2023,
            "quarter": 3,
            "eps": 0.64,
            "eps_growth_year": 68.42,
            "eps_4q": 0.59,
            "eps_4q_growth_year": 16,
            "roe": 3.28,
            "roe_4q": 3.1999999999999997,
            "gross_profit": 24998,
            "gross_margin": 35.76,
            "gross_margin_4q_avg": 31.58,
            "net_income": 120634,
            "net_income_4q": null,
            "revenue": 69900,
            "revenue_4q": null,
            "common_shares": 1853422,
            "book_valuer_per_share": 19.24,
            "book_valuer_per_share_4q_avg": 19.46,
            "equity": 3632561,
            "current_ratio": 778.22,
            "debt_ratio": 18.97,
            "inventory_turnover_ratio": 0.07,
            "account_receivable_turnover_ratio": 2.44,
            "reinvestment_rate": null,
            "research_to_sale_ratio": null,
            "price_fair": 50.4,
            "eps_avg_yearly": 1.44,
            "eps_latest_yearly": 2.56,
            "eps_growth_yearly": 8286.57
        }
    },
    "months": {
        "2001-06": {
            "month": "2001-06",
            "price": "2.36",
            "revenue": 216734
        },
        "2001-07": {
            "month": "2001-07",
            "price": "2.06",
            "revenue": 126406
        },
        "2001-08": {
            "month": "2001-08",
            "price": "2.21",
            "revenue": 149306
        },
        "2001-09": {
            "month": "2001-09",
            "price": "2.07",
            "revenue": 188656
        },
        "2001-10": {
            "month": "2001-10",
            "price": "1.86",
            "revenue": 133060
        },
        "2001-11": {
            "month": "2001-11",
            "price": "1.89",
            "revenue": 220753
        },
        "2001-12": {
            "month": "2001-12",
            "price": "2.12",
            "revenue": 221111
        },
        "2002-01": {
            "month": "2002-01",
            "price": "3.47",
            "revenue": 195962
        },
        "2002-02": {
            "month": "2002-02",
            "price": "4.82",
            "revenue": 247870
        },
        "2002-03": {
            "month": "2002-03",
            "price": "5.10",
            "revenue": 343338
        },
        "2002-04": {
            "month": "2002-04",
            "price": "6.03",
            "revenue": 253730
        },
        "2002-05": {
            "month": "2002-05",
            "price": "4.50",
            "revenue": 179459
        },
        "2002-06": {
            "month": "2002-06",
            "price": "4.26",
            "revenue": 474232
        },
        "2002-07": {
            "month": "2002-07",
            "price": "4.09",
            "revenue": 567501
        },
        "2002-08": {
            "month": "2002-08",
            "price": "3.63",
            "revenue": 132807
        },
        "2002-09": {
            "month": "2002-09",
            "price": "2.94",
            "revenue": 202078
        },
        "2002-10": {
            "month": "2002-10",
            "price": "2.67",
            "revenue": 103581
        },
        "2002-11": {
            "month": "2002-11",
            "price": "3.18",
            "revenue": 194649
        },
        "2002-12": {
            "month": "2002-12",
            "price": "3.39",
            "revenue": 262156
        },
        "2003-01": {
            "month": "2003-01",
            "price": "4.41",
            "revenue": 169718
        },
        "2003-02": {
            "month": "2003-02",
            "price": "3.94",
            "revenue": 209958
        },
        "2003-03": {
            "month": "2003-03",
            "price": "3.19",
            "revenue": 451647
        },
        "2003-04": {
            "month": "2003-04",
            "price": "3.02",
            "revenue": 172940
        },
        "2003-05": {
            "month": "2003-05",
            "price": "2.56",
            "revenue": 142426
        },
        "2003-06": {
            "month": "2003-06",
            "price": "3.02",
            "revenue": 362915
        },
        "2003-07": {
            "month": "2003-07",
            "price": "3.37",
            "revenue": 384082
        },
        "2003-08": {
            "month": "2003-08",
            "price": "3.25",
            "revenue": 195286
        },
        "2003-09": {
            "month": "2003-09",
            "price": "3.21",
            "revenue": 242234
        },
        "2003-10": {
            "month": "2003-10",
            "price": "3.51",
            "revenue": 171231
        },
        "2003-11": {
            "month": "2003-11",
            "price": "3.69",
            "revenue": 134757
        },
        "2003-12": {
            "month": "2003-12",
            "price": "3.63",
            "revenue": 328199
        },
        "2004-01": {
            "month": "2004-01",
            "price": "4.03",
            "revenue": 110335
        },
        "2004-02": {
            "month": "2004-02",
            "price": "5.87",
            "revenue": 136330
        },
        "2004-03": {
            "month": "2004-03",
            "price": "5.47",
            "revenue": 366743
        },
        "2004-04": {
            "month": "2004-04",
            "price": "4.97",
            "revenue": 177748
        },
        "2004-05": {
            "month": "2004-05",
            "price": "4.08",
            "revenue": 179558
        },
        "2004-06": {
            "month": "2004-06",
            "price": "4.45",
            "revenue": 377950
        },
        "2004-07": {
            "month": "2004-07",
            "price": "3.97",
            "revenue": 150386
        },
        "2004-08": {
            "month": "2004-08",
            "price": "3.78",
            "revenue": 169547
        },
        "2004-09": {
            "month": "2004-09",
            "price": "3.99",
            "revenue": 335913
        },
        "2004-10": {
            "month": "2004-10",
            "price": "3.89",
            "revenue": 141519
        },
        "2004-11": {
            "month": "2004-11",
            "price": "3.91",
            "revenue": 97788
        },
        "2004-12": {
            "month": "2004-12",
            "price": "4.29",
            "revenue": 263948
        },
        "2005-01": {
            "month": "2005-01",
            "price": "4.79",
            "revenue": 96965
        },
        "2005-02": {
            "month": "2005-02",
            "price": "4.34",
            "revenue": 87031
        },
        "2005-03": {
            "month": "2005-03",
            "price": "4.17",
            "revenue": 315920
        },
        "2005-04": {
            "month": "2005-04",
            "price": "3.53",
            "revenue": 129950
        },
        "2005-05": {
            "month": "2005-05",
            "price": "3.35",
            "revenue": 146669
        },
        "2005-06": {
            "month": "2005-06",
            "price": "3.84",
            "revenue": 142352
        },
        "2005-07": {
            "month": "2005-07",
            "price": "3.73",
            "revenue": 103557
        },
        "2005-08": {
            "month": "2005-08",
            "price": "3.65",
            "revenue": 131534
        },
        "2005-09": {
            "month": "2005-09",
            "price": "3.38",
            "revenue": 106180
        },
        "2005-10": {
            "month": "2005-10",
            "price": "3.25",
            "revenue": 112953
        },
        "2005-11": {
            "month": "2005-11",
            "price": "3.46",
            "revenue": 84059
        },
        "2005-12": {
            "month": "2005-12",
            "price": "3.98",
            "revenue": 92781
        },
        "2006-01": {
            "month": "2006-01",
            "price": "4.17",
            "revenue": 90303
        },
        "2006-02": {
            "month": "2006-02",
            "price": "3.98",
            "revenue": 70572
        },
        "2006-03": {
            "month": "2006-03",
            "price": "3.46",
            "revenue": 128570
        },
        "2006-04": {
            "month": "2006-04",
            "price": "4.10",
            "revenue": 80758
        },
        "2006-05": {
            "month": "2006-05",
            "price": "5.08",
            "revenue": 89930
        },
        "2006-06": {
            "month": "2006-06",
            "price": "4.39",
            "revenue": 85796
        },
        "2006-07": {
            "month": "2006-07",
            "price": "4.17",
            "revenue": 67067
        },
        "2006-08": {
            "month": "2006-08",
            "price": "4.08",
            "revenue": 36836
        },
        "2006-09": {
            "month": "2006-09",
            "price": "4.17",
            "revenue": 49355
        },
        "2006-10": {
            "month": "2006-10",
            "price": "5.41",
            "revenue": 53460
        },
        "2006-11": {
            "month": "2006-11",
            "price": "6.75",
            "revenue": 38606
        },
        "2006-12": {
            "month": "2006-12",
            "price": "8.72",
            "revenue": 41126
        },
        "2007-01": {
            "month": "2007-01",
            "price": "9.36",
            "revenue": 42586
        },
        "2007-02": {
            "month": "2007-02",
            "price": "9.71",
            "revenue": 30817
        },
        "2007-03": {
            "month": "2007-03",
            "price": "10.20",
            "revenue": 35127
        },
        "2007-04": {
            "month": "2007-04",
            "price": "10.17",
            "revenue": 20240
        },
        "2007-05": {
            "month": "2007-05",
            "price": "9.31",
            "revenue": 25961
        },
        "2007-06": {
            "month": "2007-06",
            "price": "9.96",
            "revenue": 19384
        },
        "2007-07": {
            "month": "2007-07",
            "price": "12.42",
            "revenue": 24889
        },
        "2007-08": {
            "month": "2007-08",
            "price": "10.07",
            "revenue": 37132
        },
        "2007-09": {
            "month": "2007-09",
            "price": "10.72",
            "revenue": 25723
        },
        "2007-10": {
            "month": "2007-10",
            "price": "10.48",
            "revenue": 34937
        },
        "2007-11": {
            "month": "2007-11",
            "price": "9.04",
            "revenue": 39381
        },
        "2007-12": {
            "month": "2007-12",
            "price": "7.96",
            "revenue": 35252
        },
        "2008-01": {
            "month": "2008-01",
            "price": "8.44",
            "revenue": 47642
        },
        "2008-02": {
            "month": "2008-02",
            "price": "9.64",
            "revenue": 27701
        },
        "2008-03": {
            "month": "2008-03",
            "price": "11.11",
            "revenue": 40297
        },
        "2008-04": {
            "month": "2008-04",
            "price": "11.63",
            "revenue": 28562
        },
        "2008-05": {
            "month": "2008-05",
            "price": "11.61",
            "revenue": 17168
        },
        "2008-06": {
            "month": "2008-06",
            "price": "9.15",
            "revenue": 17622
        },
        "2008-07": {
            "month": "2008-07",
            "price": "7.40",
            "revenue": 28323
        },
        "2008-08": {
            "month": "2008-08",
            "price": "6.86",
            "revenue": 16826
        },
        "2008-09": {
            "month": "2008-09",
            "price": "4.76",
            "revenue": 25221
        },
        "2008-10": {
            "month": "2008-10",
            "price": "4.25",
            "revenue": 32648
        },
        "2008-11": {
            "month": "2008-11",
            "price": "4.74",
            "revenue": 27220
        },
        "2008-12": {
            "month": "2008-12",
            "price": "4.71",
            "revenue": 21146
        },
        "2009-01": {
            "month": "2009-01",
            "price": "4.27",
            "revenue": 31154
        },
        "2009-02": {
            "month": "2009-02",
            "price": "3.94",
            "revenue": 20729
        },
        "2009-03": {
            "month": "2009-03",
            "price": "4.41",
            "revenue": 17957
        },
        "2009-04": {
            "month": "2009-04",
            "price": "5.10",
            "revenue": 15560
        },
        "2009-05": {
            "month": "2009-05",
            "price": "6.71",
            "revenue": 14758
        },
        "2009-06": {
            "month": "2009-06",
            "price": "7.10",
            "revenue": 14941
        },
        "2009-07": {
            "month": "2009-07",
            "price": "7.00",
            "revenue": 19083
        },
        "2009-08": {
            "month": "2009-08",
            "price": "6.98",
            "revenue": 29196
        },
        "2009-09": {
            "month": "2009-09",
            "price": "7.38",
            "revenue": 18161
        },
        "2009-10": {
            "month": "2009-10",
            "price": "8.12",
            "revenue": 21895
        },
        "2009-11": {
            "month": "2009-11",
            "price": "8.41",
            "revenue": 23428
        },
        "2009-12": {
            "month": "2009-12",
            "price": "10.43",
            "revenue": 21559
        },
        "2010-01": {
            "month": "2010-01",
            "price": "10.73",
            "revenue": 32457
        },
        "2010-02": {
            "month": "2010-02",
            "price": "9.58",
            "revenue": 21499
        },
        "2010-03": {
            "month": "2010-03",
            "price": "10.09",
            "revenue": 15285
        },
        "2010-04": {
            "month": "2010-04",
            "price": "9.23",
            "revenue": 34459
        },
        "2010-05": {
            "month": "2010-05",
            "price": "7.88",
            "revenue": 10450
        },
        "2010-06": {
            "month": "2010-06",
            "price": "7.92",
            "revenue": 13457
        },
        "2010-07": {
            "month": "2010-07",
            "price": "7.92",
            "revenue": 13619
        },
        "2010-08": {
            "month": "2010-08",
            "price": "8.54",
            "revenue": 33322
        },
        "2010-09": {
            "month": "2010-09",
            "price": "9.13",
            "revenue": 11805
        },
        "2010-10": {
            "month": "2010-10",
            "price": "14.00",
            "revenue": 18258
        },
        "2010-11": {
            "month": "2010-11",
            "price": "14.42",
            "revenue": 23143
        },
        "2010-12": {
            "month": "2010-12",
            "price": "14.65",
            "revenue": 25923
        },
        "2011-01": {
            "month": "2011-01",
            "price": "14.68",
            "revenue": 12971
        },
        "2011-02": {
            "month": "2011-02",
            "price": "13.70",
            "revenue": 8780
        },
        "2011-03": {
            "month": "2011-03",
            "price": "12.21",
            "revenue": 7964
        },
        "2011-04": {
            "month": "2011-04",
            "price": "12.24",
            "revenue": 17211
        },
        "2011-05": {
            "month": "2011-05",
            "price": "12.58",
            "revenue": 19517
        },
        "2011-06": {
            "month": "2011-06",
            "price": "12.11",
            "revenue": 15736
        },
        "2011-07": {
            "month": "2011-07",
            "price": "12.45",
            "revenue": 12151
        },
        "2011-08": {
            "month": "2011-08",
            "price": "10.91",
            "revenue": 12001
        },
        "2011-09": {
            "month": "2011-09",
            "price": "10.59",
            "revenue": 11954
        },
        "2011-10": {
            "month": "2011-10",
            "price": "9.98",
            "revenue": 35517
        },
        "2011-11": {
            "month": "2011-11",
            "price": "9.48",
            "revenue": 17751
        },
        "2011-12": {
            "month": "2011-12",
            "price": "9.54",
            "revenue": 15745
        },
        "2012-01": {
            "month": "2012-01",
            "price": "10.31",
            "revenue": 13679
        },
        "2012-02": {
            "month": "2012-02",
            "price": "11.71",
            "revenue": 27823
        },
        "2012-03": {
            "month": "2012-03",
            "price": "13.88",
            "revenue": 31051
        },
        "2012-04": {
            "month": "2012-04",
            "price": "13.26",
            "revenue": 1487741
        },
        "2012-05": {
            "month": "2012-05",
            "price": "13.48",
            "revenue": 10135
        },
        "2012-06": {
            "month": "2012-06",
            "price": "13.01",
            "revenue": 34229
        },
        "2012-07": {
            "month": "2012-07",
            "price": "13.24",
            "revenue": 24905
        },
        "2012-08": {
            "month": "2012-08",
            "price": "14.75",
            "revenue": 11314
        },
        "2012-09": {
            "month": "2012-09",
            "price": "17.34",
            "revenue": 41188
        },
        "2012-10": {
            "month": "2012-10",
            "price": "17.54",
            "revenue": 72440
        },
        "2012-11": {
            "month": "2012-11",
            "price": "17.14",
            "revenue": 24633
        },
        "2012-12": {
            "month": "2012-12",
            "price": "17.41",
            "revenue": 28766
        },
        "2013-01": {
            "month": "2013-01",
            "price": "17.44",
            "revenue": 13942
        },
        "2013-02": {
            "month": "2013-02",
            "price": "17.48",
            "revenue": 12981
        },
        "2013-03": {
            "month": "2013-03",
            "price": "17.89",
            "revenue": 10795
        },
        "2013-04": {
            "month": "2013-04",
            "price": "18.09",
            "revenue": 18507
        },
        "2013-05": {
            "month": "2013-05",
            "price": "17.40",
            "revenue": 46865
        },
        "2013-06": {
            "month": "2013-06",
            "price": "16.82",
            "revenue": 41964
        },
        "2013-07": {
            "month": "2013-07",
            "price": "16.35",
            "revenue": 46612
        },
        "2013-08": {
            "month": "2013-08",
            "price": "15.60",
            "revenue": 65083
        },
        "2013-09": {
            "month": "2013-09",
            "price": "15.90",
            "revenue": 11327
        },
        "2013-10": {
            "month": "2013-10",
            "price": "17.29",
            "revenue": 34326
        },
        "2013-11": {
            "month": "2013-11",
            "price": "19.38",
            "revenue": 12571
        },
        "2013-12": {
            "month": "2013-12",
            "price": "19.43",
            "revenue": 15747
        },
        "2014-01": {
            "month": "2014-01",
            "price": "19.30",
            "revenue": 15826
        },
        "2014-02": {
            "month": "2014-02",
            "price": "19.14",
            "revenue": 9865
        },
        "2014-03": {
            "month": "2014-03",
            "price": "19.32",
            "revenue": 13884
        },
        "2014-04": {
            "month": "2014-04",
            "price": "20.05",
            "revenue": 15778
        },
        "2014-05": {
            "month": "2014-05",
            "price": "19.84",
            "revenue": 12204
        },
        "2014-06": {
            "month": "2014-06",
            "price": "19.92",
            "revenue": 17211
        },
        "2014-07": {
            "month": "2014-07",
            "price": "19.21",
            "revenue": 15956
        },
        "2014-08": {
            "month": "2014-08",
            "price": "18.92",
            "revenue": 16588
        },
        "2014-09": {
            "month": "2014-09",
            "price": "16.83",
            "revenue": 33950
        },
        "2014-10": {
            "month": "2014-10",
            "price": "16.50",
            "revenue": 19035
        },
        "2014-11": {
            "month": "2014-11",
            "price": "16.41",
            "revenue": 38931
        },
        "2014-12": {
            "month": "2014-12",
            "price": "16.92",
            "revenue": 980391
        },
        "2015-01": {
            "month": "2015-01",
            "price": "17.93",
            "revenue": 706889
        },
        "2015-02": {
            "month": "2015-02",
            "price": "17.85",
            "revenue": 70984
        },
        "2015-03": {
            "month": "2015-03",
            "price": "18.67",
            "revenue": 91753
        },
        "2015-04": {
            "month": "2015-04",
            "price": "17.88",
            "revenue": 15121
        },
        "2015-05": {
            "month": "2015-05",
            "price": "17.18",
            "revenue": 153694
        },
        "2015-06": {
            "month": "2015-06",
            "price": "16.21",
            "revenue": 15493
        },
        "2015-07": {
            "month": "2015-07",
            "price": "16.36",
            "revenue": 12383
        },
        "2015-08": {
            "month": "2015-08",
            "price": "15.79",
            "revenue": 13185
        },
        "2015-09": {
            "month": "2015-09",
            "price": "15.95",
            "revenue": 14512
        },
        "2015-10": {
            "month": "2015-10",
            "price": "16.93",
            "revenue": 171787
        },
        "2015-11": {
            "month": "2015-11",
            "price": "18.31",
            "revenue": 21591
        },
        "2015-12": {
            "month": "2015-12",
            "price": "18.25",
            "revenue": 24611
        },
        "2016-01": {
            "month": "2016-01",
            "price": "17.41",
            "revenue": 20531
        },
        "2016-02": {
            "month": "2016-02",
            "price": "17.71",
            "revenue": 587688
        },
        "2016-03": {
            "month": "2016-03",
            "price": "18.43",
            "revenue": 1413184
        },
        "2016-04": {
            "month": "2016-04",
            "price": "19.35",
            "revenue": 534008
        },
        "2016-05": {
            "month": "2016-05",
            "price": "19.11",
            "revenue": 609508
        },
        "2016-06": {
            "month": "2016-06",
            "price": "19.32",
            "revenue": 191986
        },
        "2016-07": {
            "month": "2016-07",
            "price": "19.66",
            "revenue": 72965
        },
        "2016-08": {
            "month": "2016-08",
            "price": "20.85",
            "revenue": 51052
        },
        "2016-09": {
            "month": "2016-09",
            "price": "22.22",
            "revenue": 15184
        },
        "2016-10": {
            "month": "2016-10",
            "price": "25.52",
            "revenue": 27400
        },
        "2016-11": {
            "month": "2016-11",
            "price": "25.40",
            "revenue": 22594
        },
        "2016-12": {
            "month": "2016-12",
            "price": "25.09",
            "revenue": 120869
        },
        "2017-01": {
            "month": "2017-01",
            "price": "26.28",
            "revenue": 32110
        },
        "2017-02": {
            "month": "2017-02",
            "price": "27.30",
            "revenue": 25619
        },
        "2017-03": {
            "month": "2017-03",
            "price": "28.11",
            "revenue": 1004825
        },
        "2017-04": {
            "month": "2017-04",
            "price": "28.22",
            "revenue": 810351
        },
        "2017-05": {
            "month": "2017-05",
            "price": "27.69",
            "revenue": 122803
        },
        "2017-06": {
            "month": "2017-06",
            "price": "27.82",
            "revenue": 45915
        },
        "2017-07": {
            "month": "2017-07",
            "price": "26.68",
            "revenue": 32876
        },
        "2017-08": {
            "month": "2017-08",
            "price": "21.77",
            "revenue": 45016
        },
        "2017-09": {
            "month": "2017-09",
            "price": "21.42",
            "revenue": 30358
        },
        "2017-10": {
            "month": "2017-10",
            "price": "21.36",
            "revenue": 31927
        },
        "2017-11": {
            "month": "2017-11",
            "price": "19.18",
            "revenue": 32485
        },
        "2017-12": {
            "month": "2017-12",
            "price": "16.72",
            "revenue": 31559
        },
        "2018-01": {
            "month": "2018-01",
            "price": "16.85",
            "revenue": 19876
        },
        "2018-02": {
            "month": "2018-02",
            "price": "15.67",
            "revenue": 19525
        },
        "2018-03": {
            "month": "2018-03",
            "price": "16.01",
            "revenue": 17221
        },
        "2018-04": {
            "month": "2018-04",
            "price": "17.37",
            "revenue": 21707
        },
        "2018-05": {
            "month": "2018-05",
            "price": "17.05",
            "revenue": 18808
        },
        "2018-06": {
            "month": "2018-06",
            "price": "17.74",
            "revenue": 20541
        },
        "2018-07": {
            "month": "2018-07",
            "price": "16.55",
            "revenue": 22593
        },
        "2018-08": {
            "month": "2018-08",
            "price": "16.61",
            "revenue": 23718
        },
        "2018-09": {
            "month": "2018-09",
            "price": "15.00",
            "revenue": 48653
        },
        "2018-10": {
            "month": "2018-10",
            "price": "14.52",
            "revenue": 19381
        },
        "2018-11": {
            "month": "2018-11",
            "price": "13.87",
            "revenue": 18174
        },
        "2018-12": {
            "month": "2018-12",
            "price": "14.33",
            "revenue": 20808
        },
        "2019-01": {
            "month": "2019-01",
            "price": "14.19",
            "revenue": 18583
        },
        "2019-02": {
            "month": "2019-02",
            "price": "14.52",
            "revenue": 18951
        },
        "2019-03": {
            "month": "2019-03",
            "price": "14.96",
            "revenue": 18545
        },
        "2019-04": {
            "month": "2019-04",
            "price": "14.75",
            "revenue": 19058
        },
        "2019-05": {
            "month": "2019-05",
            "price": "14.97",
            "revenue": 46756
        },
        "2019-06": {
            "month": "2019-06",
            "price": "15.48",
            "revenue": 19891
        },
        "2019-07": {
            "month": "2019-07",
            "price": "15.72",
            "revenue": 22929
        },
        "2019-08": {
            "month": "2019-08",
            "price": "14.98",
            "revenue": 20267
        },
        "2019-09": {
            "month": "2019-09",
            "price": "14.05",
            "revenue": 18818
        },
        "2019-10": {
            "month": "2019-10",
            "price": "13.90",
            "revenue": 18440
        },
        "2019-11": {
            "month": "2019-11",
            "price": "13.69",
            "revenue": 17969
        },
        "2019-12": {
            "month": "2019-12",
            "price": "13.47",
            "revenue": 18678
        },
        "2020-01": {
            "month": "2020-01",
            "price": "13.29",
            "revenue": 18109
        },
        "2020-02": {
            "month": "2020-02",
            "price": "12.25",
            "revenue": 16793
        },
        "2020-03": {
            "month": "2020-03",
            "price": "11.00",
            "revenue": 15056
        },
        "2020-04": {
            "month": "2020-04",
            "price": "10.31",
            "revenue": 33377
        },
        "2020-05": {
            "month": "2020-05",
            "price": "11.24",
            "revenue": 14114
        },
        "2020-06": {
            "month": "2020-06",
            "price": "12.66",
            "revenue": 14859
        },
        "2020-07": {
            "month": "2020-07",
            "price": "14.20",
            "revenue": 15795
        },
        "2020-08": {
            "month": "2020-08",
            "price": "14.12",
            "revenue": 16747
        },
        "2020-09": {
            "month": "2020-09",
            "price": "14.11",
            "revenue": 16627
        },
        "2020-10": {
            "month": "2020-10",
            "price": "13.50",
            "revenue": 15564
        },
        "2020-11": {
            "month": "2020-11",
            "price": "11.60",
            "revenue": 16677
        },
        "2020-12": {
            "month": "2020-12",
            "price": "11.75",
            "revenue": 10118
        },
        "2021-01": {
            "month": "2021-01",
            "price": "11.23",
            "revenue": 20099
        },
        "2021-02": {
            "month": "2021-02",
            "price": "10.73",
            "revenue": 17751
        },
        "2021-03": {
            "month": "2021-03",
            "price": "10.99",
            "revenue": 27297
        },
        "2021-04": {
            "month": "2021-04",
            "price": "11.74",
            "revenue": 21528
        },
        "2021-05": {
            "month": "2021-05",
            "price": "11.06",
            "revenue": 22937
        },
        "2021-06": {
            "month": "2021-06",
            "price": "11.21",
            "revenue": 20265
        },
        "2021-07": {
            "month": "2021-07",
            "price": "10.76",
            "revenue": 19722
        },
        "2021-08": {
            "month": "2021-08",
            "price": "10.18",
            "revenue": 19637
        },
        "2021-09": {
            "month": "2021-09",
            "price": "10.64",
            "revenue": 45603
        },
        "2021-10": {
            "month": "2021-10",
            "price": "10.94",
            "revenue": 21348
        },
        "2021-11": {
            "month": "2021-11",
            "price": "11.20",
            "revenue": 26139
        },
        "2021-12": {
            "month": "2021-12",
            "price": "11.18",
            "revenue": 22997
        },
        "2022-01": {
            "month": "2022-01",
            "price": "11.17",
            "revenue": 19443
        },
        "2022-02": {
            "month": "2022-02",
            "price": "11.29",
            "revenue": 18253
        },
        "2022-03": {
            "month": "2022-03",
            "price": "11.60",
            "revenue": 17746
        },
        "2022-04": {
            "month": "2022-04",
            "price": "11.31",
            "revenue": 18654
        },
        "2022-05": {
            "month": "2022-05",
            "price": "10.93",
            "revenue": 16698
        },
        "2022-06": {
            "month": "2022-06",
            "price": "10.82",
            "revenue": 19545
        },
        "2022-07": {
            "month": "2022-07",
            "price": "10.30",
            "revenue": 22451
        },
        "2022-08": {
            "month": "2022-08",
            "price": "10.51",
            "revenue": 21003
        },
        "2022-09": {
            "month": "2022-09",
            "price": "10.65",
            "revenue": 21346
        },
        "2022-10": {
            "month": "2022-10",
            "price": "10.25",
            "revenue": 16958
        },
        "2022-11": {
            "month": "2022-11",
            "price": "10.26",
            "revenue": 17515
        },
        "2022-12": {
            "month": "2022-12",
            "price": "10.38",
            "revenue": 17835
        },
        "2023-01": {
            "month": "2023-01",
            "price": "10.25",
            "revenue": 18311
        },
        "2023-02": {
            "month": "2023-02",
            "price": "10.66",
            "revenue": 19231
        },
        "2023-03": {
            "month": "2023-03",
            "price": "10.92",
            "revenue": 42520
        },
        "2023-04": {
            "month": "2023-04",
            "price": "11.47",
            "revenue": 19294
        },
        "2023-05": {
            "month": "2023-05",
            "price": "11.73",
            "revenue": 22912
        },
        "2023-06": {
            "month": "2023-06",
            "price": "11.82",
            "revenue": 20086
        },
        "2023-07": {
            "month": "2023-07",
            "price": "11.02",
            "revenue": 23230
        },
        "2023-08": {
            "month": "2023-08",
            "price": "10.37",
            "revenue": 21351
        },
        "2023-09": {
            "month": "2023-09",
            "price": "10.31",
            "revenue": 25319
        },
        "2023-10": {
            "month": "2023-10",
            "price": "10.38",
            "revenue": 24959
        },
        "2023-11": {
            "month": "2023-11",
            "price": "10.82",
            "revenue": 29842
        }
    }
}
