{
    "summary": {
        "stock_name": "嘉裕",
        "stock_id": "1417",
        "category": "紡織纖維",
        "main_business": "男女成衣",
        "website_url": "https://www.carnival.com.tw/index.php?lang=tw",
        "ceo": "(代理)葉美玲",
        "pe_ratio": -31,
        "report_year_from": 2001,
        "report_year_to": 2023,
        "age": 23,
        "eps_negative_percentage": 39,
        "eps_growth_avg": {
            "last_all": -16.32,
            "last_2y": -42.71,
            "last_4y": -61.81,
            "last_8y": -71.35,
            "last_12y": -35.3,
            "last_16y": -11.69,
            "last_20y": -25.27,
            "at_2006_last_3y": -100,
            "at_2007_last_3y": -100,
            "at_2008_last_3y": 0,
            "at_2009_last_3y": 50,
            "at_2010_last_3y": 51.28,
            "at_2011_last_3y": 54.71,
            "at_2012_last_3y": 46.38,
            "at_2013_last_3y": -0.78,
            "at_2014_last_3y": 0.76,
            "at_2015_last_3y": -40.49,
            "at_2016_last_3y": -42.88,
            "at_2017_last_3y": -20,
            "at_2018_last_3y": -100,
            "at_2019_last_3y": null,
            "at_2020_last_3y": -100,
            "at_2021_last_3y": -100,
            "at_2022_last_3y": -42.71,
            "at_2023_last_3y": -61.81,
            "at_2024_last_3y": -61.81,
            "at_2006_last_all": -33.33,
            "at_2007_last_all": -33.33,
            "at_2008_last_all": -25,
            "at_2009_last_all": 0,
            "at_2010_last_all": 8.97,
            "at_2011_last_all": 16.98,
            "at_2012_last_all": 10.69,
            "at_2013_last_all": -0.35,
            "at_2014_last_all": 5.69,
            "at_2015_last_all": -3.92,
            "at_2016_last_all": -3.92,
            "at_2017_last_all": -3.92,
            "at_2018_last_all": -3.92,
            "at_2019_last_all": -3.92,
            "at_2020_last_all": -11.93,
            "at_2021_last_all": -11.93,
            "at_2022_last_all": -9.89,
            "at_2023_last_all": -16.32,
            "at_2024_last_all": -16.32
        },
        "latest_eps": -0.37,
        "latest_price": 11.3,
        "latest_roe": -2.62,
        "latest_gross_margin": 35.14,
        "latest_equity": 2588977,
        "latest_revenue": 425019,
        "latest_gross_profit": 149364,
        "latest_net_income": -84396,
        "latest_debt_ratio": 27.73,
        "latest_current_ratio": 360.76,
        "latest_account_receivable_turnover_ratio": 1.67,
        "latest_inventory_turnover_ratio": 0.73,
        "latest_reinvestment_rate": null,
        "latest_research_to_sale_ratio": 0.13
    },
    "eps_dividends": {
        "1992": {
            "cash": 0,
            "stock": 1.5,
            "eps": 0
        },
        "1993": {
            "cash": 0,
            "stock": 1.5,
            "eps": 0
        },
        "1994": {
            "cash": 0,
            "stock": 0.8,
            "eps": 0
        },
        "1995": {
            "cash": 0,
            "stock": 0.5,
            "eps": 0
        },
        "1996": {
            "cash": 0,
            "stock": 0.6,
            "eps": 0
        },
        "1998": {
            "cash": 0,
            "stock": 0.97,
            "eps": 0
        },
        "1999": {
            "cash": 0,
            "stock": 0.8,
            "eps": 0
        },
        "2001": {
            "cash": 0,
            "stock": 0,
            "eps": 0
        },
        "2002": {
            "cash": 0,
            "stock": 0,
            "eps": 0.04
        },
        "2003": {
            "cash": 0,
            "stock": 0,
            "eps": 0
        },
        "2004": {
            "cash": 0,
            "stock": 0,
            "eps": -0.77
        },
        "2005": {
            "cash": 0,
            "stock": 0,
            "eps": -1.78
        },
        "2006": {
            "cash": 0,
            "stock": 0,
            "eps": -0.36
        },
        "2007": {
            "cash": 0,
            "stock": 0,
            "eps": 0.13
        },
        "2008": {
            "cash": 0,
            "stock": 0,
            "eps": 0.13
        },
        "2009": {
            "cash": 0,
            "stock": 0,
            "eps": 0.26
        },
        "2010": {
            "cash": 0,
            "stock": 0,
            "eps": 0.4
        },
        "2011": {
            "cash": 0,
            "stock": 0,
            "eps": 0.66
        },
        "2012": {
            "cash": 0,
            "stock": 0,
            "eps": 0.44
        },
        "2013": {
            "cash": 0.5,
            "stock": 0,
            "eps": 0.05
        },
        "2014": {
            "cash": 0.2,
            "stock": 0,
            "eps": 0.08
        },
        "2015": {
            "cash": 0,
            "stock": 0,
            "eps": -1.02
        },
        "2016": {
            "cash": 0,
            "stock": 0,
            "eps": -0.45
        },
        "2017": {
            "cash": 0,
            "stock": 0,
            "eps": -1.21
        },
        "2018": {
            "cash": 0,
            "stock": 0,
            "eps": -0.61
        },
        "2019": {
            "cash": 0,
            "stock": 0,
            "eps": 1.8
        },
        "2020": {
            "cash": 0.5,
            "stock": 0,
            "eps": -1.39
        },
        "2021": {
            "cash": 0.3,
            "stock": 0,
            "eps": 0.48
        },
        "2022": {
            "cash": 0.35,
            "stock": 0,
            "eps": 0.55
        },
        "2023": {
            "cash": 0.37,
            "stock": 0,
            "eps": -0.36
        },
        "2024": {
            "cash": 0.2,
            "stock": 0,
            "eps": 0
        }
    },
    "dividends": {
        "1992-05-15": {
            "cash": 0,
            "stock": 1.5
        },
        "1993-05-15": {
            "cash": 0,
            "stock": 1.5
        },
        "1994-04-29": {
            "cash": 0,
            "stock": 0.8
        },
        "1995-04-27": {
            "cash": 0,
            "stock": 0.5
        },
        "1996-04-17": {
            "cash": 0,
            "stock": 0.6
        },
        "1998-05-26": {
            "cash": 0,
            "stock": 0.97
        },
        "1999-05-25": {
            "cash": 0,
            "stock": 0.8
        },
        "2013-03-27": {
            "cash": 0.5,
            "stock": 0
        },
        "2014-06-20": {
            "cash": 0.2,
            "stock": 0
        },
        "2020-08-14": {
            "cash": 0.5,
            "stock": 0
        },
        "2021-09-08": {
            "cash": 0.3,
            "stock": 0
        },
        "2022-08-18": {
            "cash": 0.35,
            "stock": 0
        },
        "2023-07-27": {
            "cash": 0.37,
            "stock": 0
        },
        "2024-03-13": {
            "cash": 0.2,
            "stock": 0
        }
    },
    "prices": {
        "200101": "3.94",
        "200102": "4.53",
        "200103": "4.79",
        "200104": "4.19",
        "200105": "3.48",
        "200106": "3.18",
        "200107": "2.84",
        "200108": "3.28",
        "200109": "3.15",
        "200110": "2.83",
        "200111": "3.25",
        "200112": "3.57",
        "200201": "3.91",
        "200202": "4.45",
        "200203": "5.16",
        "200204": "5.89",
        "200205": "5.77",
        "200206": "7.63",
        "200207": "9.72",
        "200208": "9.61",
        "200209": "10.19",
        "200210": "11.03",
        "200211": "11.09",
        "200212": "6.21",
        "200301": "6.12",
        "200302": "5.40",
        "200303": "4.66",
        "200304": "4.40",
        "200305": "3.94",
        "200306": "5.09",
        "200307": "5.71",
        "200308": "5.37",
        "200309": "5.13",
        "200310": "6.24",
        "200311": "6.29",
        "200312": "6.00",
        "200401": "6.54",
        "200402": "8.38",
        "200403": "7.85",
        "200404": "7.05",
        "200405": "5.82",
        "200406": "6.14",
        "200407": "5.85",
        "200408": "5.58",
        "200409": "5.86",
        "200410": "5.86",
        "200411": "5.54",
        "200412": "5.58",
        "200501": "6.55",
        "200502": "6.31",
        "200503": "7.36",
        "200504": "6.85",
        "200505": "6.62",
        "200506": "7.43",
        "200507": "7.55",
        "200508": "7.37",
        "200509": "6.38",
        "200510": "5.20",
        "200511": "5.12",
        "200512": "5.46",
        "200601": "5.41",
        "200602": "5.04",
        "200603": "4.92",
        "200604": "5.34",
        "200605": "6.35",
        "200606": "5.48",
        "200607": "5.89",
        "200608": "5.85",
        "200609": "6.13",
        "200610": "6.82",
        "200611": "6.91",
        "200612": "7.51",
        "200701": "7.11",
        "200702": "6.92",
        "200703": "7.27",
        "200704": "8.90",
        "200705": "8.44",
        "200706": "8.59",
        "200707": "10.69",
        "200708": "9.46",
        "200709": "9.44",
        "200710": "9.49",
        "200711": "8.14",
        "200712": "6.90",
        "200801": "7.46",
        "200802": "8.25",
        "200803": "9.32",
        "200804": "10.13",
        "200805": "10.62",
        "200806": "8.74",
        "200807": "7.03",
        "200808": "6.59",
        "200809": "5.22",
        "200810": "4.17",
        "200811": "3.70",
        "200812": "4.07",
        "200901": "3.95",
        "200902": "3.78",
        "200903": "4.50",
        "200904": "5.64",
        "200905": "6.05",
        "200906": "6.09",
        "200907": "6.31",
        "200908": "6.13",
        "200909": "6.40",
        "200910": "7.08",
        "200911": "7.44",
        "200912": "8.55",
        "201001": "8.87",
        "201002": "7.66",
        "201003": "8.17",
        "201004": "8.84",
        "201005": "9.66",
        "201006": "10.14",
        "201007": "9.36",
        "201008": "10.97",
        "201009": "11.19",
        "201010": "11.73",
        "201011": "11.08",
        "201012": "11.49",
        "201101": "11.38",
        "201102": "10.80",
        "201103": "9.79",
        "201104": "10.40",
        "201105": "10.01",
        "201106": "9.35",
        "201107": "9.92",
        "201108": "10.12",
        "201109": "9.31",
        "201110": "8.51",
        "201111": "9.06",
        "201112": "8.50",
        "201201": "8.51",
        "201202": "10.28",
        "201203": "10.79",
        "201204": "9.25",
        "201205": "9.80",
        "201206": "9.85",
        "201207": "10.18",
        "201208": "11.12",
        "201209": "10.67",
        "201210": "10.15",
        "201211": "9.10",
        "201212": "9.51",
        "201301": "9.59",
        "201302": "9.33",
        "201303": "9.10",
        "201304": "9.26",
        "201305": "9.53",
        "201306": "9.31",
        "201307": "9.25",
        "201308": "8.77",
        "201309": "8.61",
        "201310": "9.00",
        "201311": "8.53",
        "201312": "8.62",
        "201401": "8.76",
        "201402": "8.51",
        "201403": "8.39",
        "201404": "8.35",
        "201405": "8.23",
        "201406": "8.48",
        "201407": "8.44",
        "201408": "8.24",
        "201409": "8.19",
        "201410": "7.85",
        "201411": "7.72",
        "201412": "7.81",
        "201501": "7.93",
        "201502": "7.97",
        "201503": "8.30",
        "201504": "8.27",
        "201505": "7.93",
        "201506": "7.24",
        "201507": "7.01",
        "201508": "6.32",
        "201509": "5.87",
        "201510": "5.98",
        "201511": "5.51",
        "201512": "4.96",
        "201601": "4.89",
        "201602": "5.07",
        "201603": "5.39",
        "201604": "4.99",
        "201605": "4.63",
        "201606": "4.50",
        "201607": "4.65",
        "201608": "5.05",
        "201609": "5.18",
        "201610": "5.44",
        "201611": "5.16",
        "201612": "5.29",
        "201701": "5.18",
        "201702": "5.65",
        "201703": "5.61",
        "201704": "5.27",
        "201705": "5.04",
        "201706": "4.91",
        "201707": "4.88",
        "201708": "4.77",
        "201709": "4.91",
        "201710": "4.90",
        "201711": "4.82",
        "201712": "4.71",
        "201801": "4.78",
        "201802": "4.67",
        "201803": "4.61",
        "201804": "4.58",
        "201805": "5.06",
        "201806": "6.25",
        "201807": "5.30",
        "201808": "5.14",
        "201809": "5.02",
        "201810": "4.66",
        "201811": "4.50",
        "201812": "5.08",
        "201901": "4.77",
        "201902": "4.92",
        "201903": "5.26",
        "201904": "5.89",
        "201905": "6.06",
        "201906": "6.08",
        "201907": "6.19",
        "201908": "6.40",
        "201909": "9.37",
        "201910": "9.86",
        "201911": "9.96",
        "201912": "10.31",
        "202001": "9.93",
        "202002": "9.84",
        "202003": "8.53",
        "202004": "8.08",
        "202005": "8.01",
        "202006": "9.00",
        "202007": "9.93",
        "202008": "9.16",
        "202009": "10.91",
        "202010": "11.07",
        "202011": "11.20",
        "202012": "11.01",
        "202101": "10.94",
        "202102": "10.88",
        "202103": "11.57",
        "202104": "13.56",
        "202105": "15.00",
        "202106": "15.80",
        "202107": "15.38",
        "202108": "13.99",
        "202109": "13.65",
        "202110": "13.65",
        "202111": "14.46",
        "202112": "14.44",
        "202201": "14.40",
        "202202": "14.00",
        "202203": "13.72",
        "202204": "12.88",
        "202205": "11.07",
        "202206": "10.89",
        "202207": "10.28",
        "202208": "10.45",
        "202209": "10.64",
        "202210": "10.50",
        "202211": "11.94",
        "202212": "14.46",
        "202301": "14.10",
        "202302": "14.40",
        "202303": "13.58",
        "202304": "13.98",
        "202305": "13.58",
        "202306": "13.88",
        "202307": "13.59",
        "202308": "13.17",
        "202309": "13.20",
        "202310": "12.22",
        "202311": "12.00",
        "202312": "12.00",
        "202401": "12.10",
        "202402": "11.98",
        "202403": "11.72"
    },
    "quarters": {
        "20011": {
            "year_quarter": 20011,
            "year": 2001,
            "quarter": 1,
            "eps": 0.05,
            "eps_growth_year": -50,
            "eps_4q": 0.07,
            "eps_4q_growth_year": -63.2,
            "roe": 0.5,
            "roe_4q": 0.5,
            "gross_profit": 106023,
            "gross_margin": 27.25,
            "gross_margin_4q_avg": 27.25,
            "net_income": 22712,
            "net_income_4q": null,
            "revenue": 389144,
            "revenue_4q": null,
            "common_shares": 4157493,
            "book_valuer_per_share": 10.89,
            "book_valuer_per_share_4q_avg": 10.89,
            "equity": 4527069,
            "current_ratio": 114.73,
            "debt_ratio": 27.91,
            "inventory_turnover_ratio": 0.29,
            "account_receivable_turnover_ratio": null,
            "reinvestment_rate": null,
            "research_to_sale_ratio": null,
            "price_fair": 0,
            "eps_avg_yearly": 0,
            "eps_latest_yearly": 0,
            "eps_growth_yearly": 0
        },
        "20012": {
            "year_quarter": 20012,
            "year": 2001,
            "quarter": 2,
            "eps": 0.1,
            "eps_growth_year": 400,
            "eps_4q": 0.16,
            "eps_4q_growth_year": -27.48,
            "roe": 0.88,
            "roe_4q": 1.38,
            "gross_profit": 104259,
            "gross_margin": 21.85,
            "gross_margin_4q_avg": 24.55,
            "net_income": 40134,
            "net_income_4q": null,
            "revenue": 477078,
            "revenue_4q": null,
            "common_shares": 4157493,
            "book_valuer_per_share": 11.12,
            "book_valuer_per_share_4q_avg": 11.01,
            "equity": 4622123,
            "current_ratio": 112.89,
            "debt_ratio": 32.31,
            "inventory_turnover_ratio": 0.38,
            "account_receivable_turnover_ratio": null,
            "reinvestment_rate": null,
            "research_to_sale_ratio": null,
            "price_fair": 0,
            "eps_avg_yearly": 0,
            "eps_latest_yearly": 0,
            "eps_growth_yearly": 0
        },
        "20013": {
            "year_quarter": 20013,
            "year": 2001,
            "quarter": 3,
            "eps": 0.09,
            "eps_growth_year": null,
            "eps_4q": 0.27,
            "eps_4q_growth_year": 47.88,
            "roe": 0.8,
            "roe_4q": 2.18,
            "gross_profit": 119658,
            "gross_margin": 21.42,
            "gross_margin_4q_avg": 23.51,
            "net_income": 37311,
            "net_income_4q": null,
            "revenue": 558649,
            "revenue_4q": null,
            "common_shares": 4157493,
            "book_valuer_per_share": 11.2,
            "book_valuer_per_share_4q_avg": 11.07,
            "equity": 4655903,
            "current_ratio": 115.04,
            "debt_ratio": 31.91,
            "inventory_turnover_ratio": 0.46,
            "account_receivable_turnover_ratio": null,
            "reinvestment_rate": null,
            "research_to_sale_ratio": null,
            "price_fair": 0,
            "eps_avg_yearly": 0,
            "eps_latest_yearly": 0,
            "eps_growth_yearly": 0
        },
        "20014": {
            "year_quarter": 20014,
            "year": 2001,
            "quarter": 4,
            "eps": -0.24,
            "eps_growth_year": -900,
            "eps_4q": 0,
            "eps_4q_growth_year": -98.79,
            "roe": -2.15,
            "roe_4q": 0.030000000000000138,
            "gross_profit": 65551,
            "gross_margin": 13.83,
            "gross_margin_4q_avg": 21.09,
            "net_income": -99533,
            "net_income_4q": null,
            "revenue": 474136,
            "revenue_4q": null,
            "common_shares": 4157493,
            "book_valuer_per_share": 11.04,
            "book_valuer_per_share_4q_avg": 11.06,
            "equity": 4588728,
            "current_ratio": 113.83,
            "debt_ratio": 31.66,
            "inventory_turnover_ratio": 0.48,
            "account_receivable_turnover_ratio": null,
            "reinvestment_rate": null,
            "research_to_sale_ratio": null,
            "price_fair": 0,
            "eps_avg_yearly": 0,
            "eps_latest_yearly": 0,
            "eps_growth_yearly": 0
        },
        "20021": {
            "year_quarter": 20021,
            "year": 2002,
            "quarter": 1,
            "eps": 0.02,
            "eps_growth_year": -60,
            "eps_4q": -0.04,
            "eps_4q_growth_year": -161.32,
            "roe": 0.15,
            "roe_4q": -0.31999999999999995,
            "gross_profit": 99366,
            "gross_margin": 30.28,
            "gross_margin_4q_avg": 21.85,
            "net_income": 6966,
            "net_income_4q": null,
            "revenue": 328135,
            "revenue_4q": null,
            "common_shares": 4157493,
            "book_valuer_per_share": 10.69,
            "book_valuer_per_share_4q_avg": 11.01,
            "equity": 4445162,
            "current_ratio": 121.94,
            "debt_ratio": 30.11,
            "inventory_turnover_ratio": 0.32,
            "account_receivable_turnover_ratio": null,
            "reinvestment_rate": null,
            "research_to_sale_ratio": null,
            "price_fair": 0,
            "eps_avg_yearly": 0,
            "eps_latest_yearly": 0,
            "eps_growth_yearly": 0
        },
        "20022": {
            "year_quarter": 20022,
            "year": 2002,
            "quarter": 2,
            "eps": -0.01,
            "eps_growth_year": -110,
            "eps_4q": -0.14,
            "eps_4q_growth_year": -187.2,
            "roe": -0.08,
            "roe_4q": -1.28,
            "gross_profit": 73371,
            "gross_margin": 19.53,
            "gross_margin_4q_avg": 21.27,
            "net_income": -3657,
            "net_income_4q": null,
            "revenue": 375768,
            "revenue_4q": null,
            "common_shares": 4157493,
            "book_valuer_per_share": 10.51,
            "book_valuer_per_share_4q_avg": 10.86,
            "equity": 4369608,
            "current_ratio": 121.57,
            "debt_ratio": 32,
            "inventory_turnover_ratio": 0.46,
            "account_receivable_turnover_ratio": null,
            "reinvestment_rate": null,
            "research_to_sale_ratio": null,
            "price_fair": 0,
            "eps_avg_yearly": 0,
            "eps_latest_yearly": 0,
            "eps_growth_yearly": 0
        },
        "20023": {
            "year_quarter": 20023,
            "year": 2002,
            "quarter": 3,
            "eps": -0.05,
            "eps_growth_year": -155.56,
            "eps_4q": -0.28,
            "eps_4q_growth_year": -201.24,
            "roe": -0.42,
            "roe_4q": -2.5,
            "gross_profit": 112626,
            "gross_margin": 22.3,
            "gross_margin_4q_avg": 21.49,
            "net_income": -18411,
            "net_income_4q": null,
            "revenue": 505012,
            "revenue_4q": null,
            "common_shares": 4157493,
            "book_valuer_per_share": 10.73,
            "book_valuer_per_share_4q_avg": 10.74,
            "equity": 4460479,
            "current_ratio": 120.07,
            "debt_ratio": 33.56,
            "inventory_turnover_ratio": 0.63,
            "account_receivable_turnover_ratio": null,
            "reinvestment_rate": null,
            "research_to_sale_ratio": null,
            "price_fair": 0,
            "eps_avg_yearly": 0,
            "eps_latest_yearly": 0,
            "eps_growth_yearly": 0
        },
        "20024": {
            "year_quarter": 20024,
            "year": 2002,
            "quarter": 4,
            "eps": 0.08,
            "eps_growth_year": null,
            "eps_4q": 0.04,
            "eps_4q_growth_year": 2564.29,
            "roe": 0.66,
            "roe_4q": 0.31000000000000005,
            "gross_profit": 131531,
            "gross_margin": 28.55,
            "gross_margin_4q_avg": 25.17,
            "net_income": 30197,
            "net_income_4q": null,
            "revenue": 460773,
            "revenue_4q": null,
            "common_shares": 4157493,
            "book_valuer_per_share": 11.38,
            "book_valuer_per_share_4q_avg": 10.83,
            "equity": 4732469,
            "current_ratio": 138.09,
            "debt_ratio": 30.07,
            "inventory_turnover_ratio": 0.56,
            "account_receivable_turnover_ratio": null,
            "reinvestment_rate": -28.21,
            "research_to_sale_ratio": null,
            "price_fair": 0,
            "eps_avg_yearly": 0,
            "eps_latest_yearly": 0,
            "eps_growth_yearly": 0
        },
        "20031": {
            "year_quarter": 20031,
            "year": 2003,
            "quarter": 1,
            "eps": 0,
            "eps_growth_year": -100,
            "eps_4q": 0.02,
            "eps_4q_growth_year": null,
            "roe": 0.01,
            "roe_4q": 0.17000000000000004,
            "gross_profit": 103478,
            "gross_margin": 25.31,
            "gross_margin_4q_avg": 23.92,
            "net_income": 371,
            "net_income_4q": null,
            "revenue": 408892,
            "revenue_4q": null,
            "common_shares": 4157493,
            "book_valuer_per_share": 11.41,
            "book_valuer_per_share_4q_avg": 11.01,
            "equity": 4742556,
            "current_ratio": 131.93,
            "debt_ratio": 29.85,
            "inventory_turnover_ratio": 0.54,
            "account_receivable_turnover_ratio": null,
            "reinvestment_rate": -41.58,
            "research_to_sale_ratio": null,
            "price_fair": 0,
            "eps_avg_yearly": 0,
            "eps_latest_yearly": 0,
            "eps_growth_yearly": 0
        },
        "20032": {
            "year_quarter": 20032,
            "year": 2003,
            "quarter": 2,
            "eps": 0.05,
            "eps_growth_year": null,
            "eps_4q": 0.08,
            "eps_4q_growth_year": null,
            "roe": 0.44,
            "roe_4q": 0.6900000000000002,
            "gross_profit": 86846,
            "gross_margin": 22,
            "gross_margin_4q_avg": 24.54,
            "net_income": 20760,
            "net_income_4q": null,
            "revenue": 394732,
            "revenue_4q": null,
            "common_shares": 4157493,
            "book_valuer_per_share": 11.3,
            "book_valuer_per_share_4q_avg": 11.21,
            "equity": 4697193,
            "current_ratio": 133.37,
            "debt_ratio": 30.17,
            "inventory_turnover_ratio": 0.52,
            "account_receivable_turnover_ratio": null,
            "reinvestment_rate": -90.09,
            "research_to_sale_ratio": null,
            "price_fair": 0,
            "eps_avg_yearly": 0,
            "eps_latest_yearly": 0,
            "eps_growth_yearly": 0
        },
        "20033": {
            "year_quarter": 20033,
            "year": 2003,
            "quarter": 3,
            "eps": -0.03,
            "eps_growth_year": null,
            "eps_4q": 0.1,
            "eps_4q_growth_year": null,
            "roe": -0.23,
            "roe_4q": 0.88,
            "gross_profit": 107710,
            "gross_margin": 21.96,
            "gross_margin_4q_avg": 24.46,
            "net_income": -10747,
            "net_income_4q": null,
            "revenue": 490468,
            "revenue_4q": null,
            "common_shares": 4157493,
            "book_valuer_per_share": 11.26,
            "book_valuer_per_share_4q_avg": 11.34,
            "equity": 4682455,
            "current_ratio": 135.34,
            "debt_ratio": 30.6,
            "inventory_turnover_ratio": 0.61,
            "account_receivable_turnover_ratio": null,
            "reinvestment_rate": -33.22,
            "research_to_sale_ratio": null,
            "price_fair": 0,
            "eps_avg_yearly": 0,
            "eps_latest_yearly": 0,
            "eps_growth_yearly": 0
        },
        "20034": {
            "year_quarter": 20034,
            "year": 2003,
            "quarter": 4,
            "eps": -0.02,
            "eps_growth_year": -125,
            "eps_4q": 0,
            "eps_4q_growth_year": -91.86,
            "roe": -0.19,
            "roe_4q": 0.029999999999999964,
            "gross_profit": 113121,
            "gross_margin": 21.92,
            "gross_margin_4q_avg": 22.8,
            "net_income": -9031,
            "net_income_4q": null,
            "revenue": 516154,
            "revenue_4q": null,
            "common_shares": 4157493,
            "book_valuer_per_share": 11.21,
            "book_valuer_per_share_4q_avg": 11.3,
            "equity": 4662037,
            "current_ratio": 150.27,
            "debt_ratio": 31.3,
            "inventory_turnover_ratio": 0.65,
            "account_receivable_turnover_ratio": null,
            "reinvestment_rate": 0.3,
            "research_to_sale_ratio": null,
            "price_fair": 0,
            "eps_avg_yearly": 0,
            "eps_latest_yearly": 0,
            "eps_growth_yearly": 0
        },
        "20041": {
            "year_quarter": 20041,
            "year": 2004,
            "quarter": 1,
            "eps": -0.1,
            "eps_growth_year": null,
            "eps_4q": -0.1,
            "eps_4q_growth_year": -576.93,
            "roe": -0.85,
            "roe_4q": -0.8300000000000001,
            "gross_profit": 79008,
            "gross_margin": 18.65,
            "gross_margin_4q_avg": 21.13,
            "net_income": -39400,
            "net_income_4q": null,
            "revenue": 423673,
            "revenue_4q": null,
            "common_shares": 4157493,
            "book_valuer_per_share": 11.18,
            "book_valuer_per_share_4q_avg": 11.24,
            "equity": 4648626,
            "current_ratio": 133.35,
            "debt_ratio": 30.69,
            "inventory_turnover_ratio": 0.58,
            "account_receivable_turnover_ratio": null,
            "reinvestment_rate": null,
            "research_to_sale_ratio": null,
            "price_fair": 0,
            "eps_avg_yearly": 0,
            "eps_latest_yearly": 0,
            "eps_growth_yearly": 0
        },
        "20042": {
            "year_quarter": 20042,
            "year": 2004,
            "quarter": 2,
            "eps": -0.4,
            "eps_growth_year": -900,
            "eps_4q": -0.51,
            "eps_4q_growth_year": -743.93,
            "roe": -3.36,
            "roe_4q": -4.630000000000001,
            "gross_profit": 58729,
            "gross_margin": 15.36,
            "gross_margin_4q_avg": 19.47,
            "net_income": -153064,
            "net_income_4q": null,
            "revenue": 382306,
            "revenue_4q": null,
            "common_shares": 4157493,
            "book_valuer_per_share": 10.75,
            "book_valuer_per_share_4q_avg": 11.1,
            "equity": 4471360,
            "current_ratio": 127.95,
            "debt_ratio": 31.43,
            "inventory_turnover_ratio": 0.6,
            "account_receivable_turnover_ratio": null,
            "reinvestment_rate": null,
            "research_to_sale_ratio": null,
            "price_fair": 0,
            "eps_avg_yearly": 0,
            "eps_latest_yearly": 0,
            "eps_growth_yearly": 0
        },
        "20043": {
            "year_quarter": 20043,
            "year": 2004,
            "quarter": 3,
            "eps": 0.01,
            "eps_growth_year": null,
            "eps_4q": -0.47,
            "eps_4q_growth_year": -585.29,
            "roe": 0.1,
            "roe_4q": -4.3,
            "gross_profit": 111162,
            "gross_margin": 20.41,
            "gross_margin_4q_avg": 19.09,
            "net_income": 4560,
            "net_income_4q": null,
            "revenue": 544622,
            "revenue_4q": null,
            "common_shares": 4157493,
            "book_valuer_per_share": 10.78,
            "book_valuer_per_share_4q_avg": 10.98,
            "equity": 4480613,
            "current_ratio": 136.35,
            "debt_ratio": 28.76,
            "inventory_turnover_ratio": 0.8,
            "account_receivable_turnover_ratio": null,
            "reinvestment_rate": null,
            "research_to_sale_ratio": null,
            "price_fair": 0,
            "eps_avg_yearly": 0,
            "eps_latest_yearly": 0,
            "eps_growth_yearly": 0
        },
        "20044": {
            "year_quarter": 20044,
            "year": 2004,
            "quarter": 4,
            "eps": -0.28,
            "eps_growth_year": null,
            "eps_4q": -0.77,
            "eps_4q_growth_year": -23763.18,
            "roe": -2.43,
            "roe_4q": -6.539999999999999,
            "gross_profit": 113281,
            "gross_margin": 21.9,
            "gross_margin_4q_avg": 19.08,
            "net_income": -105322,
            "net_income_4q": null,
            "revenue": 517252,
            "revenue_4q": null,
            "common_shares": 4157493,
            "book_valuer_per_share": 10.03,
            "book_valuer_per_share_4q_avg": 10.69,
            "equity": 4170846,
            "current_ratio": 155.95,
            "debt_ratio": 28.59,
            "inventory_turnover_ratio": 0.76,
            "account_receivable_turnover_ratio": null,
            "reinvestment_rate": null,
            "research_to_sale_ratio": null,
            "price_fair": 0,
            "eps_avg_yearly": 0,
            "eps_latest_yearly": 0,
            "eps_growth_yearly": 0
        },
        "20051": {
            "year_quarter": 20051,
            "year": 2005,
            "quarter": 1,
            "eps": 0.09,
            "eps_growth_year": null,
            "eps_4q": -0.61,
            "eps_4q_growth_year": null,
            "roe": 0.78,
            "roe_4q": -4.91,
            "gross_profit": 107894,
            "gross_margin": 28,
            "gross_margin_4q_avg": 21.42,
            "net_income": 32832,
            "net_income_4q": null,
            "revenue": 385369,
            "revenue_4q": null,
            "common_shares": 4157493,
            "book_valuer_per_share": 10.1,
            "book_valuer_per_share_4q_avg": 10.42,
            "equity": 4199914,
            "current_ratio": 151.39,
            "debt_ratio": 25.88,
            "inventory_turnover_ratio": 0.54,
            "account_receivable_turnover_ratio": null,
            "reinvestment_rate": null,
            "research_to_sale_ratio": null,
            "price_fair": 0,
            "eps_avg_yearly": 0,
            "eps_latest_yearly": 0,
            "eps_growth_yearly": 0
        },
        "20052": {
            "year_quarter": 20052,
            "year": 2005,
            "quarter": 2,
            "eps": -0.49,
            "eps_growth_year": null,
            "eps_4q": -0.61,
            "eps_4q_growth_year": null,
            "roe": -4.72,
            "roe_4q": -6.27,
            "gross_profit": 116389,
            "gross_margin": 30.84,
            "gross_margin_4q_avg": 25.29,
            "net_income": -187162,
            "net_income_4q": null,
            "revenue": 377385,
            "revenue_4q": null,
            "common_shares": 4157493,
            "book_valuer_per_share": 8.96,
            "book_valuer_per_share_4q_avg": 9.97,
            "equity": 3726123,
            "current_ratio": 149.43,
            "debt_ratio": 26.35,
            "inventory_turnover_ratio": 0.53,
            "account_receivable_turnover_ratio": null,
            "reinvestment_rate": null,
            "research_to_sale_ratio": null,
            "price_fair": 0,
            "eps_avg_yearly": 0,
            "eps_latest_yearly": 0,
            "eps_growth_yearly": 0
        },
        "20053": {
            "year_quarter": 20053,
            "year": 2005,
            "quarter": 3,
            "eps": -0.03,
            "eps_growth_year": -400,
            "eps_4q": -0.65,
            "eps_4q_growth_year": null,
            "roe": -0.33,
            "roe_4q": -6.699999999999999,
            "gross_profit": 97566,
            "gross_margin": 18.94,
            "gross_margin_4q_avg": 24.92,
            "net_income": -12629,
            "net_income_4q": null,
            "revenue": 515257,
            "revenue_4q": null,
            "common_shares": 4157493,
            "book_valuer_per_share": 9.26,
            "book_valuer_per_share_4q_avg": 9.59,
            "equity": 3850512,
            "current_ratio": 150.65,
            "debt_ratio": 24.92,
            "inventory_turnover_ratio": 0.98,
            "account_receivable_turnover_ratio": null,
            "reinvestment_rate": null,
            "research_to_sale_ratio": null,
            "price_fair": 0,
            "eps_avg_yearly": 0,
            "eps_latest_yearly": 0,
            "eps_growth_yearly": 0
        },
        "20054": {
            "year_quarter": 20054,
            "year": 2005,
            "quarter": 4,
            "eps": -1.35,
            "eps_growth_year": null,
            "eps_4q": -1.79,
            "eps_4q_growth_year": null,
            "roe": -13.7,
            "roe_4q": -17.97,
            "gross_profit": 121811,
            "gross_margin": 26.26,
            "gross_margin_4q_avg": 26.01,
            "net_income": -511736,
            "net_income_4q": null,
            "revenue": 463937,
            "revenue_4q": null,
            "common_shares": 3798837,
            "book_valuer_per_share": 9.43,
            "book_valuer_per_share_4q_avg": 9.44,
            "equity": 3620468,
            "current_ratio": 190.77,
            "debt_ratio": 26.61,
            "inventory_turnover_ratio": 0.88,
            "account_receivable_turnover_ratio": null,
            "reinvestment_rate": null,
            "research_to_sale_ratio": null,
            "price_fair": 0,
            "eps_avg_yearly": 0,
            "eps_latest_yearly": 0,
            "eps_growth_yearly": 0
        },
        "20061": {
            "year_quarter": 20061,
            "year": 2006,
            "quarter": 1,
            "eps": 0.03,
            "eps_growth_year": -66.67,
            "eps_4q": -1.98,
            "eps_4q_growth_year": null,
            "roe": 0.28,
            "roe_4q": -18.47,
            "gross_profit": 96646,
            "gross_margin": 28.02,
            "gross_margin_4q_avg": 26.02,
            "net_income": 10606,
            "net_income_4q": null,
            "revenue": 344887,
            "revenue_4q": null,
            "common_shares": 3798837,
            "book_valuer_per_share": 10.26,
            "book_valuer_per_share_4q_avg": 9.48,
            "equity": 3899120,
            "current_ratio": 161.85,
            "debt_ratio": 22.13,
            "inventory_turnover_ratio": 0.64,
            "account_receivable_turnover_ratio": null,
            "reinvestment_rate": null,
            "research_to_sale_ratio": null,
            "price_fair": 0,
            "eps_avg_yearly": 0,
            "eps_latest_yearly": 0,
            "eps_growth_yearly": 0
        },
        "20062": {
            "year_quarter": 20062,
            "year": 2006,
            "quarter": 2,
            "eps": 0.03,
            "eps_growth_year": null,
            "eps_4q": -1.55,
            "eps_4q_growth_year": null,
            "roe": 0.25,
            "roe_4q": -13.5,
            "gross_profit": 103572,
            "gross_margin": 22.3,
            "gross_margin_4q_avg": 23.88,
            "net_income": 9778,
            "net_income_4q": null,
            "revenue": 464428,
            "revenue_4q": null,
            "common_shares": 3798837,
            "book_valuer_per_share": 10.5,
            "book_valuer_per_share_4q_avg": 9.86,
            "equity": 3987436,
            "current_ratio": 159.38,
            "debt_ratio": 22.22,
            "inventory_turnover_ratio": 0.91,
            "account_receivable_turnover_ratio": null,
            "reinvestment_rate": null,
            "research_to_sale_ratio": null,
            "price_fair": 1.2,
            "eps_avg_yearly": 0.12,
            "eps_latest_yearly": 0.12,
            "eps_growth_yearly": 0
        },
        "20063": {
            "year_quarter": 20063,
            "year": 2006,
            "quarter": 3,
            "eps": -0.18,
            "eps_growth_year": null,
            "eps_4q": -1.47,
            "eps_4q_growth_year": null,
            "roe": -1.73,
            "roe_4q": -14.899999999999999,
            "gross_profit": 62456,
            "gross_margin": 10.17,
            "gross_margin_4q_avg": 21.69,
            "net_income": -68445,
            "net_income_4q": null,
            "revenue": 613914,
            "revenue_4q": null,
            "common_shares": 3798837,
            "book_valuer_per_share": 10.36,
            "book_valuer_per_share_4q_avg": 10.14,
            "equity": 3935467,
            "current_ratio": 150.56,
            "debt_ratio": 23.72,
            "inventory_turnover_ratio": 1.38,
            "account_receivable_turnover_ratio": null,
            "reinvestment_rate": null,
            "research_to_sale_ratio": null,
            "price_fair": 1.2,
            "eps_avg_yearly": 0.12,
            "eps_latest_yearly": 0.12,
            "eps_growth_yearly": 0
        },
        "20064": {
            "year_quarter": 20064,
            "year": 2006,
            "quarter": 4,
            "eps": -0.24,
            "eps_growth_year": null,
            "eps_4q": -0.37,
            "eps_4q_growth_year": null,
            "roe": -2.26,
            "roe_4q": -3.46,
            "gross_profit": 115199,
            "gross_margin": 37.46,
            "gross_margin_4q_avg": 24.49,
            "net_income": -91583,
            "net_income_4q": null,
            "revenue": 307499,
            "revenue_4q": null,
            "common_shares": 3798837,
            "book_valuer_per_share": 10.87,
            "book_valuer_per_share_4q_avg": 10.5,
            "equity": 4151925,
            "current_ratio": 193,
            "debt_ratio": 22.61,
            "inventory_turnover_ratio": 0.43,
            "account_receivable_turnover_ratio": null,
            "reinvestment_rate": null,
            "research_to_sale_ratio": null,
            "price_fair": 1.2,
            "eps_avg_yearly": 0.12,
            "eps_latest_yearly": 0.12,
            "eps_growth_yearly": 0
        },
        "20071": {
            "year_quarter": 20071,
            "year": 2007,
            "quarter": 1,
            "eps": 0.02,
            "eps_growth_year": -33.33,
            "eps_4q": -0.41,
            "eps_4q_growth_year": null,
            "roe": 0.16,
            "roe_4q": -3.5799999999999996,
            "gross_profit": 91360,
            "gross_margin": 34.17,
            "gross_margin_4q_avg": 26.03,
            "net_income": 7066,
            "net_income_4q": null,
            "revenue": 267361,
            "revenue_4q": null,
            "common_shares": 3798837,
            "book_valuer_per_share": 12.07,
            "book_valuer_per_share_4q_avg": 10.95,
            "equity": 4585981,
            "current_ratio": 155.57,
            "debt_ratio": 18.41,
            "inventory_turnover_ratio": 0.39,
            "account_receivable_turnover_ratio": null,
            "reinvestment_rate": null,
            "research_to_sale_ratio": null,
            "price_fair": 1.2,
            "eps_avg_yearly": 0.12,
            "eps_latest_yearly": 0.12,
            "eps_growth_yearly": 0
        },
        "20072": {
            "year_quarter": 20072,
            "year": 2007,
            "quarter": 2,
            "eps": 0.14,
            "eps_growth_year": 366.67,
            "eps_4q": -0.26,
            "eps_4q_growth_year": null,
            "roe": 1.18,
            "roe_4q": -2.65,
            "gross_profit": 111674,
            "gross_margin": 34.89,
            "gross_margin_4q_avg": 29.17,
            "net_income": 54189,
            "net_income_4q": null,
            "revenue": 320106,
            "revenue_4q": null,
            "common_shares": 3798837,
            "book_valuer_per_share": 12.13,
            "book_valuer_per_share_4q_avg": 11.36,
            "equity": 4607712,
            "current_ratio": 166.41,
            "debt_ratio": 17.42,
            "inventory_turnover_ratio": 0.53,
            "account_receivable_turnover_ratio": null,
            "reinvestment_rate": null,
            "research_to_sale_ratio": null,
            "price_fair": 11.9,
            "eps_avg_yearly": 0.34,
            "eps_latest_yearly": 0.56,
            "eps_growth_yearly": 1200
        },
        "20073": {
            "year_quarter": 20073,
            "year": 2007,
            "quarter": 3,
            "eps": -0.1,
            "eps_growth_year": null,
            "eps_4q": -0.18,
            "eps_4q_growth_year": null,
            "roe": -0.83,
            "roe_4q": -1.7499999999999998,
            "gross_profit": 85565,
            "gross_margin": 28.74,
            "gross_margin_4q_avg": 33.82,
            "net_income": -37956,
            "net_income_4q": null,
            "revenue": 297759,
            "revenue_4q": null,
            "common_shares": 3798837,
            "book_valuer_per_share": 12.01,
            "book_valuer_per_share_4q_avg": 11.77,
            "equity": 4561945,
            "current_ratio": 153.48,
            "debt_ratio": 17.61,
            "inventory_turnover_ratio": 0.57,
            "account_receivable_turnover_ratio": null,
            "reinvestment_rate": null,
            "research_to_sale_ratio": null,
            "price_fair": 11.9,
            "eps_avg_yearly": 0.34,
            "eps_latest_yearly": 0.56,
            "eps_growth_yearly": 1200
        },
        "20074": {
            "year_quarter": 20074,
            "year": 2007,
            "quarter": 4,
            "eps": 0.07,
            "eps_growth_year": null,
            "eps_4q": 0.13,
            "eps_4q_growth_year": null,
            "roe": 0.58,
            "roe_4q": 1.0899999999999999,
            "gross_profit": 130246,
            "gross_margin": 36.5,
            "gross_margin_4q_avg": 33.58,
            "net_income": 25411,
            "net_income_4q": null,
            "revenue": 356845,
            "revenue_4q": null,
            "common_shares": 3798837,
            "book_valuer_per_share": 11.04,
            "book_valuer_per_share_4q_avg": 11.81,
            "equity": 4212861,
            "current_ratio": 212.65,
            "debt_ratio": 20.37,
            "inventory_turnover_ratio": 0.54,
            "account_receivable_turnover_ratio": null,
            "reinvestment_rate": null,
            "research_to_sale_ratio": null,
            "price_fair": 11.9,
            "eps_avg_yearly": 0.34,
            "eps_latest_yearly": 0.56,
            "eps_growth_yearly": 1200
        },
        "20081": {
            "year_quarter": 20081,
            "year": 2008,
            "quarter": 1,
            "eps": 0.52,
            "eps_growth_year": 2500,
            "eps_4q": 0.63,
            "eps_4q_growth_year": null,
            "roe": 4.63,
            "roe_4q": 5.56,
            "gross_profit": 125903,
            "gross_margin": 32.43,
            "gross_margin_4q_avg": 33.14,
            "net_income": 196668,
            "net_income_4q": null,
            "revenue": 388278,
            "revenue_4q": null,
            "common_shares": 3798837,
            "book_valuer_per_share": 11.23,
            "book_valuer_per_share_4q_avg": 11.6,
            "equity": 4285429,
            "current_ratio": 244.68,
            "debt_ratio": 20.12,
            "inventory_turnover_ratio": 0.53,
            "account_receivable_turnover_ratio": null,
            "reinvestment_rate": null,
            "research_to_sale_ratio": null,
            "price_fair": 32.2,
            "eps_avg_yearly": 0.92,
            "eps_latest_yearly": 2.08,
            "eps_growth_yearly": 1657.14
        },
        "20082": {
            "year_quarter": 20082,
            "year": 2008,
            "quarter": 2,
            "eps": -0.1,
            "eps_growth_year": -171.43,
            "eps_4q": 0.38,
            "eps_4q_growth_year": null,
            "roe": -0.94,
            "roe_4q": 3.4399999999999995,
            "gross_profit": 141729,
            "gross_margin": 34.05,
            "gross_margin_4q_avg": 32.93,
            "net_income": -39471,
            "net_income_4q": null,
            "revenue": 416231,
            "revenue_4q": null,
            "common_shares": 3798837,
            "book_valuer_per_share": 10.68,
            "book_valuer_per_share_4q_avg": 11.24,
            "equity": 4073638,
            "current_ratio": 238.96,
            "debt_ratio": 21.56,
            "inventory_turnover_ratio": 0.55,
            "account_receivable_turnover_ratio": null,
            "reinvestment_rate": null,
            "research_to_sale_ratio": null,
            "price_fair": 32.2,
            "eps_avg_yearly": 0.92,
            "eps_latest_yearly": 2.08,
            "eps_growth_yearly": 1657.14
        },
        "20083": {
            "year_quarter": 20083,
            "year": 2008,
            "quarter": 3,
            "eps": -0.22,
            "eps_growth_year": null,
            "eps_4q": 0.27,
            "eps_4q_growth_year": null,
            "roe": -2.05,
            "roe_4q": 2.22,
            "gross_profit": 93399,
            "gross_margin": 23.82,
            "gross_margin_4q_avg": 31.7,
            "net_income": -81532,
            "net_income_4q": null,
            "revenue": 392032,
            "revenue_4q": null,
            "common_shares": 3798837,
            "book_valuer_per_share": 10.22,
            "book_valuer_per_share_4q_avg": 10.79,
            "equity": 3880529,
            "current_ratio": 226.96,
            "debt_ratio": 22.77,
            "inventory_turnover_ratio": 0.55,
            "account_receivable_turnover_ratio": null,
            "reinvestment_rate": null,
            "research_to_sale_ratio": null,
            "price_fair": 32.2,
            "eps_avg_yearly": 0.92,
            "eps_latest_yearly": 2.08,
            "eps_growth_yearly": 1657.14
        },
        "20084": {
            "year_quarter": 20084,
            "year": 2008,
            "quarter": 4,
            "eps": -0.07,
            "eps_growth_year": -200,
            "eps_4q": 0.13,
            "eps_4q_growth_year": -3.12,
            "roe": -0.67,
            "roe_4q": 0.9700000000000002,
            "gross_profit": 207516,
            "gross_margin": 39.61,
            "gross_margin_4q_avg": 32.48,
            "net_income": -25542,
            "net_income_4q": null,
            "revenue": 523895,
            "revenue_4q": null,
            "common_shares": 3798837,
            "book_valuer_per_share": 9.81,
            "book_valuer_per_share_4q_avg": 10.49,
            "equity": 3728276,
            "current_ratio": 235.7,
            "debt_ratio": 22.82,
            "inventory_turnover_ratio": 0.54,
            "account_receivable_turnover_ratio": 4.59,
            "reinvestment_rate": null,
            "research_to_sale_ratio": null,
            "price_fair": 32.2,
            "eps_avg_yearly": 0.92,
            "eps_latest_yearly": 2.08,
            "eps_growth_yearly": 1657.14
        },
        "20091": {
            "year_quarter": 20091,
            "year": 2009,
            "quarter": 1,
            "eps": 0,
            "eps_growth_year": -100,
            "eps_4q": -0.38,
            "eps_4q_growth_year": -160.6,
            "roe": 0.04,
            "roe_4q": -3.6199999999999997,
            "gross_profit": 141072,
            "gross_margin": 28.89,
            "gross_margin_4q_avg": 31.59,
            "net_income": 1487,
            "net_income_4q": null,
            "revenue": 488380,
            "revenue_4q": null,
            "common_shares": 3798837,
            "book_valuer_per_share": 10.22,
            "book_valuer_per_share_4q_avg": 10.23,
            "equity": 3883647,
            "current_ratio": 237.98,
            "debt_ratio": 22.77,
            "inventory_turnover_ratio": 0.6,
            "account_receivable_turnover_ratio": 2.08,
            "reinvestment_rate": null,
            "research_to_sale_ratio": null,
            "price_fair": 32.2,
            "eps_avg_yearly": 0.92,
            "eps_latest_yearly": 2.08,
            "eps_growth_yearly": 1657.14
        },
        "20092": {
            "year_quarter": 20092,
            "year": 2009,
            "quarter": 2,
            "eps": 0.28,
            "eps_growth_year": null,
            "eps_4q": -0,
            "eps_4q_growth_year": -100.23,
            "roe": 2.66,
            "roe_4q": -0.019999999999999574,
            "gross_profit": 155713,
            "gross_margin": 41.89,
            "gross_margin_4q_avg": 33.55,
            "net_income": 106147,
            "net_income_4q": null,
            "revenue": 371725,
            "revenue_4q": null,
            "common_shares": 3798837,
            "book_valuer_per_share": 10.78,
            "book_valuer_per_share_4q_avg": 10.26,
            "equity": 4096540,
            "current_ratio": 261.93,
            "debt_ratio": 21.07,
            "inventory_turnover_ratio": 0.38,
            "account_receivable_turnover_ratio": 1.69,
            "reinvestment_rate": null,
            "research_to_sale_ratio": null,
            "price_fair": 32.2,
            "eps_avg_yearly": 0.92,
            "eps_latest_yearly": 2.08,
            "eps_growth_yearly": 1657.14
        },
        "20093": {
            "year_quarter": 20093,
            "year": 2009,
            "quarter": 3,
            "eps": 0.01,
            "eps_growth_year": null,
            "eps_4q": 0.23,
            "eps_4q_growth_year": -13.87,
            "roe": 0.12,
            "roe_4q": 2.1500000000000004,
            "gross_profit": 126662,
            "gross_margin": 32.91,
            "gross_margin_4q_avg": 35.83,
            "net_income": 4966,
            "net_income_4q": null,
            "revenue": 384895,
            "revenue_4q": null,
            "common_shares": 3798837,
            "book_valuer_per_share": 10.89,
            "book_valuer_per_share_4q_avg": 10.43,
            "equity": 4137623,
            "current_ratio": 256.79,
            "debt_ratio": 22.4,
            "inventory_turnover_ratio": 0.41,
            "account_receivable_turnover_ratio": 2.13,
            "reinvestment_rate": null,
            "research_to_sale_ratio": null,
            "price_fair": 24.5,
            "eps_avg_yearly": 0.7,
            "eps_latest_yearly": 0.04,
            "eps_growth_yearly": 1146.43
        },
        "20094": {
            "year_quarter": 20094,
            "year": 2009,
            "quarter": 4,
            "eps": -0.03,
            "eps_growth_year": null,
            "eps_4q": 0.26,
            "eps_4q_growth_year": 103.34,
            "roe": -0.29,
            "roe_4q": 2.5300000000000002,
            "gross_profit": 225155,
            "gross_margin": 38.3,
            "gross_margin_4q_avg": 35.5,
            "net_income": -12180,
            "net_income_4q": null,
            "revenue": 587882,
            "revenue_4q": null,
            "common_shares": 3798837,
            "book_valuer_per_share": 10.92,
            "book_valuer_per_share_4q_avg": 10.7,
            "equity": 4150121,
            "current_ratio": 229.61,
            "debt_ratio": 23.83,
            "inventory_turnover_ratio": 0.54,
            "account_receivable_turnover_ratio": 6.12,
            "reinvestment_rate": 1656.67,
            "research_to_sale_ratio": null,
            "price_fair": 24.5,
            "eps_avg_yearly": 0.7,
            "eps_latest_yearly": 0.04,
            "eps_growth_yearly": 1146.43
        },
        "20101": {
            "year_quarter": 20101,
            "year": 2010,
            "quarter": 1,
            "eps": 0.09,
            "eps_growth_year": null,
            "eps_4q": 0.35,
            "eps_4q_growth_year": null,
            "roe": 0.86,
            "roe_4q": 3.35,
            "gross_profit": 219060,
            "gross_margin": 38.32,
            "gross_margin_4q_avg": 37.86,
            "net_income": 35744,
            "net_income_4q": null,
            "revenue": 571593,
            "revenue_4q": null,
            "common_shares": 3798837,
            "book_valuer_per_share": 10.96,
            "book_valuer_per_share_4q_avg": 10.89,
            "equity": 4164701,
            "current_ratio": 227.39,
            "debt_ratio": 24.07,
            "inventory_turnover_ratio": 0.57,
            "account_receivable_turnover_ratio": 2.86,
            "reinvestment_rate": 1497.88,
            "research_to_sale_ratio": 0.66,
            "price_fair": 24.5,
            "eps_avg_yearly": 0.7,
            "eps_latest_yearly": 0.04,
            "eps_growth_yearly": 1146.43
        },
        "20102": {
            "year_quarter": 20102,
            "year": 2010,
            "quarter": 2,
            "eps": 0.09,
            "eps_growth_year": -69.56,
            "eps_4q": 0.16,
            "eps_4q_growth_year": null,
            "roe": 0.77,
            "roe_4q": 1.46,
            "gross_profit": 205122,
            "gross_margin": 44.92,
            "gross_margin_4q_avg": 38.61,
            "net_income": 32377,
            "net_income_4q": null,
            "revenue": 456656,
            "revenue_4q": null,
            "common_shares": 3798837,
            "book_valuer_per_share": 11.16,
            "book_valuer_per_share_4q_avg": 10.98,
            "equity": 4240148,
            "current_ratio": 252.95,
            "debt_ratio": 22.71,
            "inventory_turnover_ratio": 0.42,
            "account_receivable_turnover_ratio": 2.42,
            "reinvestment_rate": 1193.77,
            "research_to_sale_ratio": 0.83,
            "price_fair": 26.6,
            "eps_avg_yearly": 0.76,
            "eps_latest_yearly": 0.36,
            "eps_growth_yearly": 1146.43
        },
        "20103": {
            "year_quarter": 20103,
            "year": 2010,
            "quarter": 3,
            "eps": 0.09,
            "eps_growth_year": 758.92,
            "eps_4q": 0.23,
            "eps_4q_growth_year": 1.74,
            "roe": 0.77,
            "roe_4q": 2.11,
            "gross_profit": 171384,
            "gross_margin": 34.26,
            "gross_margin_4q_avg": 38.95,
            "net_income": 32629,
            "net_income_4q": null,
            "revenue": 500275,
            "revenue_4q": null,
            "common_shares": 3798837,
            "book_valuer_per_share": 11.25,
            "book_valuer_per_share_4q_avg": 11.07,
            "equity": 4272886,
            "current_ratio": 243.82,
            "debt_ratio": 24.66,
            "inventory_turnover_ratio": 0.5,
            "account_receivable_turnover_ratio": 2.62,
            "reinvestment_rate": 540.82,
            "research_to_sale_ratio": 0.7,
            "price_fair": 23.8,
            "eps_avg_yearly": 0.68,
            "eps_latest_yearly": 0.36,
            "eps_growth_yearly": 917.14
        },
        "20104": {
            "year_quarter": 20104,
            "year": 2010,
            "quarter": 4,
            "eps": 0.13,
            "eps_growth_year": null,
            "eps_4q": 0.4,
            "eps_4q_growth_year": 50.33,
            "roe": 1.18,
            "roe_4q": 3.5799999999999996,
            "gross_profit": 293151,
            "gross_margin": 43.24,
            "gross_margin_4q_avg": 40.19,
            "net_income": 50213,
            "net_income_4q": null,
            "revenue": 677926,
            "revenue_4q": null,
            "common_shares": 3798837,
            "book_valuer_per_share": 11.17,
            "book_valuer_per_share_4q_avg": 11.14,
            "equity": 4241960,
            "current_ratio": 267.67,
            "debt_ratio": 22.58,
            "inventory_turnover_ratio": 0.57,
            "account_receivable_turnover_ratio": 3.14,
            "reinvestment_rate": 222.92,
            "research_to_sale_ratio": 0.02,
            "price_fair": 22.87,
            "eps_avg_yearly": 0.65,
            "eps_latest_yearly": 0.52,
            "eps_growth_yearly": 793.92
        },
        "20111": {
            "year_quarter": 20111,
            "year": 2011,
            "quarter": 1,
            "eps": 0.07,
            "eps_growth_year": -22.22,
            "eps_4q": 0.38,
            "eps_4q_growth_year": 6.41,
            "roe": 0.66,
            "roe_4q": 3.38,
            "gross_profit": 249439,
            "gross_margin": 39.98,
            "gross_margin_4q_avg": 40.6,
            "net_income": 28094,
            "net_income_4q": null,
            "revenue": 623940,
            "revenue_4q": null,
            "common_shares": 3798837,
            "book_valuer_per_share": 11.32,
            "book_valuer_per_share_4q_avg": 11.23,
            "equity": 4300377,
            "current_ratio": 286.82,
            "debt_ratio": 21.62,
            "inventory_turnover_ratio": 0.59,
            "account_receivable_turnover_ratio": 3.03,
            "reinvestment_rate": 262.67,
            "research_to_sale_ratio": null,
            "price_fair": 21,
            "eps_avg_yearly": 0.6,
            "eps_latest_yearly": 0.28,
            "eps_growth_yearly": 654.13
        },
        "20112": {
            "year_quarter": 20112,
            "year": 2011,
            "quarter": 2,
            "eps": 0.36,
            "eps_growth_year": 323.74,
            "eps_4q": 0.65,
            "eps_4q_growth_year": 307.39,
            "roe": 3.16,
            "roe_4q": 5.77,
            "gross_profit": 225773,
            "gross_margin": 42.18,
            "gross_margin_4q_avg": 39.92,
            "net_income": 137196,
            "net_income_4q": null,
            "revenue": 535323,
            "revenue_4q": null,
            "common_shares": 3798837,
            "book_valuer_per_share": 11.52,
            "book_valuer_per_share_4q_avg": 11.32,
            "equity": 4376278,
            "current_ratio": 318.31,
            "debt_ratio": 19.55,
            "inventory_turnover_ratio": 0.51,
            "account_receivable_turnover_ratio": 2.71,
            "reinvestment_rate": 203.75,
            "research_to_sale_ratio": null,
            "price_fair": 25.4,
            "eps_avg_yearly": 0.73,
            "eps_latest_yearly": 1.44,
            "eps_growth_yearly": 548
        },
        "20113": {
            "year_quarter": 20113,
            "year": 2011,
            "quarter": 3,
            "eps": 0.04,
            "eps_growth_year": -48.38,
            "eps_4q": 0.61,
            "eps_4q_growth_year": 162.33,
            "roe": 0.38,
            "roe_4q": 5.38,
            "gross_profit": 191493,
            "gross_margin": 36.03,
            "gross_margin_4q_avg": 40.36,
            "net_income": 16843,
            "net_income_4q": null,
            "revenue": 531438,
            "revenue_4q": null,
            "common_shares": 3798837,
            "book_valuer_per_share": 11.6,
            "book_valuer_per_share_4q_avg": 11.4,
            "equity": 4406230,
            "current_ratio": 320.45,
            "debt_ratio": 20.77,
            "inventory_turnover_ratio": 0.49,
            "account_receivable_turnover_ratio": 2.85,
            "reinvestment_rate": 184.77,
            "research_to_sale_ratio": 0,
            "price_fair": 22.93,
            "eps_avg_yearly": 0.66,
            "eps_latest_yearly": 0.16,
            "eps_growth_yearly": 435.06
        },
        "20114": {
            "year_quarter": 20114,
            "year": 2011,
            "quarter": 4,
            "eps": 0.19,
            "eps_growth_year": 45.72,
            "eps_4q": 0.67,
            "eps_4q_growth_year": 69.12,
            "roe": 1.65,
            "roe_4q": 5.85,
            "gross_profit": 280097,
            "gross_margin": 34,
            "gross_margin_4q_avg": 38.05,
            "net_income": 73169,
            "net_income_4q": null,
            "revenue": 823801,
            "revenue_4q": null,
            "common_shares": 3798837,
            "book_valuer_per_share": 11.7,
            "book_valuer_per_share_4q_avg": 11.54,
            "equity": 4445384,
            "current_ratio": 295.6,
            "debt_ratio": 22.91,
            "inventory_turnover_ratio": 0.69,
            "account_receivable_turnover_ratio": 3.54,
            "reinvestment_rate": 121.59,
            "research_to_sale_ratio": 0,
            "price_fair": 23.33,
            "eps_avg_yearly": 0.67,
            "eps_latest_yearly": 0.76,
            "eps_growth_yearly": 553.38
        },
        "20121": {
            "year_quarter": 20121,
            "year": 2012,
            "quarter": 1,
            "eps": 0.29,
            "eps_growth_year": 314.29,
            "eps_4q": 0.89,
            "eps_4q_growth_year": 136.41,
            "roe": 2.49,
            "roe_4q": 7.680000000000001,
            "gross_profit": 272538,
            "gross_margin": 32.59,
            "gross_margin_4q_avg": 36.2,
            "net_income": 111593,
            "net_income_4q": null,
            "revenue": 836323,
            "revenue_4q": null,
            "common_shares": 3798837,
            "book_valuer_per_share": 11.89,
            "book_valuer_per_share_4q_avg": 11.68,
            "equity": 4515000,
            "current_ratio": 319.69,
            "debt_ratio": 22.19,
            "inventory_turnover_ratio": 0.69,
            "account_receivable_turnover_ratio": 2.96,
            "reinvestment_rate": 133.41,
            "research_to_sale_ratio": null,
            "price_fair": 19.76,
            "eps_avg_yearly": 0.56,
            "eps_latest_yearly": 1.16,
            "eps_growth_yearly": 291.06
        },
        "20122": {
            "year_quarter": 20122,
            "year": 2012,
            "quarter": 2,
            "eps": 0.11,
            "eps_growth_year": -68.54,
            "eps_4q": 0.64,
            "eps_4q_growth_year": -1.36,
            "roe": 0.96,
            "roe_4q": 5.4799999999999995,
            "gross_profit": 234224,
            "gross_margin": 30.68,
            "gross_margin_4q_avg": 33.33,
            "net_income": 43159,
            "net_income_4q": null,
            "revenue": 763413,
            "revenue_4q": null,
            "common_shares": 3798837,
            "book_valuer_per_share": 11.88,
            "book_valuer_per_share_4q_avg": 11.77,
            "equity": 4512142,
            "current_ratio": 323,
            "debt_ratio": 23.28,
            "inventory_turnover_ratio": 0.62,
            "account_receivable_turnover_ratio": 2.57,
            "reinvestment_rate": 101.76,
            "research_to_sale_ratio": null,
            "price_fair": 19.32,
            "eps_avg_yearly": 0.55,
            "eps_latest_yearly": 0.44,
            "eps_growth_yearly": 237.13
        },
        "20123": {
            "year_quarter": 20123,
            "year": 2012,
            "quarter": 3,
            "eps": 0.01,
            "eps_growth_year": -84.69,
            "eps_4q": 0.61,
            "eps_4q_growth_year": -0.79,
            "roe": 0.06,
            "roe_4q": 5.16,
            "gross_profit": 205090,
            "gross_margin": 26.3,
            "gross_margin_4q_avg": 30.89,
            "net_income": 2579,
            "net_income_4q": null,
            "revenue": 779871,
            "revenue_4q": null,
            "common_shares": 3798837,
            "book_valuer_per_share": 11.85,
            "book_valuer_per_share_4q_avg": 11.83,
            "equity": 4503326,
            "current_ratio": 302.8,
            "debt_ratio": 25.07,
            "inventory_turnover_ratio": 0.59,
            "account_receivable_turnover_ratio": 2.29,
            "reinvestment_rate": 87.51,
            "research_to_sale_ratio": null,
            "price_fair": 17.69,
            "eps_avg_yearly": 0.51,
            "eps_latest_yearly": 0.04,
            "eps_growth_yearly": 182.51
        },
        "20124": {
            "year_quarter": 20124,
            "year": 2012,
            "quarter": 4,
            "eps": 0.03,
            "eps_growth_year": -83.39,
            "eps_4q": 0.45,
            "eps_4q_growth_year": -33.61,
            "roe": 0.27,
            "roe_4q": 3.7800000000000002,
            "gross_profit": 253726,
            "gross_margin": 29.65,
            "gross_margin_4q_avg": 29.81,
            "net_income": 12155,
            "net_income_4q": null,
            "revenue": 855702,
            "revenue_4q": null,
            "common_shares": 3798837,
            "book_valuer_per_share": 11.87,
            "book_valuer_per_share_4q_avg": 11.87,
            "equity": 4507495,
            "current_ratio": 301.46,
            "debt_ratio": 25.55,
            "inventory_turnover_ratio": 0.56,
            "account_receivable_turnover_ratio": 2.47,
            "reinvestment_rate": 82.25,
            "research_to_sale_ratio": null,
            "price_fair": 16.57,
            "eps_avg_yearly": 0.47,
            "eps_latest_yearly": 0.12,
            "eps_growth_yearly": 233.97
        },
        "20131": {
            "year_quarter": 20131,
            "year": 2013,
            "quarter": 1,
            "eps": -0.03,
            "eps_growth_year": -110.34,
            "eps_4q": 0.13,
            "eps_4q_growth_year": -85.84,
            "roe": -0.22,
            "roe_4q": 1.07,
            "gross_profit": 210033,
            "gross_margin": 25.28,
            "gross_margin_4q_avg": 27.98,
            "net_income": -9910,
            "net_income_4q": null,
            "revenue": 830911,
            "revenue_4q": null,
            "common_shares": 3798837,
            "book_valuer_per_share": 12,
            "book_valuer_per_share_4q_avg": 11.9,
            "equity": 4557228,
            "current_ratio": 289.95,
            "debt_ratio": 26.34,
            "inventory_turnover_ratio": 0.57,
            "account_receivable_turnover_ratio": 2.27,
            "reinvestment_rate": 116.73,
            "research_to_sale_ratio": null,
            "price_fair": 16.57,
            "eps_avg_yearly": 0.47,
            "eps_latest_yearly": 0.12,
            "eps_growth_yearly": 233.97
        },
        "20132": {
            "year_quarter": 20132,
            "year": 2013,
            "quarter": 2,
            "eps": -0.15,
            "eps_growth_year": -232.03,
            "eps_4q": -0.14,
            "eps_4q_growth_year": -121.33,
            "roe": -1.28,
            "roe_4q": -1.17,
            "gross_profit": 219465,
            "gross_margin": 26.35,
            "gross_margin_4q_avg": 26.9,
            "net_income": -57022,
            "net_income_4q": null,
            "revenue": 832807,
            "revenue_4q": null,
            "common_shares": 3798837,
            "book_valuer_per_share": 11.52,
            "book_valuer_per_share_4q_avg": 11.81,
            "equity": 4374889,
            "current_ratio": 257.99,
            "debt_ratio": 29.18,
            "inventory_turnover_ratio": 0.57,
            "account_receivable_turnover_ratio": 2.27,
            "reinvestment_rate": 160.22,
            "research_to_sale_ratio": null,
            "price_fair": 16.57,
            "eps_avg_yearly": 0.47,
            "eps_latest_yearly": 0.12,
            "eps_growth_yearly": 233.97
        },
        "20133": {
            "year_quarter": 20133,
            "year": 2013,
            "quarter": 3,
            "eps": -0.07,
            "eps_growth_year": -1131.08,
            "eps_4q": -0.22,
            "eps_4q_growth_year": -136.64,
            "roe": -0.68,
            "roe_4q": -1.9100000000000001,
            "gross_profit": 176220,
            "gross_margin": 24.24,
            "gross_margin_4q_avg": 26.38,
            "net_income": -29676,
            "net_income_4q": null,
            "revenue": 726980,
            "revenue_4q": null,
            "common_shares": 3798837,
            "book_valuer_per_share": 11.32,
            "book_valuer_per_share_4q_avg": 11.68,
            "equity": 4299284,
            "current_ratio": 271.97,
            "debt_ratio": 27.55,
            "inventory_turnover_ratio": 0.48,
            "account_receivable_turnover_ratio": 2.1,
            "reinvestment_rate": 176.85,
            "research_to_sale_ratio": null,
            "price_fair": 17.95,
            "eps_avg_yearly": 0.51,
            "eps_latest_yearly": 0.12,
            "eps_growth_yearly": 290.31
        },
        "20134": {
            "year_quarter": 20134,
            "year": 2013,
            "quarter": 4,
            "eps": 0.3,
            "eps_growth_year": 831.6,
            "eps_4q": 0.04,
            "eps_4q_growth_year": -90.19,
            "roe": 2.61,
            "roe_4q": 0.4299999999999997,
            "gross_profit": 283863,
            "gross_margin": 30.68,
            "gross_margin_4q_avg": 26.64,
            "net_income": 113237,
            "net_income_4q": null,
            "revenue": 925251,
            "revenue_4q": null,
            "common_shares": 3798837,
            "book_valuer_per_share": 11.53,
            "book_valuer_per_share_4q_avg": 11.59,
            "equity": 4379458,
            "current_ratio": 272.67,
            "debt_ratio": 26.82,
            "inventory_turnover_ratio": 0.54,
            "account_receivable_turnover_ratio": 2.5,
            "reinvestment_rate": -43.7,
            "research_to_sale_ratio": null,
            "price_fair": 17.95,
            "eps_avg_yearly": 0.51,
            "eps_latest_yearly": 0.12,
            "eps_growth_yearly": 290.31
        },
        "20141": {
            "year_quarter": 20141,
            "year": 2014,
            "quarter": 1,
            "eps": 0.23,
            "eps_growth_year": null,
            "eps_4q": 0.3,
            "eps_4q_growth_year": 134.2,
            "roe": 1.93,
            "roe_4q": 2.58,
            "gross_profit": 233114,
            "gross_margin": 26.49,
            "gross_margin_4q_avg": 26.94,
            "net_income": 85839,
            "net_income_4q": null,
            "revenue": 880087,
            "revenue_4q": null,
            "common_shares": 3798837,
            "book_valuer_per_share": 11.84,
            "book_valuer_per_share_4q_avg": 11.55,
            "equity": 4497460,
            "current_ratio": 303.16,
            "debt_ratio": 24.33,
            "inventory_turnover_ratio": 0.58,
            "account_receivable_turnover_ratio": 2.33,
            "reinvestment_rate": -42.17,
            "research_to_sale_ratio": null,
            "price_fair": 19.13,
            "eps_avg_yearly": 0.55,
            "eps_latest_yearly": 0.92,
            "eps_growth_yearly": 258.34
        },
        "20142": {
            "year_quarter": 20142,
            "year": 2014,
            "quarter": 2,
            "eps": -0.04,
            "eps_growth_year": null,
            "eps_4q": 0.41,
            "eps_4q_growth_year": null,
            "roe": -0.34,
            "roe_4q": 3.519999999999999,
            "gross_profit": 232478,
            "gross_margin": 31.42,
            "gross_margin_4q_avg": 28.21,
            "net_income": -15060,
            "net_income_4q": null,
            "revenue": 739872,
            "revenue_4q": null,
            "common_shares": 3798837,
            "book_valuer_per_share": 11.58,
            "book_valuer_per_share_4q_avg": 11.57,
            "equity": 4400259,
            "current_ratio": 276.62,
            "debt_ratio": 26.04,
            "inventory_turnover_ratio": 0.46,
            "account_receivable_turnover_ratio": 2.25,
            "reinvestment_rate": -41.41,
            "research_to_sale_ratio": null,
            "price_fair": 19.73,
            "eps_avg_yearly": 0.56,
            "eps_latest_yearly": 0.92,
            "eps_growth_yearly": 281.82
        },
        "20143": {
            "year_quarter": 20143,
            "year": 2014,
            "quarter": 3,
            "eps": -0.17,
            "eps_growth_year": null,
            "eps_4q": 0.31,
            "eps_4q_growth_year": null,
            "roe": -1.43,
            "roe_4q": 2.7699999999999996,
            "gross_profit": 166131,
            "gross_margin": 21.5,
            "gross_margin_4q_avg": 27.52,
            "net_income": -65510,
            "net_income_4q": null,
            "revenue": 772566,
            "revenue_4q": null,
            "common_shares": 3798837,
            "book_valuer_per_share": 12.5,
            "book_valuer_per_share_4q_avg": 11.86,
            "equity": 4748037,
            "current_ratio": 251.59,
            "debt_ratio": 26.58,
            "inventory_turnover_ratio": 0.48,
            "account_receivable_turnover_ratio": 2.41,
            "reinvestment_rate": 31.98,
            "research_to_sale_ratio": null,
            "price_fair": 20.44,
            "eps_avg_yearly": 0.58,
            "eps_latest_yearly": 0.92,
            "eps_growth_yearly": 310
        },
        "20144": {
            "year_quarter": 20144,
            "year": 2014,
            "quarter": 4,
            "eps": 0.06,
            "eps_growth_year": -78.95,
            "eps_4q": 0.08,
            "eps_4q_growth_year": 75,
            "roe": 0.5,
            "roe_4q": 0.6599999999999999,
            "gross_profit": 297348,
            "gross_margin": 33.25,
            "gross_margin_4q_avg": 28.17,
            "net_income": 23832,
            "net_income_4q": null,
            "revenue": 894241,
            "revenue_4q": null,
            "common_shares": 3798837,
            "book_valuer_per_share": 12.71,
            "book_valuer_per_share_4q_avg": 12.16,
            "equity": 4828463,
            "current_ratio": 263.74,
            "debt_ratio": 25.94,
            "inventory_turnover_ratio": 0.43,
            "account_receivable_turnover_ratio": 2.51,
            "reinvestment_rate": 66.62,
            "research_to_sale_ratio": null,
            "price_fair": 20.69,
            "eps_avg_yearly": 0.59,
            "eps_latest_yearly": 0.92,
            "eps_growth_yearly": 324.69
        },
        "20151": {
            "year_quarter": 20151,
            "year": 2015,
            "quarter": 1,
            "eps": -0.25,
            "eps_growth_year": -208.7,
            "eps_4q": -0.39,
            "eps_4q_growth_year": -233.32,
            "roe": -1.95,
            "roe_4q": -3.2199999999999998,
            "gross_profit": 219948,
            "gross_margin": 23.43,
            "gross_margin_4q_avg": 27.4,
            "net_income": -93089,
            "net_income_4q": null,
            "revenue": 938842,
            "revenue_4q": null,
            "common_shares": 3798837,
            "book_valuer_per_share": 12.42,
            "book_valuer_per_share_4q_avg": 12.3,
            "equity": 4719869,
            "current_ratio": 245.4,
            "debt_ratio": 27.62,
            "inventory_turnover_ratio": 0.5,
            "account_receivable_turnover_ratio": 2.53,
            "reinvestment_rate": 86.88,
            "research_to_sale_ratio": null,
            "price_fair": 22.05,
            "eps_avg_yearly": 0.63,
            "eps_latest_yearly": 0.92,
            "eps_growth_yearly": 388.36
        },
        "20152": {
            "year_quarter": 20152,
            "year": 2015,
            "quarter": 2,
            "eps": -0.24,
            "eps_growth_year": null,
            "eps_4q": -0.59,
            "eps_4q_growth_year": -245.66,
            "roe": -1.94,
            "roe_4q": -4.819999999999999,
            "gross_profit": 219904,
            "gross_margin": 27.24,
            "gross_margin_4q_avg": 26.36,
            "net_income": -90047,
            "net_income_4q": null,
            "revenue": 807158,
            "revenue_4q": null,
            "common_shares": 3798837,
            "book_valuer_per_share": 11.99,
            "book_valuer_per_share_4q_avg": 12.41,
            "equity": 4554110,
            "current_ratio": 244.5,
            "debt_ratio": 27.62,
            "inventory_turnover_ratio": 0.39,
            "account_receivable_turnover_ratio": 2.21,
            "reinvestment_rate": 233.87,
            "research_to_sale_ratio": null,
            "price_fair": 18,
            "eps_avg_yearly": 0.51,
            "eps_latest_yearly": 0.92,
            "eps_growth_yearly": 207.1
        },
        "20153": {
            "year_quarter": 20153,
            "year": 2015,
            "quarter": 3,
            "eps": -0.34,
            "eps_growth_year": null,
            "eps_4q": -0.76,
            "eps_4q_growth_year": -343.61,
            "roe": -2.88,
            "roe_4q": -6.2700000000000005,
            "gross_profit": 142279,
            "gross_margin": 16,
            "gross_margin_4q_avg": 24.98,
            "net_income": -129389,
            "net_income_4q": null,
            "revenue": 889344,
            "revenue_4q": null,
            "common_shares": 3798837,
            "book_valuer_per_share": 11.67,
            "book_valuer_per_share_4q_avg": 12.2,
            "equity": 4434360,
            "current_ratio": 237.74,
            "debt_ratio": 28.73,
            "inventory_turnover_ratio": 0.45,
            "account_receivable_turnover_ratio": 2.73,
            "reinvestment_rate": null,
            "research_to_sale_ratio": null,
            "price_fair": 20.07,
            "eps_avg_yearly": 0.57,
            "eps_latest_yearly": 0.92,
            "eps_growth_yearly": 300.88
        },
        "20154": {
            "year_quarter": 20154,
            "year": 2015,
            "quarter": 4,
            "eps": -0.19,
            "eps_growth_year": -402.44,
            "eps_4q": -1.01,
            "eps_4q_growth_year": -1421.61,
            "roe": -1.66,
            "roe_4q": -8.43,
            "gross_profit": 176099,
            "gross_margin": 19.2,
            "gross_margin_4q_avg": 21.47,
            "net_income": -72078,
            "net_income_4q": null,
            "revenue": 917138,
            "revenue_4q": null,
            "common_shares": 3798837,
            "book_valuer_per_share": 11.16,
            "book_valuer_per_share_4q_avg": 11.81,
            "equity": 4239547,
            "current_ratio": 250.54,
            "debt_ratio": 26.83,
            "inventory_turnover_ratio": 0.44,
            "account_receivable_turnover_ratio": 3.11,
            "reinvestment_rate": null,
            "research_to_sale_ratio": null,
            "price_fair": 18.76,
            "eps_avg_yearly": 0.54,
            "eps_latest_yearly": 0.92,
            "eps_growth_yearly": 61.06
        },
        "20161": {
            "year_quarter": 20161,
            "year": 2016,
            "quarter": 1,
            "eps": -0.32,
            "eps_growth_year": null,
            "eps_4q": -1.09,
            "eps_4q_growth_year": null,
            "roe": -2.88,
            "roe_4q": -9.36,
            "gross_profit": 139248,
            "gross_margin": 15.59,
            "gross_margin_4q_avg": 19.51,
            "net_income": -121473,
            "net_income_4q": null,
            "revenue": 893036,
            "revenue_4q": null,
            "common_shares": 3798837,
            "book_valuer_per_share": 11.06,
            "book_valuer_per_share_4q_avg": 11.47,
            "equity": 4203019,
            "current_ratio": 237.47,
            "debt_ratio": 26.4,
            "inventory_turnover_ratio": 0.51,
            "account_receivable_turnover_ratio": 3,
            "reinvestment_rate": null,
            "research_to_sale_ratio": null,
            "price_fair": 12.8,
            "eps_avg_yearly": 0.38,
            "eps_latest_yearly": 0.92,
            "eps_growth_yearly": 23.69
        },
        "20162": {
            "year_quarter": 20162,
            "year": 2016,
            "quarter": 2,
            "eps": 0.25,
            "eps_growth_year": null,
            "eps_4q": -0.6,
            "eps_4q_growth_year": null,
            "roe": 2.29,
            "roe_4q": -5.13,
            "gross_profit": 166105,
            "gross_margin": 24.29,
            "gross_margin_4q_avg": 18.77,
            "net_income": 94685,
            "net_income_4q": null,
            "revenue": 683874,
            "revenue_4q": null,
            "common_shares": 3798837,
            "book_valuer_per_share": 10.74,
            "book_valuer_per_share_4q_avg": 11.16,
            "equity": 4081581,
            "current_ratio": 274.7,
            "debt_ratio": 23.45,
            "inventory_turnover_ratio": 0.36,
            "account_receivable_turnover_ratio": 2.55,
            "reinvestment_rate": null,
            "research_to_sale_ratio": null,
            "price_fair": 12.6,
            "eps_avg_yearly": 0.36,
            "eps_latest_yearly": 0.92,
            "eps_growth_yearly": 114.34
        },
        "20163": {
            "year_quarter": 20163,
            "year": 2016,
            "quarter": 3,
            "eps": -0.23,
            "eps_growth_year": null,
            "eps_4q": -0.49,
            "eps_4q_growth_year": null,
            "roe": -2.21,
            "roe_4q": -4.46,
            "gross_profit": 103533,
            "gross_margin": 14.56,
            "gross_margin_4q_avg": 18.41,
            "net_income": -88929,
            "net_income_4q": null,
            "revenue": 710846,
            "revenue_4q": null,
            "common_shares": 3798837,
            "book_valuer_per_share": 10.42,
            "book_valuer_per_share_4q_avg": 10.85,
            "equity": 3957584,
            "current_ratio": 262.72,
            "debt_ratio": 24.54,
            "inventory_turnover_ratio": 0.41,
            "account_receivable_turnover_ratio": 3.13,
            "reinvestment_rate": null,
            "research_to_sale_ratio": null,
            "price_fair": 18.2,
            "eps_avg_yearly": 0.52,
            "eps_latest_yearly": 0.92,
            "eps_growth_yearly": 353.33
        },
        "20164": {
            "year_quarter": 20164,
            "year": 2016,
            "quarter": 4,
            "eps": -0.15,
            "eps_growth_year": null,
            "eps_4q": -0.45,
            "eps_4q_growth_year": null,
            "roe": -1.41,
            "roe_4q": -4.21,
            "gross_profit": 169556,
            "gross_margin": 24.84,
            "gross_margin_4q_avg": 19.82,
            "net_income": -55242,
            "net_income_4q": null,
            "revenue": 682613,
            "revenue_4q": null,
            "common_shares": 3798837,
            "book_valuer_per_share": 10.21,
            "book_valuer_per_share_4q_avg": 10.61,
            "equity": 3878024,
            "current_ratio": 256.53,
            "debt_ratio": 25.2,
            "inventory_turnover_ratio": 0.35,
            "account_receivable_turnover_ratio": 2.7,
            "reinvestment_rate": null,
            "research_to_sale_ratio": null,
            "price_fair": 2.76,
            "eps_avg_yearly": 0.92,
            "eps_latest_yearly": 0.92,
            "eps_growth_yearly": -93.33
        },
        "20171": {
            "year_quarter": 20171,
            "year": 2017,
            "quarter": 1,
            "eps": -0.37,
            "eps_growth_year": null,
            "eps_4q": -0.5,
            "eps_4q_growth_year": null,
            "roe": -3.67,
            "roe_4q": -5,
            "gross_profit": 90324,
            "gross_margin": 14.32,
            "gross_margin_4q_avg": 19.5,
            "net_income": -140042,
            "net_income_4q": null,
            "revenue": 630717,
            "revenue_4q": null,
            "common_shares": 3798837,
            "book_valuer_per_share": 9.88,
            "book_valuer_per_share_4q_avg": 10.31,
            "equity": 3751581,
            "current_ratio": 256.79,
            "debt_ratio": 24.35,
            "inventory_turnover_ratio": 0.42,
            "account_receivable_turnover_ratio": 2.81,
            "reinvestment_rate": null,
            "research_to_sale_ratio": null,
            "price_fair": 2.76,
            "eps_avg_yearly": 0.92,
            "eps_latest_yearly": 0.92,
            "eps_growth_yearly": -93.33
        },
        "20172": {
            "year_quarter": 20172,
            "year": 2017,
            "quarter": 2,
            "eps": -0.21,
            "eps_growth_year": -184,
            "eps_4q": -0.96,
            "eps_4q_growth_year": null,
            "roe": -2.15,
            "roe_4q": -9.440000000000001,
            "gross_profit": 83948,
            "gross_margin": 17.48,
            "gross_margin_4q_avg": 17.8,
            "net_income": -80069,
            "net_income_4q": null,
            "revenue": 480306,
            "revenue_4q": null,
            "common_shares": 3798837,
            "book_valuer_per_share": 9.77,
            "book_valuer_per_share_4q_avg": 10.07,
            "equity": 3711808,
            "current_ratio": 270.72,
            "debt_ratio": 23.09,
            "inventory_turnover_ratio": 0.35,
            "account_receivable_turnover_ratio": 2.99,
            "reinvestment_rate": null,
            "research_to_sale_ratio": null,
            "price_fair": 2.76,
            "eps_avg_yearly": 0.92,
            "eps_latest_yearly": 0.92,
            "eps_growth_yearly": -93.33
        },
        "20173": {
            "year_quarter": 20173,
            "year": 2017,
            "quarter": 3,
            "eps": -0.25,
            "eps_growth_year": null,
            "eps_4q": -0.97,
            "eps_4q_growth_year": null,
            "roe": -2.53,
            "roe_4q": -9.76,
            "gross_profit": 46282,
            "gross_margin": 10.18,
            "gross_margin_4q_avg": 16.71,
            "net_income": -93709,
            "net_income_4q": null,
            "revenue": 454514,
            "revenue_4q": null,
            "common_shares": 3798837,
            "book_valuer_per_share": 9.7,
            "book_valuer_per_share_4q_avg": 9.89,
            "equity": 3684475,
            "current_ratio": 276.28,
            "debt_ratio": 22.07,
            "inventory_turnover_ratio": 0.39,
            "account_receivable_turnover_ratio": 2.58,
            "reinvestment_rate": null,
            "research_to_sale_ratio": null,
            "price_fair": 2.76,
            "eps_avg_yearly": 0.92,
            "eps_latest_yearly": 0.92,
            "eps_growth_yearly": -93.33
        },
        "20174": {
            "year_quarter": 20174,
            "year": 2017,
            "quarter": 4,
            "eps": -0.38,
            "eps_growth_year": null,
            "eps_4q": -1.21,
            "eps_4q_growth_year": null,
            "roe": -4.03,
            "roe_4q": -12.38,
            "gross_profit": 64770,
            "gross_margin": 13.88,
            "gross_margin_4q_avg": 13.97,
            "net_income": -145119,
            "net_income_4q": null,
            "revenue": 466593,
            "revenue_4q": null,
            "common_shares": 3798837,
            "book_valuer_per_share": 9.27,
            "book_valuer_per_share_4q_avg": 9.66,
            "equity": 3521159,
            "current_ratio": 269.54,
            "debt_ratio": 22.45,
            "inventory_turnover_ratio": 0.42,
            "account_receivable_turnover_ratio": 2.53,
            "reinvestment_rate": null,
            "research_to_sale_ratio": null,
            "price_fair": 2.76,
            "eps_avg_yearly": 0.92,
            "eps_latest_yearly": 0.92,
            "eps_growth_yearly": -93.33
        },
        "20181": {
            "year_quarter": 20181,
            "year": 2018,
            "quarter": 1,
            "eps": -0.16,
            "eps_growth_year": null,
            "eps_4q": -1,
            "eps_4q_growth_year": null,
            "roe": -1.76,
            "roe_4q": -10.47,
            "gross_profit": 61773,
            "gross_margin": 13.48,
            "gross_margin_4q_avg": 13.76,
            "net_income": -61857,
            "net_income_4q": null,
            "revenue": 458157,
            "revenue_4q": null,
            "common_shares": 3798837,
            "book_valuer_per_share": 9.2,
            "book_valuer_per_share_4q_avg": 9.49,
            "equity": 3495741,
            "current_ratio": 278.02,
            "debt_ratio": 21.26,
            "inventory_turnover_ratio": 0.51,
            "account_receivable_turnover_ratio": 3.06,
            "reinvestment_rate": null,
            "research_to_sale_ratio": null,
            "price_fair": 0,
            "eps_avg_yearly": 0,
            "eps_latest_yearly": 0,
            "eps_growth_yearly": 0
        },
        "20182": {
            "year_quarter": 20182,
            "year": 2018,
            "quarter": 2,
            "eps": -0.07,
            "eps_growth_year": null,
            "eps_4q": -0.86,
            "eps_4q_growth_year": null,
            "roe": -0.73,
            "roe_4q": -9.05,
            "gross_profit": 55821,
            "gross_margin": 17.28,
            "gross_margin_4q_avg": 13.71,
            "net_income": -25339,
            "net_income_4q": null,
            "revenue": 322948,
            "revenue_4q": null,
            "common_shares": 3798837,
            "book_valuer_per_share": 9.18,
            "book_valuer_per_share_4q_avg": 9.34,
            "equity": 3488386,
            "current_ratio": 290.7,
            "debt_ratio": 20.07,
            "inventory_turnover_ratio": 0.4,
            "account_receivable_turnover_ratio": 2.46,
            "reinvestment_rate": null,
            "research_to_sale_ratio": 1.7,
            "price_fair": 0,
            "eps_avg_yearly": 0,
            "eps_latest_yearly": 0,
            "eps_growth_yearly": 0
        },
        "20183": {
            "year_quarter": 20183,
            "year": 2018,
            "quarter": 3,
            "eps": -0.16,
            "eps_growth_year": null,
            "eps_4q": -0.77,
            "eps_4q_growth_year": null,
            "roe": -1.8,
            "roe_4q": -8.32,
            "gross_profit": 45602,
            "gross_margin": 15.63,
            "gross_margin_4q_avg": 15.07,
            "net_income": -62015,
            "net_income_4q": null,
            "revenue": 291729,
            "revenue_4q": null,
            "common_shares": 3798837,
            "book_valuer_per_share": 8.99,
            "book_valuer_per_share_4q_avg": 9.16,
            "equity": 3415371,
            "current_ratio": 296.4,
            "debt_ratio": 19.29,
            "inventory_turnover_ratio": 0.37,
            "account_receivable_turnover_ratio": 2.23,
            "reinvestment_rate": null,
            "research_to_sale_ratio": 1.68,
            "price_fair": 0,
            "eps_avg_yearly": 0,
            "eps_latest_yearly": 0,
            "eps_growth_yearly": 0
        },
        "20184": {
            "year_quarter": 20184,
            "year": 2018,
            "quarter": 4,
            "eps": -0.22,
            "eps_growth_year": null,
            "eps_4q": -0.61,
            "eps_4q_growth_year": null,
            "roe": -2.48,
            "roe_4q": -6.77,
            "gross_profit": 82906,
            "gross_margin": 19.42,
            "gross_margin_4q_avg": 16.45,
            "net_income": -84357,
            "net_income_4q": null,
            "revenue": 426826,
            "revenue_4q": null,
            "common_shares": 3798837,
            "book_valuer_per_share": 8.9,
            "book_valuer_per_share_4q_avg": 9.07,
            "equity": 3380031,
            "current_ratio": 278.99,
            "debt_ratio": 19.27,
            "inventory_turnover_ratio": 0.52,
            "account_receivable_turnover_ratio": 3.25,
            "reinvestment_rate": null,
            "research_to_sale_ratio": 1.56,
            "price_fair": 0,
            "eps_avg_yearly": 0,
            "eps_latest_yearly": 0,
            "eps_growth_yearly": 0
        },
        "20191": {
            "year_quarter": 20191,
            "year": 2019,
            "quarter": 1,
            "eps": -0.12,
            "eps_growth_year": null,
            "eps_4q": -0.57,
            "eps_4q_growth_year": null,
            "roe": -1.32,
            "roe_4q": -6.33,
            "gross_profit": 82670,
            "gross_margin": 22.13,
            "gross_margin_4q_avg": 18.62,
            "net_income": -45349,
            "net_income_4q": null,
            "revenue": 373571,
            "revenue_4q": null,
            "common_shares": 3798837,
            "book_valuer_per_share": 9.23,
            "book_valuer_per_share_4q_avg": 9.08,
            "equity": 3507240,
            "current_ratio": 426.65,
            "debt_ratio": 17.84,
            "inventory_turnover_ratio": 0.47,
            "account_receivable_turnover_ratio": 2.87,
            "reinvestment_rate": null,
            "research_to_sale_ratio": 0.84,
            "price_fair": 0,
            "eps_avg_yearly": 0,
            "eps_latest_yearly": 0,
            "eps_growth_yearly": 0
        },
        "20192": {
            "year_quarter": 20192,
            "year": 2019,
            "quarter": 2,
            "eps": 0.01,
            "eps_growth_year": null,
            "eps_4q": -0.49,
            "eps_4q_growth_year": null,
            "roe": 0.13,
            "roe_4q": -5.47,
            "gross_profit": 89962,
            "gross_margin": 27.57,
            "gross_margin_4q_avg": 21.19,
            "net_income": 4799,
            "net_income_4q": null,
            "revenue": 326264,
            "revenue_4q": null,
            "common_shares": 3798837,
            "book_valuer_per_share": 9.56,
            "book_valuer_per_share_4q_avg": 9.17,
            "equity": 3631607,
            "current_ratio": 521.22,
            "debt_ratio": 15.22,
            "inventory_turnover_ratio": 0.42,
            "account_receivable_turnover_ratio": 2.85,
            "reinvestment_rate": null,
            "research_to_sale_ratio": 0.86,
            "price_fair": 0,
            "eps_avg_yearly": 0,
            "eps_latest_yearly": 0,
            "eps_growth_yearly": 0
        },
        "20193": {
            "year_quarter": 20193,
            "year": 2019,
            "quarter": 3,
            "eps": -0.06,
            "eps_growth_year": null,
            "eps_4q": -0.52,
            "eps_4q_growth_year": null,
            "roe": -0.47,
            "roe_4q": -4.140000000000001,
            "gross_profit": 71835,
            "gross_margin": 22.87,
            "gross_margin_4q_avg": 23,
            "net_income": -16768,
            "net_income_4q": null,
            "revenue": 314057,
            "revenue_4q": null,
            "common_shares": 2708690,
            "book_valuer_per_share": 13.04,
            "book_valuer_per_share_4q_avg": 10.18,
            "equity": 3531880,
            "current_ratio": 528.88,
            "debt_ratio": 15.24,
            "inventory_turnover_ratio": 0.43,
            "account_receivable_turnover_ratio": 2.68,
            "reinvestment_rate": null,
            "research_to_sale_ratio": 0.9,
            "price_fair": 0,
            "eps_avg_yearly": 0,
            "eps_latest_yearly": 0,
            "eps_growth_yearly": 0
        },
        "20194": {
            "year_quarter": 20194,
            "year": 2019,
            "quarter": 4,
            "eps": 1.97,
            "eps_growth_year": null,
            "eps_4q": 1.67,
            "eps_4q_growth_year": null,
            "roe": 11.24,
            "roe_4q": 9.58,
            "gross_profit": 99547,
            "gross_margin": 25.41,
            "gross_margin_4q_avg": 24.5,
            "net_income": 374657,
            "net_income_4q": null,
            "revenue": 391760,
            "revenue_4q": null,
            "common_shares": 1899419,
            "book_valuer_per_share": 16.51,
            "book_valuer_per_share_4q_avg": 12.09,
            "equity": 3135236,
            "current_ratio": 254.53,
            "debt_ratio": 28.48,
            "inventory_turnover_ratio": 0.52,
            "account_receivable_turnover_ratio": 2.9,
            "reinvestment_rate": null,
            "research_to_sale_ratio": 1.23,
            "price_fair": 0,
            "eps_avg_yearly": 0,
            "eps_latest_yearly": 0,
            "eps_growth_yearly": 0
        },
        "20201": {
            "year_quarter": 20201,
            "year": 2020,
            "quarter": 1,
            "eps": -0.32,
            "eps_growth_year": null,
            "eps_4q": 1.59,
            "eps_4q_growth_year": null,
            "roe": -2.05,
            "roe_4q": 8.850000000000001,
            "gross_profit": 74667,
            "gross_margin": 26.46,
            "gross_margin_4q_avg": 25.58,
            "net_income": -61556,
            "net_income_4q": null,
            "revenue": 282224,
            "revenue_4q": null,
            "common_shares": 1899419,
            "book_valuer_per_share": 15.17,
            "book_valuer_per_share_4q_avg": 13.57,
            "equity": 2880823,
            "current_ratio": 566.8,
            "debt_ratio": 13.3,
            "inventory_turnover_ratio": 0.42,
            "account_receivable_turnover_ratio": 2.42,
            "reinvestment_rate": null,
            "research_to_sale_ratio": 0.74,
            "price_fair": 0,
            "eps_avg_yearly": 0,
            "eps_latest_yearly": 0,
            "eps_growth_yearly": 0
        },
        "20202": {
            "year_quarter": 20202,
            "year": 2020,
            "quarter": 2,
            "eps": -0.13,
            "eps_growth_year": -1400,
            "eps_4q": 1.43,
            "eps_4q_growth_year": null,
            "roe": -0.87,
            "roe_4q": 7.8500000000000005,
            "gross_profit": 55434,
            "gross_margin": 25.01,
            "gross_margin_4q_avg": 24.94,
            "net_income": -25011,
            "net_income_4q": null,
            "revenue": 221621,
            "revenue_4q": null,
            "common_shares": 1899419,
            "book_valuer_per_share": 14.99,
            "book_valuer_per_share_4q_avg": 14.93,
            "equity": 2847589,
            "current_ratio": 514.04,
            "debt_ratio": 14.4,
            "inventory_turnover_ratio": 0.39,
            "account_receivable_turnover_ratio": 2.45,
            "reinvestment_rate": null,
            "research_to_sale_ratio": 1.32,
            "price_fair": 0,
            "eps_avg_yearly": 0,
            "eps_latest_yearly": 0,
            "eps_growth_yearly": 0
        },
        "20203": {
            "year_quarter": 20203,
            "year": 2020,
            "quarter": 3,
            "eps": -1.23,
            "eps_growth_year": null,
            "eps_4q": 0.28,
            "eps_4q_growth_year": null,
            "roe": -8.72,
            "roe_4q": -0.40000000000000036,
            "gross_profit": -38670,
            "gross_margin": -14.74,
            "gross_margin_4q_avg": 15.54,
            "net_income": -235047,
            "net_income_4q": null,
            "revenue": 262301,
            "revenue_4q": null,
            "common_shares": 1899419,
            "book_valuer_per_share": 13.39,
            "book_valuer_per_share_4q_avg": 15.02,
            "equity": 2543151,
            "current_ratio": 371.52,
            "debt_ratio": 18.55,
            "inventory_turnover_ratio": 0.85,
            "account_receivable_turnover_ratio": 2.64,
            "reinvestment_rate": null,
            "research_to_sale_ratio": 2.28,
            "price_fair": 0,
            "eps_avg_yearly": 0,
            "eps_latest_yearly": 0,
            "eps_growth_yearly": 0
        },
        "20204": {
            "year_quarter": 20204,
            "year": 2020,
            "quarter": 4,
            "eps": 0.29,
            "eps_growth_year": -85.27,
            "eps_4q": -1.4,
            "eps_4q_growth_year": -183.96,
            "roe": -1.23,
            "roe_4q": -12.870000000000001,
            "gross_profit": 117511,
            "gross_margin": 40.75,
            "gross_margin_4q_avg": 19.37,
            "net_income": -31429,
            "net_income_4q": null,
            "revenue": 288388,
            "revenue_4q": null,
            "common_shares": 1899419,
            "book_valuer_per_share": 13.47,
            "book_valuer_per_share_4q_avg": 14.26,
            "equity": 2558563,
            "current_ratio": 377.22,
            "debt_ratio": 18.7,
            "inventory_turnover_ratio": 0.61,
            "account_receivable_turnover_ratio": 2.69,
            "reinvestment_rate": null,
            "research_to_sale_ratio": 0.73,
            "price_fair": 0,
            "eps_avg_yearly": 0,
            "eps_latest_yearly": 0,
            "eps_growth_yearly": 0
        },
        "20211": {
            "year_quarter": 20211,
            "year": 2021,
            "quarter": 1,
            "eps": 0.52,
            "eps_growth_year": null,
            "eps_4q": -0.58,
            "eps_4q_growth_year": -136.31,
            "roe": 3.75,
            "roe_4q": -7.070000000000001,
            "gross_profit": 200783,
            "gross_margin": 62.99,
            "gross_margin_4q_avg": 28.5,
            "net_income": 97868,
            "net_income_4q": null,
            "revenue": 318747,
            "revenue_4q": null,
            "common_shares": 1899419,
            "book_valuer_per_share": 14.04,
            "book_valuer_per_share_4q_avg": 13.97,
            "equity": 2666320,
            "current_ratio": 354.7,
            "debt_ratio": 19.54,
            "inventory_turnover_ratio": 0.39,
            "account_receivable_turnover_ratio": 2.85,
            "reinvestment_rate": null,
            "research_to_sale_ratio": 0.35,
            "price_fair": 72.8,
            "eps_avg_yearly": 2.08,
            "eps_latest_yearly": 2.08,
            "eps_growth_yearly": 317.24
        },
        "20212": {
            "year_quarter": 20212,
            "year": 2021,
            "quarter": 2,
            "eps": 0.19,
            "eps_growth_year": null,
            "eps_4q": -0.26,
            "eps_4q_growth_year": -117.99,
            "roe": 1.31,
            "roe_4q": -4.890000000000001,
            "gross_profit": 160406,
            "gross_margin": 54.09,
            "gross_margin_4q_avg": 35.77,
            "net_income": 35524,
            "net_income_4q": null,
            "revenue": 296530,
            "revenue_4q": null,
            "common_shares": 1899419,
            "book_valuer_per_share": 14.44,
            "book_valuer_per_share_4q_avg": 13.84,
            "equity": 2741902,
            "current_ratio": 291.65,
            "debt_ratio": 23.83,
            "inventory_turnover_ratio": 0.35,
            "account_receivable_turnover_ratio": 2.36,
            "reinvestment_rate": null,
            "research_to_sale_ratio": 0.29,
            "price_fair": 49.7,
            "eps_avg_yearly": 1.42,
            "eps_latest_yearly": 0.76,
            "eps_growth_yearly": 31.7
        },
        "20213": {
            "year_quarter": 20213,
            "year": 2021,
            "quarter": 3,
            "eps": 0.13,
            "eps_growth_year": null,
            "eps_4q": 1.11,
            "eps_4q_growth_year": 297.72,
            "roe": 0.91,
            "roe_4q": 4.74,
            "gross_profit": 107255,
            "gross_margin": 42.6,
            "gross_margin_4q_avg": 50.11,
            "net_income": 24723,
            "net_income_4q": null,
            "revenue": 251783,
            "revenue_4q": null,
            "common_shares": 1899419,
            "book_valuer_per_share": 14.22,
            "book_valuer_per_share_4q_avg": 14.04,
            "equity": 2700221,
            "current_ratio": 250.87,
            "debt_ratio": 27.18,
            "inventory_turnover_ratio": 0.3,
            "account_receivable_turnover_ratio": 1.37,
            "reinvestment_rate": null,
            "research_to_sale_ratio": 0.37,
            "price_fair": 3.36,
            "eps_avg_yearly": 1.12,
            "eps_latest_yearly": 0.52,
            "eps_growth_yearly": -20.97
        },
        "20214": {
            "year_quarter": 20214,
            "year": 2021,
            "quarter": 4,
            "eps": -0.36,
            "eps_growth_year": -225.24,
            "eps_4q": 0.46,
            "eps_4q_growth_year": null,
            "roe": -2.24,
            "roe_4q": 3.73,
            "gross_profit": 171234,
            "gross_margin": 37.6,
            "gross_margin_4q_avg": 49.32,
            "net_income": -60401,
            "net_income_4q": null,
            "revenue": 455386,
            "revenue_4q": null,
            "common_shares": 1899419,
            "book_valuer_per_share": 14.14,
            "book_valuer_per_share_4q_avg": 14.21,
            "equity": 2685157,
            "current_ratio": 208.49,
            "debt_ratio": 32.61,
            "inventory_turnover_ratio": 0.5,
            "account_receivable_turnover_ratio": 1.57,
            "reinvestment_rate": null,
            "research_to_sale_ratio": 0.23,
            "price_fair": 3.36,
            "eps_avg_yearly": 1.12,
            "eps_latest_yearly": 0.52,
            "eps_growth_yearly": -20.97
        },
        "20221": {
            "year_quarter": 20221,
            "year": 2022,
            "quarter": 1,
            "eps": 0.04,
            "eps_growth_year": -92.31,
            "eps_4q": -0,
            "eps_4q_growth_year": null,
            "roe": 0.3,
            "roe_4q": 0.2799999999999998,
            "gross_profit": 159672,
            "gross_margin": 39.58,
            "gross_margin_4q_avg": 43.47,
            "net_income": 8056,
            "net_income_4q": null,
            "revenue": 403375,
            "revenue_4q": null,
            "common_shares": 1899419,
            "book_valuer_per_share": 14.5,
            "book_valuer_per_share_4q_avg": 14.33,
            "equity": 2754744,
            "current_ratio": 204.53,
            "debt_ratio": 33.42,
            "inventory_turnover_ratio": 0.37,
            "account_receivable_turnover_ratio": 1.24,
            "reinvestment_rate": null,
            "research_to_sale_ratio": 0.39,
            "price_fair": 3.36,
            "eps_avg_yearly": 1.12,
            "eps_latest_yearly": 0.52,
            "eps_growth_yearly": -20.97
        },
        "20222": {
            "year_quarter": 20222,
            "year": 2022,
            "quarter": 2,
            "eps": 0.01,
            "eps_growth_year": -94.74,
            "eps_4q": -0.18,
            "eps_4q_growth_year": null,
            "roe": 0.08,
            "roe_4q": -0.9500000000000003,
            "gross_profit": 102665,
            "gross_margin": 33.24,
            "gross_margin_4q_avg": 38.26,
            "net_income": 2311,
            "net_income_4q": null,
            "revenue": 308900,
            "revenue_4q": null,
            "common_shares": 1899419,
            "book_valuer_per_share": 14.32,
            "book_valuer_per_share_4q_avg": 14.3,
            "equity": 2720018,
            "current_ratio": 179.97,
            "debt_ratio": 38.61,
            "inventory_turnover_ratio": 0.27,
            "account_receivable_turnover_ratio": 0.81,
            "reinvestment_rate": null,
            "research_to_sale_ratio": 0.35,
            "price_fair": 2.55,
            "eps_avg_yearly": 0.85,
            "eps_latest_yearly": 0.04,
            "eps_growth_yearly": -90.73
        },
        "20223": {
            "year_quarter": 20223,
            "year": 2022,
            "quarter": 3,
            "eps": 0.26,
            "eps_growth_year": 100,
            "eps_4q": -0.05,
            "eps_4q_growth_year": -104.14,
            "roe": 1.84,
            "roe_4q": -0.020000000000000018,
            "gross_profit": 139211,
            "gross_margin": 35.54,
            "gross_margin_4q_avg": 36.49,
            "net_income": 50009,
            "net_income_4q": null,
            "revenue": 391697,
            "revenue_4q": null,
            "common_shares": 1899419,
            "book_valuer_per_share": 14.36,
            "book_valuer_per_share_4q_avg": 14.33,
            "equity": 2726801,
            "current_ratio": 171.1,
            "debt_ratio": 41.52,
            "inventory_turnover_ratio": 0.29,
            "account_receivable_turnover_ratio": 0.71,
            "reinvestment_rate": -404.14,
            "research_to_sale_ratio": 0.2,
            "price_fair": 31.08,
            "eps_avg_yearly": 0.89,
            "eps_latest_yearly": 1.04,
            "eps_growth_yearly": 1927.42
        },
        "20224": {
            "year_quarter": 20224,
            "year": 2022,
            "quarter": 4,
            "eps": 0.24,
            "eps_growth_year": null,
            "eps_4q": 0.56,
            "eps_4q_growth_year": 22.71,
            "roe": 1.69,
            "roe_4q": 3.91,
            "gross_profit": 34589,
            "gross_margin": 8.49,
            "gross_margin_4q_avg": 29.21,
            "net_income": 45975,
            "net_income_4q": null,
            "revenue": 407470,
            "revenue_4q": null,
            "common_shares": 1899419,
            "book_valuer_per_share": 14.24,
            "book_valuer_per_share_4q_avg": 14.36,
            "equity": 2704667,
            "current_ratio": 180.22,
            "debt_ratio": 39.87,
            "inventory_turnover_ratio": 0.47,
            "account_receivable_turnover_ratio": 0.81,
            "reinvestment_rate": -119.42,
            "research_to_sale_ratio": 0.15,
            "price_fair": 31.5,
            "eps_avg_yearly": 0.9,
            "eps_latest_yearly": 0.96,
            "eps_growth_yearly": 1601.05
        },
        "20231": {
            "year_quarter": 20231,
            "year": 2023,
            "quarter": 1,
            "eps": 0.07,
            "eps_growth_year": 75,
            "eps_4q": 0.59,
            "eps_4q_growth_year": null,
            "roe": 0.49,
            "roe_4q": 4.1,
            "gross_profit": 154435,
            "gross_margin": 35.53,
            "gross_margin_4q_avg": 28.2,
            "net_income": 13445,
            "net_income_4q": null,
            "revenue": 434610,
            "revenue_4q": null,
            "common_shares": 1899419,
            "book_valuer_per_share": 14.53,
            "book_valuer_per_share_4q_avg": 14.36,
            "equity": 2759896,
            "current_ratio": 231.59,
            "debt_ratio": 36.84,
            "inventory_turnover_ratio": 0.42,
            "account_receivable_turnover_ratio": 1.29,
            "reinvestment_rate": -83.41,
            "research_to_sale_ratio": 0.11,
            "price_fair": 28.4,
            "eps_avg_yearly": 0.81,
            "eps_latest_yearly": 0.28,
            "eps_growth_yearly": 1331.85
        },
        "20232": {
            "year_quarter": 20232,
            "year": 2023,
            "quarter": 2,
            "eps": 0.03,
            "eps_growth_year": 200,
            "eps_4q": 0.61,
            "eps_4q_growth_year": null,
            "roe": 0.23,
            "roe_4q": 4.25,
            "gross_profit": 125349,
            "gross_margin": 35.97,
            "gross_margin_4q_avg": 28.88,
            "net_income": 6110,
            "net_income_4q": null,
            "revenue": 348441,
            "revenue_4q": null,
            "common_shares": 1899419,
            "book_valuer_per_share": 13.94,
            "book_valuer_per_share_4q_avg": 14.27,
            "equity": 2648393,
            "current_ratio": 228.6,
            "debt_ratio": 36.96,
            "inventory_turnover_ratio": 0.38,
            "account_receivable_turnover_ratio": 1.35,
            "reinvestment_rate": -131.54,
            "research_to_sale_ratio": 0.22,
            "price_fair": 25.38,
            "eps_avg_yearly": 0.73,
            "eps_latest_yearly": 0.12,
            "eps_growth_yearly": 1136.8
        },
        "20233": {
            "year_quarter": 20233,
            "year": 2023,
            "quarter": 3,
            "eps": -0.02,
            "eps_growth_year": -107.69,
            "eps_4q": 0.32,
            "eps_4q_growth_year": null,
            "roe": -0.17,
            "roe_4q": 2.24,
            "gross_profit": 74254,
            "gross_margin": 24.05,
            "gross_margin_4q_avg": 26.01,
            "net_income": -4635,
            "net_income_4q": null,
            "revenue": 308796,
            "revenue_4q": null,
            "common_shares": 1899419,
            "book_valuer_per_share": 14.02,
            "book_valuer_per_share_4q_avg": 14.18,
            "equity": 2662548,
            "current_ratio": 281.51,
            "debt_ratio": 31.83,
            "inventory_turnover_ratio": 0.46,
            "account_receivable_turnover_ratio": 1.41,
            "reinvestment_rate": -184.13,
            "research_to_sale_ratio": 0.17,
            "price_fair": 25.38,
            "eps_avg_yearly": 0.73,
            "eps_latest_yearly": 0.12,
            "eps_growth_yearly": 1136.8
        },
        "20234": {
            "year_quarter": 20234,
            "year": 2023,
            "quarter": 4,
            "eps": -0.44,
            "eps_growth_year": -283.57,
            "eps_4q": -0.37,
            "eps_4q_growth_year": -165.33,
            "roe": -3.21,
            "roe_4q": -2.66,
            "gross_profit": 149364,
            "gross_margin": 35.14,
            "gross_margin_4q_avg": 32.67,
            "net_income": -84396,
            "net_income_4q": null,
            "revenue": 425019,
            "revenue_4q": null,
            "common_shares": 1899419,
            "book_valuer_per_share": 13.63,
            "book_valuer_per_share_4q_avg": 14.03,
            "equity": 2588977,
            "current_ratio": 360.76,
            "debt_ratio": 27.73,
            "inventory_turnover_ratio": 0.73,
            "account_receivable_turnover_ratio": 1.67,
            "reinvestment_rate": null,
            "research_to_sale_ratio": 0.13,
            "price_fair": 25.38,
            "eps_avg_yearly": 0.73,
            "eps_latest_yearly": 0.12,
            "eps_growth_yearly": 1136.8
        }
    },
    "months": {
        "2001-06": {
            "month": "2001-06",
            "price": "3.18",
            "revenue": 169724
        },
        "2001-07": {
            "month": "2001-07",
            "price": "2.84",
            "revenue": 210834
        },
        "2001-08": {
            "month": "2001-08",
            "price": "3.28",
            "revenue": 189728
        },
        "2001-09": {
            "month": "2001-09",
            "price": "3.15",
            "revenue": 157709
        },
        "2001-10": {
            "month": "2001-10",
            "price": "2.83",
            "revenue": 155514
        },
        "2001-11": {
            "month": "2001-11",
            "price": "3.25",
            "revenue": 129299
        },
        "2001-12": {
            "month": "2001-12",
            "price": "3.57",
            "revenue": 191013
        },
        "2002-01": {
            "month": "2002-01",
            "price": "3.91",
            "revenue": 114120
        },
        "2002-02": {
            "month": "2002-02",
            "price": "4.45",
            "revenue": 115176
        },
        "2002-03": {
            "month": "2002-03",
            "price": "5.16",
            "revenue": 98353
        },
        "2002-04": {
            "month": "2002-04",
            "price": "5.89",
            "revenue": 91911
        },
        "2002-05": {
            "month": "2002-05",
            "price": "5.77",
            "revenue": 126153
        },
        "2002-06": {
            "month": "2002-06",
            "price": "7.63",
            "revenue": 157628
        },
        "2002-07": {
            "month": "2002-07",
            "price": "9.72",
            "revenue": 163794
        },
        "2002-08": {
            "month": "2002-08",
            "price": "9.61",
            "revenue": 174290
        },
        "2002-09": {
            "month": "2002-09",
            "price": "10.19",
            "revenue": 163041
        },
        "2002-10": {
            "month": "2002-10",
            "price": "11.03",
            "revenue": 112883
        },
        "2002-11": {
            "month": "2002-11",
            "price": "11.09",
            "revenue": 160264
        },
        "2002-12": {
            "month": "2002-12",
            "price": "6.21",
            "revenue": 193021
        },
        "2003-01": {
            "month": "2003-01",
            "price": "6.12",
            "revenue": 119103
        },
        "2003-02": {
            "month": "2003-02",
            "price": "5.40",
            "revenue": 155570
        },
        "2003-03": {
            "month": "2003-03",
            "price": "4.66",
            "revenue": 132453
        },
        "2003-04": {
            "month": "2003-04",
            "price": "4.40",
            "revenue": 112714
        },
        "2003-05": {
            "month": "2003-05",
            "price": "3.94",
            "revenue": 114738
        },
        "2003-06": {
            "month": "2003-06",
            "price": "5.09",
            "revenue": 165477
        },
        "2003-07": {
            "month": "2003-07",
            "price": "5.71",
            "revenue": 153729
        },
        "2003-08": {
            "month": "2003-08",
            "price": "5.37",
            "revenue": 168662
        },
        "2003-09": {
            "month": "2003-09",
            "price": "5.13",
            "revenue": 162033
        },
        "2003-10": {
            "month": "2003-10",
            "price": "6.24",
            "revenue": 200167
        },
        "2003-11": {
            "month": "2003-11",
            "price": "6.29",
            "revenue": 153582
        },
        "2003-12": {
            "month": "2003-12",
            "price": "6.00",
            "revenue": 170571
        },
        "2004-01": {
            "month": "2004-01",
            "price": "6.54",
            "revenue": 145232
        },
        "2004-02": {
            "month": "2004-02",
            "price": "8.38",
            "revenue": 136219
        },
        "2004-03": {
            "month": "2004-03",
            "price": "7.85",
            "revenue": 143024
        },
        "2004-04": {
            "month": "2004-04",
            "price": "7.05",
            "revenue": 103492
        },
        "2004-05": {
            "month": "2004-05",
            "price": "5.82",
            "revenue": 153525
        },
        "2004-06": {
            "month": "2004-06",
            "price": "6.14",
            "revenue": 125198
        },
        "2004-07": {
            "month": "2004-07",
            "price": "5.85",
            "revenue": 207109
        },
        "2004-08": {
            "month": "2004-08",
            "price": "5.58",
            "revenue": 180710
        },
        "2004-09": {
            "month": "2004-09",
            "price": "5.86",
            "revenue": 165621
        },
        "2004-10": {
            "month": "2004-10",
            "price": "5.86",
            "revenue": 199847
        },
        "2004-11": {
            "month": "2004-11",
            "price": "5.54",
            "revenue": 158312
        },
        "2004-12": {
            "month": "2004-12",
            "price": "5.58",
            "revenue": 160394
        },
        "2005-01": {
            "month": "2005-01",
            "price": "6.55",
            "revenue": 158317
        },
        "2005-02": {
            "month": "2005-02",
            "price": "6.31",
            "revenue": 117430
        },
        "2005-03": {
            "month": "2005-03",
            "price": "7.36",
            "revenue": 107462
        },
        "2005-04": {
            "month": "2005-04",
            "price": "6.85",
            "revenue": 107430
        },
        "2005-05": {
            "month": "2005-05",
            "price": "6.62",
            "revenue": 149686
        },
        "2005-06": {
            "month": "2005-06",
            "price": "7.43",
            "revenue": 112873
        },
        "2005-07": {
            "month": "2005-07",
            "price": "7.55",
            "revenue": 225411
        },
        "2005-08": {
            "month": "2005-08",
            "price": "7.37",
            "revenue": 191942
        },
        "2005-09": {
            "month": "2005-09",
            "price": "6.38",
            "revenue": 92061
        },
        "2005-10": {
            "month": "2005-10",
            "price": "5.20",
            "revenue": 134594
        },
        "2005-11": {
            "month": "2005-11",
            "price": "5.12",
            "revenue": 173202
        },
        "2005-12": {
            "month": "2005-12",
            "price": "5.46",
            "revenue": 157910
        },
        "2006-01": {
            "month": "2006-01",
            "price": "5.41",
            "revenue": 134507
        },
        "2006-02": {
            "month": "2006-02",
            "price": "5.04",
            "revenue": 99920
        },
        "2006-03": {
            "month": "2006-03",
            "price": "4.92",
            "revenue": 111021
        },
        "2006-04": {
            "month": "2006-04",
            "price": "5.34",
            "revenue": 160372
        },
        "2006-05": {
            "month": "2006-05",
            "price": "6.35",
            "revenue": 137795
        },
        "2006-06": {
            "month": "2006-06",
            "price": "5.48",
            "revenue": 162277
        },
        "2006-07": {
            "month": "2006-07",
            "price": "5.89",
            "revenue": 228829
        },
        "2006-08": {
            "month": "2006-08",
            "price": "5.85",
            "revenue": 244844
        },
        "2006-09": {
            "month": "2006-09",
            "price": "6.13",
            "revenue": 144903
        },
        "2006-10": {
            "month": "2006-10",
            "price": "6.82",
            "revenue": 84549
        },
        "2006-11": {
            "month": "2006-11",
            "price": "6.91",
            "revenue": 91741
        },
        "2006-12": {
            "month": "2006-12",
            "price": "7.51",
            "revenue": 131209
        },
        "2007-01": {
            "month": "2007-01",
            "price": "7.11",
            "revenue": 100664
        },
        "2007-02": {
            "month": "2007-02",
            "price": "6.92",
            "revenue": 99437
        },
        "2007-03": {
            "month": "2007-03",
            "price": "7.27",
            "revenue": 67260
        },
        "2007-04": {
            "month": "2007-04",
            "price": "8.90",
            "revenue": 94584
        },
        "2007-05": {
            "month": "2007-05",
            "price": "8.44",
            "revenue": 104019
        },
        "2007-06": {
            "month": "2007-06",
            "price": "8.59",
            "revenue": 121487
        },
        "2007-07": {
            "month": "2007-07",
            "price": "10.69",
            "revenue": 126750
        },
        "2007-08": {
            "month": "2007-08",
            "price": "9.46",
            "revenue": 91228
        },
        "2007-09": {
            "month": "2007-09",
            "price": "9.44",
            "revenue": 81151
        },
        "2007-10": {
            "month": "2007-10",
            "price": "9.49",
            "revenue": 94708
        },
        "2007-11": {
            "month": "2007-11",
            "price": "8.14",
            "revenue": 106313
        },
        "2007-12": {
            "month": "2007-12",
            "price": "6.90",
            "revenue": 155873
        },
        "2008-01": {
            "month": "2008-01",
            "price": "7.46",
            "revenue": 108520
        },
        "2008-02": {
            "month": "2008-02",
            "price": "8.25",
            "revenue": 84525
        },
        "2008-03": {
            "month": "2008-03",
            "price": "9.32",
            "revenue": 76822
        },
        "2008-04": {
            "month": "2008-04",
            "price": "10.13",
            "revenue": 78523
        },
        "2008-05": {
            "month": "2008-05",
            "price": "10.62",
            "revenue": 89540
        },
        "2008-06": {
            "month": "2008-06",
            "price": "8.74",
            "revenue": 107656
        },
        "2008-07": {
            "month": "2008-07",
            "price": "7.03",
            "revenue": 113412
        },
        "2008-08": {
            "month": "2008-08",
            "price": "6.59",
            "revenue": 95115
        },
        "2008-09": {
            "month": "2008-09",
            "price": "5.22",
            "revenue": 71595
        },
        "2008-10": {
            "month": "2008-10",
            "price": "4.17",
            "revenue": 88301
        },
        "2008-11": {
            "month": "2008-11",
            "price": "3.70",
            "revenue": 86137
        },
        "2008-12": {
            "month": "2008-12",
            "price": "4.07",
            "revenue": 140417
        },
        "2009-01": {
            "month": "2009-01",
            "price": "3.95",
            "revenue": 141851
        },
        "2009-02": {
            "month": "2009-02",
            "price": "3.78",
            "revenue": 75504
        },
        "2009-03": {
            "month": "2009-03",
            "price": "4.50",
            "revenue": 78300
        },
        "2009-04": {
            "month": "2009-04",
            "price": "5.64",
            "revenue": 59390
        },
        "2009-05": {
            "month": "2009-05",
            "price": "6.05",
            "revenue": 83755
        },
        "2009-06": {
            "month": "2009-06",
            "price": "6.09",
            "revenue": 80993
        },
        "2009-07": {
            "month": "2009-07",
            "price": "6.31",
            "revenue": 98504
        },
        "2009-08": {
            "month": "2009-08",
            "price": "6.13",
            "revenue": 65123
        },
        "2009-09": {
            "month": "2009-09",
            "price": "6.40",
            "revenue": 67257
        },
        "2009-10": {
            "month": "2009-10",
            "price": "7.08",
            "revenue": 107794
        },
        "2009-11": {
            "month": "2009-11",
            "price": "7.44",
            "revenue": 113914
        },
        "2009-12": {
            "month": "2009-12",
            "price": "8.55",
            "revenue": 110457
        },
        "2010-01": {
            "month": "2010-01",
            "price": "8.87",
            "revenue": 122487
        },
        "2010-02": {
            "month": "2010-02",
            "price": "7.66",
            "revenue": 106538
        },
        "2010-03": {
            "month": "2010-03",
            "price": "8.17",
            "revenue": 87889
        },
        "2010-04": {
            "month": "2010-04",
            "price": "8.84",
            "revenue": 95026
        },
        "2010-05": {
            "month": "2010-05",
            "price": "9.66",
            "revenue": 72230
        },
        "2010-06": {
            "month": "2010-06",
            "price": "10.14",
            "revenue": 84551
        },
        "2010-07": {
            "month": "2010-07",
            "price": "9.36",
            "revenue": 105405
        },
        "2010-08": {
            "month": "2010-08",
            "price": "10.97",
            "revenue": 104218
        },
        "2010-09": {
            "month": "2010-09",
            "price": "11.19",
            "revenue": 83832
        },
        "2010-10": {
            "month": "2010-10",
            "price": "11.73",
            "revenue": 119199
        },
        "2010-11": {
            "month": "2010-11",
            "price": "11.08",
            "revenue": 122309
        },
        "2010-12": {
            "month": "2010-12",
            "price": "11.49",
            "revenue": 124428
        },
        "2011-01": {
            "month": "2011-01",
            "price": "11.38",
            "revenue": 139731
        },
        "2011-02": {
            "month": "2011-02",
            "price": "10.80",
            "revenue": 89823
        },
        "2011-03": {
            "month": "2011-03",
            "price": "9.79",
            "revenue": 89225
        },
        "2011-04": {
            "month": "2011-04",
            "price": "10.40",
            "revenue": 84219
        },
        "2011-05": {
            "month": "2011-05",
            "price": "10.01",
            "revenue": 87206
        },
        "2011-06": {
            "month": "2011-06",
            "price": "9.35",
            "revenue": 106787
        },
        "2011-07": {
            "month": "2011-07",
            "price": "9.92",
            "revenue": 112217
        },
        "2011-08": {
            "month": "2011-08",
            "price": "10.12",
            "revenue": 117565
        },
        "2011-09": {
            "month": "2011-09",
            "price": "9.31",
            "revenue": 81838
        },
        "2011-10": {
            "month": "2011-10",
            "price": "8.51",
            "revenue": 128187
        },
        "2011-11": {
            "month": "2011-11",
            "price": "9.06",
            "revenue": 165600
        },
        "2011-12": {
            "month": "2011-12",
            "price": "8.50",
            "revenue": 168604
        },
        "2012-01": {
            "month": "2012-01",
            "price": "8.51",
            "revenue": 193137
        },
        "2012-02": {
            "month": "2012-02",
            "price": "10.28",
            "revenue": 150230
        },
        "2012-03": {
            "month": "2012-03",
            "price": "10.79",
            "revenue": 161018
        },
        "2012-04": {
            "month": "2012-04",
            "price": "9.25",
            "revenue": 148461
        },
        "2012-05": {
            "month": "2012-05",
            "price": "9.80",
            "revenue": 166475
        },
        "2012-06": {
            "month": "2012-06",
            "price": "9.85",
            "revenue": 163704
        },
        "2012-07": {
            "month": "2012-07",
            "price": "10.18",
            "revenue": 217396
        },
        "2012-08": {
            "month": "2012-08",
            "price": "11.12",
            "revenue": 147037
        },
        "2012-09": {
            "month": "2012-09",
            "price": "10.67",
            "revenue": 150876
        },
        "2012-10": {
            "month": "2012-10",
            "price": "10.15",
            "revenue": 168548
        },
        "2012-11": {
            "month": "2012-11",
            "price": "9.10",
            "revenue": 123816
        },
        "2012-12": {
            "month": "2012-12",
            "price": "9.51",
            "revenue": 218040
        },
        "2013-01": {
            "month": "2013-01",
            "price": "9.59",
            "revenue": 298562
        },
        "2013-02": {
            "month": "2013-02",
            "price": "9.33",
            "revenue": 270449
        },
        "2013-03": {
            "month": "2013-03",
            "price": "9.10",
            "revenue": 261900
        },
        "2013-04": {
            "month": "2013-04",
            "price": "9.26",
            "revenue": 282241
        },
        "2013-05": {
            "month": "2013-05",
            "price": "9.53",
            "revenue": 293999
        },
        "2013-06": {
            "month": "2013-06",
            "price": "9.31",
            "revenue": 256567
        },
        "2013-07": {
            "month": "2013-07",
            "price": "9.25",
            "revenue": 278386
        },
        "2013-08": {
            "month": "2013-08",
            "price": "8.77",
            "revenue": 248706
        },
        "2013-09": {
            "month": "2013-09",
            "price": "8.61",
            "revenue": 199888
        },
        "2013-10": {
            "month": "2013-10",
            "price": "9.00",
            "revenue": 307695
        },
        "2013-11": {
            "month": "2013-11",
            "price": "8.53",
            "revenue": 311867
        },
        "2013-12": {
            "month": "2013-12",
            "price": "8.62",
            "revenue": 305622
        },
        "2014-01": {
            "month": "2014-01",
            "price": "8.76",
            "revenue": 316737
        },
        "2014-02": {
            "month": "2014-02",
            "price": "8.51",
            "revenue": 292436
        },
        "2014-03": {
            "month": "2014-03",
            "price": "8.39",
            "revenue": 270914
        },
        "2014-04": {
            "month": "2014-04",
            "price": "8.35",
            "revenue": 234264
        },
        "2014-05": {
            "month": "2014-05",
            "price": "8.23",
            "revenue": 233997
        },
        "2014-06": {
            "month": "2014-06",
            "price": "8.48",
            "revenue": 271094
        },
        "2014-07": {
            "month": "2014-07",
            "price": "8.44",
            "revenue": 269975
        },
        "2014-08": {
            "month": "2014-08",
            "price": "8.24",
            "revenue": 242741
        },
        "2014-09": {
            "month": "2014-09",
            "price": "8.19",
            "revenue": 260367
        },
        "2014-10": {
            "month": "2014-10",
            "price": "7.85",
            "revenue": 304716
        },
        "2014-11": {
            "month": "2014-11",
            "price": "7.72",
            "revenue": 265236
        },
        "2014-12": {
            "month": "2014-12",
            "price": "7.81",
            "revenue": 324289
        },
        "2015-01": {
            "month": "2015-01",
            "price": "7.93",
            "revenue": 327544
        },
        "2015-02": {
            "month": "2015-02",
            "price": "7.97",
            "revenue": 314335
        },
        "2015-03": {
            "month": "2015-03",
            "price": "8.30",
            "revenue": 296597
        },
        "2015-04": {
            "month": "2015-04",
            "price": "8.27",
            "revenue": 241295
        },
        "2015-05": {
            "month": "2015-05",
            "price": "7.93",
            "revenue": 224894
        },
        "2015-06": {
            "month": "2015-06",
            "price": "7.24",
            "revenue": 342095
        },
        "2015-07": {
            "month": "2015-07",
            "price": "7.01",
            "revenue": 323965
        },
        "2015-08": {
            "month": "2015-08",
            "price": "6.32",
            "revenue": 269977
        },
        "2015-09": {
            "month": "2015-09",
            "price": "5.87",
            "revenue": 294642
        },
        "2015-10": {
            "month": "2015-10",
            "price": "5.98",
            "revenue": 299409
        },
        "2015-11": {
            "month": "2015-11",
            "price": "5.51",
            "revenue": 354965
        },
        "2015-12": {
            "month": "2015-12",
            "price": "4.96",
            "revenue": 262708
        },
        "2016-01": {
            "month": "2016-01",
            "price": "4.89",
            "revenue": 324581
        },
        "2016-02": {
            "month": "2016-02",
            "price": "5.07",
            "revenue": 330009
        },
        "2016-03": {
            "month": "2016-03",
            "price": "5.39",
            "revenue": 238446
        },
        "2016-04": {
            "month": "2016-04",
            "price": "4.99",
            "revenue": 222427
        },
        "2016-05": {
            "month": "2016-05",
            "price": "4.63",
            "revenue": 229310
        },
        "2016-06": {
            "month": "2016-06",
            "price": "4.50",
            "revenue": 232136
        },
        "2016-07": {
            "month": "2016-07",
            "price": "4.65",
            "revenue": 263407
        },
        "2016-08": {
            "month": "2016-08",
            "price": "5.05",
            "revenue": 248005
        },
        "2016-09": {
            "month": "2016-09",
            "price": "5.18",
            "revenue": 199434
        },
        "2016-10": {
            "month": "2016-10",
            "price": "5.44",
            "revenue": 206863
        },
        "2016-11": {
            "month": "2016-11",
            "price": "5.16",
            "revenue": 209895
        },
        "2016-12": {
            "month": "2016-12",
            "price": "5.29",
            "revenue": 265856
        },
        "2017-01": {
            "month": "2017-01",
            "price": "5.18",
            "revenue": 248204
        },
        "2017-02": {
            "month": "2017-02",
            "price": "5.65",
            "revenue": 230993
        },
        "2017-03": {
            "month": "2017-03",
            "price": "5.61",
            "revenue": 151520
        },
        "2017-04": {
            "month": "2017-04",
            "price": "5.27",
            "revenue": 185148
        },
        "2017-05": {
            "month": "2017-05",
            "price": "5.04",
            "revenue": 149014
        },
        "2017-06": {
            "month": "2017-06",
            "price": "4.91",
            "revenue": 146143
        },
        "2017-07": {
            "month": "2017-07",
            "price": "4.88",
            "revenue": 173740
        },
        "2017-08": {
            "month": "2017-08",
            "price": "4.77",
            "revenue": 155933
        },
        "2017-09": {
            "month": "2017-09",
            "price": "4.91",
            "revenue": 124841
        },
        "2017-10": {
            "month": "2017-10",
            "price": "4.90",
            "revenue": 164350
        },
        "2017-11": {
            "month": "2017-11",
            "price": "4.82",
            "revenue": 156052
        },
        "2017-12": {
            "month": "2017-12",
            "price": "4.71",
            "revenue": 179353
        },
        "2018-01": {
            "month": "2018-01",
            "price": "4.78",
            "revenue": 175606
        },
        "2018-02": {
            "month": "2018-02",
            "price": "4.67",
            "revenue": 158076
        },
        "2018-03": {
            "month": "2018-03",
            "price": "4.61",
            "revenue": 124475
        },
        "2018-04": {
            "month": "2018-04",
            "price": "4.58",
            "revenue": 106437
        },
        "2018-05": {
            "month": "2018-05",
            "price": "5.06",
            "revenue": 99104
        },
        "2018-06": {
            "month": "2018-06",
            "price": "6.25",
            "revenue": 117407
        },
        "2018-07": {
            "month": "2018-07",
            "price": "5.30",
            "revenue": 105756
        },
        "2018-08": {
            "month": "2018-08",
            "price": "5.14",
            "revenue": 84836
        },
        "2018-09": {
            "month": "2018-09",
            "price": "5.02",
            "revenue": 101137
        },
        "2018-10": {
            "month": "2018-10",
            "price": "4.66",
            "revenue": 137527
        },
        "2018-11": {
            "month": "2018-11",
            "price": "4.50",
            "revenue": 137675
        },
        "2018-12": {
            "month": "2018-12",
            "price": "5.08",
            "revenue": 146547
        },
        "2019-01": {
            "month": "2019-01",
            "price": "4.77",
            "revenue": 157899
        },
        "2019-02": {
            "month": "2019-02",
            "price": "4.92",
            "revenue": 119313
        },
        "2019-03": {
            "month": "2019-03",
            "price": "5.26",
            "revenue": 96359
        },
        "2019-04": {
            "month": "2019-04",
            "price": "5.89",
            "revenue": 108302
        },
        "2019-05": {
            "month": "2019-05",
            "price": "6.06",
            "revenue": 115889
        },
        "2019-06": {
            "month": "2019-06",
            "price": "6.08",
            "revenue": 102072
        },
        "2019-07": {
            "month": "2019-07",
            "price": "6.19",
            "revenue": 117389
        },
        "2019-08": {
            "month": "2019-08",
            "price": "6.40",
            "revenue": 113433
        },
        "2019-09": {
            "month": "2019-09",
            "price": "9.37",
            "revenue": 83236
        },
        "2019-10": {
            "month": "2019-10",
            "price": "9.86",
            "revenue": 103663
        },
        "2019-11": {
            "month": "2019-11",
            "price": "9.96",
            "revenue": 144440
        },
        "2019-12": {
            "month": "2019-12",
            "price": "10.31",
            "revenue": 143657
        },
        "2020-01": {
            "month": "2020-01",
            "price": "9.93",
            "revenue": 129664
        },
        "2020-02": {
            "month": "2020-02",
            "price": "9.84",
            "revenue": 97360
        },
        "2020-03": {
            "month": "2020-03",
            "price": "8.53",
            "revenue": 55200
        },
        "2020-04": {
            "month": "2020-04",
            "price": "8.08",
            "revenue": 49007
        },
        "2020-05": {
            "month": "2020-05",
            "price": "8.01",
            "revenue": 79310
        },
        "2020-06": {
            "month": "2020-06",
            "price": "9.00",
            "revenue": 93304
        },
        "2020-07": {
            "month": "2020-07",
            "price": "9.93",
            "revenue": 90463
        },
        "2020-08": {
            "month": "2020-08",
            "price": "9.16",
            "revenue": 81197
        },
        "2020-09": {
            "month": "2020-09",
            "price": "10.91",
            "revenue": 92872
        },
        "2020-10": {
            "month": "2020-10",
            "price": "11.07",
            "revenue": 92852
        },
        "2020-11": {
            "month": "2020-11",
            "price": "11.20",
            "revenue": 107100
        },
        "2020-12": {
            "month": "2020-12",
            "price": "11.01",
            "revenue": 90121
        },
        "2021-01": {
            "month": "2021-01",
            "price": "10.94",
            "revenue": 126957
        },
        "2021-02": {
            "month": "2021-02",
            "price": "10.88",
            "revenue": 93957
        },
        "2021-03": {
            "month": "2021-03",
            "price": "11.57",
            "revenue": 97834
        },
        "2021-04": {
            "month": "2021-04",
            "price": "13.56",
            "revenue": 113051
        },
        "2021-05": {
            "month": "2021-05",
            "price": "15.00",
            "revenue": 93885
        },
        "2021-06": {
            "month": "2021-06",
            "price": "15.80",
            "revenue": 89594
        },
        "2021-07": {
            "month": "2021-07",
            "price": "15.38",
            "revenue": 99009
        },
        "2021-08": {
            "month": "2021-08",
            "price": "13.99",
            "revenue": 74018
        },
        "2021-09": {
            "month": "2021-09",
            "price": "13.65",
            "revenue": 78757
        },
        "2021-10": {
            "month": "2021-10",
            "price": "13.65",
            "revenue": 135528
        },
        "2021-11": {
            "month": "2021-11",
            "price": "14.46",
            "revenue": 167809
        },
        "2021-12": {
            "month": "2021-12",
            "price": "14.44",
            "revenue": 152265
        },
        "2022-01": {
            "month": "2022-01",
            "price": "14.40",
            "revenue": 131332
        },
        "2022-02": {
            "month": "2022-02",
            "price": "14.00",
            "revenue": 122388
        },
        "2022-03": {
            "month": "2022-03",
            "price": "13.72",
            "revenue": 148058
        },
        "2022-04": {
            "month": "2022-04",
            "price": "12.88",
            "revenue": 111074
        },
        "2022-05": {
            "month": "2022-05",
            "price": "11.07",
            "revenue": 95800
        },
        "2022-06": {
            "month": "2022-06",
            "price": "10.89",
            "revenue": 103180
        },
        "2022-07": {
            "month": "2022-07",
            "price": "10.28",
            "revenue": 120361
        },
        "2022-08": {
            "month": "2022-08",
            "price": "10.45",
            "revenue": 117306
        },
        "2022-09": {
            "month": "2022-09",
            "price": "10.64",
            "revenue": 154084
        },
        "2022-10": {
            "month": "2022-10",
            "price": "10.50",
            "revenue": 137357
        },
        "2022-11": {
            "month": "2022-11",
            "price": "11.94",
            "revenue": 133803
        },
        "2022-12": {
            "month": "2022-12",
            "price": "14.46",
            "revenue": 136189
        },
        "2023-01": {
            "month": "2023-01",
            "price": "14.10",
            "revenue": 112648
        },
        "2023-02": {
            "month": "2023-02",
            "price": "14.40",
            "revenue": 159979
        },
        "2023-03": {
            "month": "2023-03",
            "price": "13.58",
            "revenue": 161679
        },
        "2023-04": {
            "month": "2023-04",
            "price": "13.98",
            "revenue": 121853
        },
        "2023-05": {
            "month": "2023-05",
            "price": "13.58",
            "revenue": 154036
        },
        "2023-06": {
            "month": "2023-06",
            "price": "13.88",
            "revenue": 92878
        },
        "2023-07": {
            "month": "2023-07",
            "price": "13.59",
            "revenue": 108193
        },
        "2023-08": {
            "month": "2023-08",
            "price": "13.17",
            "revenue": 111755
        },
        "2023-09": {
            "month": "2023-09",
            "price": "13.20",
            "revenue": 94040
        },
        "2023-10": {
            "month": "2023-10",
            "price": "12.22",
            "revenue": 112364
        },
        "2023-11": {
            "month": "2023-11",
            "price": "12.00",
            "revenue": 122909
        },
        "2023-12": {
            "month": "2023-12",
            "price": "12.00",
            "revenue": 189724
        },
        "2024-01": {
            "month": "2024-01",
            "price": "12.10",
            "revenue": 96641
        },
        "2024-02": {
            "month": "2024-02",
            "price": "11.98",
            "revenue": 67449
        }
    }
}
