{
    "summary": {
        "stock_name": "東華",
        "stock_id": "1418",
        "category": "紡織纖維",
        "main_business": "聚丙烯青合成纖維.聚丙烯青梳毛條之製造及內外銷<br>生產聚丙烯青紗內外銷<br>聚尿酯系纖維及其原料之製造.加工及內外銷",
        "website_url": "http://www.tonghwa.com.tw",
        "ceo": "林壯燁",
        "pe_ratio": 36,
        "report_year_from": 2001,
        "report_year_to": 2023,
        "age": 22,
        "eps_negative_percentage": 87,
        "eps_growth_avg": {
            "last_all": -100,
            "last_2y": null,
            "last_4y": null,
            "last_8y": null,
            "last_12y": -100,
            "last_16y": -100,
            "last_20y": -100,
            "at_2006_last_3y": null,
            "at_2007_last_3y": null,
            "at_2008_last_3y": null,
            "at_2009_last_3y": null,
            "at_2010_last_3y": -100,
            "at_2011_last_3y": -100,
            "at_2012_last_3y": -100,
            "at_2013_last_3y": -100,
            "at_2014_last_3y": -100,
            "at_2015_last_3y": -100,
            "at_2016_last_3y": null,
            "at_2017_last_3y": null,
            "at_2018_last_3y": null,
            "at_2019_last_3y": null,
            "at_2020_last_3y": null,
            "at_2021_last_3y": null,
            "at_2022_last_3y": null,
            "at_2023_last_3y": null,
            "at_2006_last_all": null,
            "at_2007_last_all": null,
            "at_2008_last_all": null,
            "at_2009_last_all": null,
            "at_2010_last_all": -100,
            "at_2011_last_all": -100,
            "at_2012_last_all": -100,
            "at_2013_last_all": -100,
            "at_2014_last_all": -100,
            "at_2015_last_all": -100,
            "at_2016_last_all": -100,
            "at_2017_last_all": -100,
            "at_2018_last_all": -100,
            "at_2019_last_all": -100,
            "at_2020_last_all": -100,
            "at_2021_last_all": -100,
            "at_2022_last_all": -100,
            "at_2023_last_all": -100
        },
        "latest_eps": 0.48,
        "latest_price": 17.2,
        "latest_roe": 2.2,
        "latest_gross_margin": 30.42,
        "latest_equity": 1206515,
        "latest_revenue": 10053,
        "latest_gross_profit": 3058,
        "latest_net_income": -22835,
        "latest_debt_ratio": 72.02,
        "latest_current_ratio": 5656.84,
        "latest_account_receivable_turnover_ratio": null,
        "latest_inventory_turnover_ratio": 1.09,
        "latest_reinvestment_rate": null,
        "latest_research_to_sale_ratio": null
    },
    "eps_dividends": {
        "1990": {
            "cash": 0,
            "stock": 1,
            "eps": 0
        },
        "1991": {
            "cash": 0,
            "stock": 1,
            "eps": 0
        },
        "1992": {
            "cash": 1,
            "stock": 1,
            "eps": 0
        },
        "1993": {
            "cash": 1,
            "stock": 1,
            "eps": 0
        },
        "1994": {
            "cash": 0,
            "stock": 1,
            "eps": 0
        },
        "1995": {
            "cash": 1,
            "stock": 0,
            "eps": 0
        },
        "1996": {
            "cash": 1,
            "stock": 1,
            "eps": 0
        },
        "1997": {
            "cash": 1,
            "stock": 0,
            "eps": 0
        },
        "1998": {
            "cash": 1,
            "stock": 0,
            "eps": 0
        },
        "2001": {
            "cash": 0,
            "stock": 0,
            "eps": -2.05
        },
        "2002": {
            "cash": 0,
            "stock": 0,
            "eps": -0.89
        },
        "2003": {
            "cash": 0,
            "stock": 0,
            "eps": -0.62
        },
        "2004": {
            "cash": 0,
            "stock": 0,
            "eps": -0.22
        },
        "2005": {
            "cash": 0,
            "stock": 0,
            "eps": -2.54
        },
        "2006": {
            "cash": 0,
            "stock": 0,
            "eps": -0.76
        },
        "2007": {
            "cash": 0,
            "stock": 0,
            "eps": -1.51
        },
        "2008": {
            "cash": 0,
            "stock": 0,
            "eps": -2.77
        },
        "2009": {
            "cash": 0,
            "stock": 0,
            "eps": 2.74
        },
        "2010": {
            "cash": 0,
            "stock": 0,
            "eps": -0.63
        },
        "2011": {
            "cash": 0,
            "stock": 0,
            "eps": 0.38
        },
        "2012": {
            "cash": 0,
            "stock": 0,
            "eps": -1.61
        },
        "2013": {
            "cash": 0,
            "stock": 0,
            "eps": -1.01
        },
        "2014": {
            "cash": 0,
            "stock": 0,
            "eps": -1.33
        },
        "2015": {
            "cash": 0,
            "stock": 0,
            "eps": -1.46
        },
        "2016": {
            "cash": 0,
            "stock": 0,
            "eps": -1.47
        },
        "2017": {
            "cash": 0,
            "stock": 0,
            "eps": -4.69
        },
        "2018": {
            "cash": 0,
            "stock": 0,
            "eps": -4.02
        },
        "2019": {
            "cash": 0,
            "stock": 0,
            "eps": -3.94
        },
        "2020": {
            "cash": 0,
            "stock": 0,
            "eps": -4.21
        },
        "2021": {
            "cash": 0,
            "stock": 0,
            "eps": -3.11
        },
        "2022": {
            "cash": 0,
            "stock": 0,
            "eps": 0.41
        },
        "2023": {
            "cash": 0,
            "stock": 0,
            "eps": -0.42
        }
    },
    "dividends": {
        "1990-06-06": {
            "cash": 0,
            "stock": 0.8
        },
        "1991-05-26": {
            "cash": 0,
            "stock": 0.8
        },
        "1992-05-26": {
            "cash": 0.5,
            "stock": 0.5
        },
        "1993-05-28": {
            "cash": 0.75,
            "stock": 0.5
        },
        "1994-05-25": {
            "cash": 0,
            "stock": 1
        },
        "1995-05-31": {
            "cash": 1.1,
            "stock": 0.4
        },
        "1996-05-31": {
            "cash": 0.5,
            "stock": 0.5
        },
        "1997-05-30": {
            "cash": 0.5,
            "stock": 0
        },
        "1998-05-27": {
            "cash": 0.6,
            "stock": 0
        },
        "2001-05-31": {
            "cash": 0.3,
            "stock": 0
        }
    },
    "prices": {
        "200101": "7.46",
        "200102": "8.18",
        "200103": "7.21",
        "200104": "6.52",
        "200105": "5.59",
        "200106": "4.49",
        "200107": "3.15",
        "200108": "3.47",
        "200109": "3.37",
        "200110": "2.95",
        "200111": "3.05",
        "200112": "3.54",
        "200201": "4.00",
        "200202": "3.95",
        "200203": "4.68",
        "200204": "5.26",
        "200205": "4.71",
        "200206": "4.75",
        "200207": "4.72",
        "200208": "3.83",
        "200209": "3.10",
        "200210": "2.93",
        "200211": "3.49",
        "200212": "3.62",
        "200301": "4.41",
        "200302": "5.14",
        "200303": "4.16",
        "200304": "3.61",
        "200305": "2.87",
        "200306": "3.38",
        "200307": "3.73",
        "200308": "3.63",
        "200309": "3.53",
        "200310": "4.03",
        "200311": "4.60",
        "200312": "4.41",
        "200401": "5.42",
        "200402": "6.60",
        "200403": "6.26",
        "200404": "6.08",
        "200405": "4.76",
        "200406": "4.90",
        "200407": "4.72",
        "200408": "4.33",
        "200409": "4.68",
        "200410": "4.77",
        "200411": "4.66",
        "200412": "4.74",
        "200501": "4.87",
        "200502": "4.43",
        "200503": "4.13",
        "200504": "3.58",
        "200505": "3.05",
        "200506": "3.18",
        "200507": "3.05",
        "200508": "2.96",
        "200509": "2.69",
        "200510": "2.56",
        "200511": "2.38",
        "200512": "2.81",
        "200601": "3.03",
        "200602": "2.63",
        "200603": "2.71",
        "200604": "3.11",
        "200605": "3.81",
        "200606": "3.68",
        "200607": "3.65",
        "200608": "3.55",
        "200609": "3.39",
        "200610": "3.28",
        "200611": "3.71",
        "200612": "6.24",
        "200701": "5.70",
        "200702": "5.48",
        "200703": "5.72",
        "200704": "6.01",
        "200705": "5.27",
        "200706": "5.30",
        "200707": "6.89",
        "200708": "5.60",
        "200709": "5.15",
        "200710": "5.51",
        "200711": "4.32",
        "200712": "3.55",
        "200801": "3.47",
        "200802": "3.14",
        "200803": "3.66",
        "200804": "3.86",
        "200805": "3.65",
        "200806": "2.93",
        "200807": "2.32",
        "200808": "2.21",
        "200809": "1.60",
        "200810": "1.47",
        "200811": "1.80",
        "200812": "1.64",
        "200901": "1.82",
        "200902": "1.89",
        "200903": "1.97",
        "200904": "3.11",
        "200905": "3.86",
        "200906": "4.25",
        "200907": "4.41",
        "200908": "5.31",
        "200909": "7.91",
        "200910": "9.60",
        "200911": "12.17",
        "200912": "13.14",
        "201001": "13.55",
        "201002": "13.50",
        "201003": "13.25",
        "201004": "13.86",
        "201005": "11.86",
        "201006": "10.59",
        "201007": "10.32",
        "201008": "11.24",
        "201009": "9.70",
        "201010": "10.36",
        "201011": "9.90",
        "201012": "10.05",
        "201101": "9.87",
        "201102": "9.40",
        "201103": "11.47",
        "201104": "11.75",
        "201105": "10.66",
        "201106": "10.10",
        "201107": "9.96",
        "201108": "9.76",
        "201109": "8.95",
        "201110": "7.81",
        "201111": "7.44",
        "201112": "7.23",
        "201201": "7.24",
        "201202": "7.94",
        "201203": "8.20",
        "201204": "7.37",
        "201205": "7.68",
        "201206": "6.65",
        "201207": "6.31",
        "201208": "6.45",
        "201209": "6.90",
        "201210": "6.70",
        "201211": "5.64",
        "201212": "5.47",
        "201301": "5.60",
        "201302": "5.76",
        "201303": "5.45",
        "201304": "5.35",
        "201305": "5.52",
        "201306": "5.72",
        "201307": "5.83",
        "201308": "5.98",
        "201309": "5.86",
        "201310": "6.24",
        "201311": "6.17",
        "201312": "6.36",
        "201401": "6.35",
        "201402": "6.12",
        "201403": "6.37",
        "201404": "6.49",
        "201405": "6.49",
        "201406": "6.69",
        "201407": "7.55",
        "201408": "7.39",
        "201409": "7.17",
        "201410": "6.99",
        "201411": "6.91",
        "201412": "6.89",
        "201501": "6.99",
        "201502": "6.94",
        "201503": "6.94",
        "201504": "7.07",
        "201505": "7.02",
        "201506": "6.83",
        "201507": "6.73",
        "201508": "5.18",
        "201509": "3.81",
        "201510": "5.13",
        "201511": "5.01",
        "201512": "5.11",
        "201601": "5.26",
        "201602": "5.36",
        "201603": "5.54",
        "201604": "5.18",
        "201605": "4.39",
        "201606": "4.47",
        "201607": "4.42",
        "201608": "4.45",
        "201609": "4.47",
        "201610": "4.53",
        "201611": "5.27",
        "201612": "5.90",
        "201701": "6.03",
        "201702": "6.10",
        "201703": "6.29",
        "201704": "6.90",
        "201705": "6.57",
        "201706": "6.07",
        "201707": "5.90",
        "201708": "5.32",
        "201709": "4.88",
        "201710": "4.42",
        "201711": "5.47",
        "201712": "7.84",
        "201801": "8.18",
        "201802": "9.00",
        "201803": "9.52",
        "201804": "8.36",
        "201805": "9.07",
        "201806": "10.64",
        "201807": "9.62",
        "201808": "8.29",
        "201809": "7.96",
        "201810": "7.94",
        "201811": "7.44",
        "201812": "6.88",
        "201901": "7.10",
        "201902": "8.94",
        "201903": "8.52",
        "201904": "8.56",
        "201905": "9.12",
        "201906": "7.66",
        "201907": "7.54",
        "201908": "7.42",
        "201909": "6.84",
        "201910": "6.54",
        "201911": "6.15",
        "201912": "5.88",
        "202001": "6.41",
        "202002": "6.59",
        "202003": "6.14",
        "202004": "5.77",
        "202005": "5.64",
        "202006": "6.05",
        "202007": "7.75",
        "202008": "8.14",
        "202009": "7.92",
        "202010": "7.96",
        "202011": "7.44",
        "202012": "7.28",
        "202101": "7.55",
        "202102": "7.53",
        "202103": "7.12",
        "202104": "11.20",
        "202105": "11.68",
        "202106": "11.16",
        "202107": "11.50",
        "202108": "11.69",
        "202109": "11.24",
        "202110": "10.90",
        "202111": "10.69",
        "202112": "11.26",
        "202201": "14.24",
        "202202": "15.82",
        "202203": "15.79",
        "202204": "17.31",
        "202205": "18.65",
        "202206": "16.83",
        "202207": "16.20",
        "202208": "15.93",
        "202209": "15.30",
        "202210": "14.10",
        "202211": "13.99",
        "202212": "14.12",
        "202301": "14.08",
        "202302": "14.01",
        "202303": "14.10",
        "202304": "15.84",
        "202305": "15.62"
    },
    "quarters": {
        "20011": {
            "year_quarter": 20011,
            "year": 2001,
            "quarter": 1,
            "eps": -0.49,
            "eps_growth_year": null,
            "eps_4q": -0.09,
            "eps_4q_growth_year": null,
            "roe": -4.62,
            "roe_4q": -4.62,
            "gross_profit": -107748,
            "gross_margin": -20.7,
            "gross_margin_4q_avg": -20.7,
            "net_income": -130268,
            "revenue": 520561,
            "common_shares": 2638553,
            "book_valuer_per_share": 10.35,
            "book_valuer_per_share_4q_avg": 10.35,
            "equity": 2729786,
            "current_ratio": 162.28,
            "debt_ratio": 26.99,
            "inventory_turnover_ratio": 1.21,
            "account_receivable_turnover_ratio": null,
            "reinvestment_rate": null,
            "research_to_sale_ratio": null,
            "price_fair": 0,
            "eps_avg_yearly": 0,
            "eps_latest_yearly": 0,
            "eps_growth_yearly": 0
        },
        "20012": {
            "year_quarter": 20012,
            "year": 2001,
            "quarter": 2,
            "eps": -0.27,
            "eps_growth_year": -127.84,
            "eps_4q": -1.33,
            "eps_4q_growth_year": -302.31,
            "roe": -2.71,
            "roe_4q": -7.33,
            "gross_profit": -40081,
            "gross_margin": -8.33,
            "gross_margin_4q_avg": -14.52,
            "net_income": -71801,
            "revenue": 481411,
            "common_shares": 2638553,
            "book_valuer_per_share": 9.76,
            "book_valuer_per_share_4q_avg": 10.06,
            "equity": 2576467,
            "current_ratio": 128.7,
            "debt_ratio": 32.08,
            "inventory_turnover_ratio": 1.2,
            "account_receivable_turnover_ratio": null,
            "reinvestment_rate": null,
            "research_to_sale_ratio": null,
            "price_fair": 0,
            "eps_avg_yearly": 0,
            "eps_latest_yearly": 0,
            "eps_growth_yearly": 0
        },
        "20013": {
            "year_quarter": 20013,
            "year": 2001,
            "quarter": 3,
            "eps": -1.04,
            "eps_growth_year": -373.68,
            "eps_4q": -2.75,
            "eps_4q_growth_year": -305.92,
            "roe": -11.21,
            "roe_4q": -18.540000000000003,
            "gross_profit": -8437,
            "gross_margin": -1.67,
            "gross_margin_4q_avg": -10.23,
            "net_income": -273547,
            "revenue": 505964,
            "common_shares": 2638553,
            "book_valuer_per_share": 8.73,
            "book_valuer_per_share_4q_avg": 9.61,
            "equity": 2302920,
            "current_ratio": 117.01,
            "debt_ratio": 34.69,
            "inventory_turnover_ratio": 1.45,
            "account_receivable_turnover_ratio": null,
            "reinvestment_rate": null,
            "research_to_sale_ratio": null,
            "price_fair": 0,
            "eps_avg_yearly": 0,
            "eps_latest_yearly": 0,
            "eps_growth_yearly": 0
        },
        "20014": {
            "year_quarter": 20014,
            "year": 2001,
            "quarter": 4,
            "eps": -0.25,
            "eps_growth_year": null,
            "eps_4q": -2.06,
            "eps_4q_growth_year": -539.76,
            "roe": -2.61,
            "roe_4q": -21.150000000000002,
            "gross_profit": -336,
            "gross_margin": -0.08,
            "gross_margin_4q_avg": -7.7,
            "net_income": -67059,
            "revenue": 416105,
            "common_shares": 2638553,
            "book_valuer_per_share": 10.77,
            "book_valuer_per_share_4q_avg": 9.9,
            "equity": 2842343,
            "current_ratio": 119.34,
            "debt_ratio": 40.8,
            "inventory_turnover_ratio": 1.4,
            "account_receivable_turnover_ratio": null,
            "reinvestment_rate": null,
            "research_to_sale_ratio": null,
            "price_fair": 0,
            "eps_avg_yearly": 0,
            "eps_latest_yearly": 0,
            "eps_growth_yearly": 0
        },
        "20021": {
            "year_quarter": 20021,
            "year": 2002,
            "quarter": 1,
            "eps": -0.01,
            "eps_growth_year": null,
            "eps_4q": -1.4,
            "eps_4q_growth_year": null,
            "roe": -0.11,
            "roe_4q": -16.64,
            "gross_profit": -7773,
            "gross_margin": -1.8,
            "gross_margin_4q_avg": -2.97,
            "net_income": -2972,
            "revenue": 432620,
            "common_shares": 2638553,
            "book_valuer_per_share": 10.47,
            "book_valuer_per_share_4q_avg": 9.93,
            "equity": 2763066,
            "current_ratio": 122.77,
            "debt_ratio": 42,
            "inventory_turnover_ratio": 1.44,
            "account_receivable_turnover_ratio": null,
            "reinvestment_rate": null,
            "research_to_sale_ratio": null,
            "price_fair": 0,
            "eps_avg_yearly": 0,
            "eps_latest_yearly": 0,
            "eps_growth_yearly": 0
        },
        "20022": {
            "year_quarter": 20022,
            "year": 2002,
            "quarter": 2,
            "eps": -0.22,
            "eps_growth_year": null,
            "eps_4q": -1.5,
            "eps_4q_growth_year": null,
            "roe": -1.95,
            "roe_4q": -15.88,
            "gross_profit": 34340,
            "gross_margin": 5.42,
            "gross_margin_4q_avg": 0.47,
            "net_income": -53279,
            "revenue": 633482,
            "common_shares": 2638553,
            "book_valuer_per_share": 10.27,
            "book_valuer_per_share_4q_avg": 10.06,
            "equity": 2709787,
            "current_ratio": 124.08,
            "debt_ratio": 42.41,
            "inventory_turnover_ratio": 1.85,
            "account_receivable_turnover_ratio": null,
            "reinvestment_rate": null,
            "research_to_sale_ratio": null,
            "price_fair": 0,
            "eps_avg_yearly": 0,
            "eps_latest_yearly": 0,
            "eps_growth_yearly": 0
        },
        "20023": {
            "year_quarter": 20023,
            "year": 2002,
            "quarter": 3,
            "eps": -0.14,
            "eps_growth_year": null,
            "eps_4q": -0.6,
            "eps_4q_growth_year": null,
            "roe": -1.29,
            "roe_4q": -5.96,
            "gross_profit": 45344,
            "gross_margin": 8.58,
            "gross_margin_4q_avg": 3.03,
            "net_income": -34758,
            "revenue": 528588,
            "common_shares": 2638553,
            "book_valuer_per_share": 10.14,
            "book_valuer_per_share_4q_avg": 10.41,
            "equity": 2675029,
            "current_ratio": 126.47,
            "debt_ratio": 42.49,
            "inventory_turnover_ratio": 1.5,
            "account_receivable_turnover_ratio": null,
            "reinvestment_rate": null,
            "research_to_sale_ratio": null,
            "price_fair": 0,
            "eps_avg_yearly": 0,
            "eps_latest_yearly": 0,
            "eps_growth_yearly": 0
        },
        "20024": {
            "year_quarter": 20024,
            "year": 2002,
            "quarter": 4,
            "eps": -0.52,
            "eps_growth_year": null,
            "eps_4q": -0.9,
            "eps_4q_growth_year": null,
            "roe": -4.77,
            "roe_4q": -8.12,
            "gross_profit": 34921,
            "gross_margin": 9.47,
            "gross_margin_4q_avg": 5.42,
            "net_income": -124678,
            "revenue": 368874,
            "common_shares": 2638553,
            "book_valuer_per_share": 9.67,
            "book_valuer_per_share_4q_avg": 10.14,
            "equity": 2550351,
            "current_ratio": 121.99,
            "debt_ratio": 44.64,
            "inventory_turnover_ratio": 0.79,
            "account_receivable_turnover_ratio": null,
            "reinvestment_rate": null,
            "research_to_sale_ratio": null,
            "price_fair": 0,
            "eps_avg_yearly": 0,
            "eps_latest_yearly": 0,
            "eps_growth_yearly": 0
        },
        "20031": {
            "year_quarter": 20031,
            "year": 2003,
            "quarter": 1,
            "eps": -0.1,
            "eps_growth_year": null,
            "eps_4q": -0.95,
            "eps_4q_growth_year": null,
            "roe": -0.98,
            "roe_4q": -8.99,
            "gross_profit": 8254,
            "gross_margin": 1.24,
            "gross_margin_4q_avg": 6.18,
            "net_income": -24976,
            "revenue": 664198,
            "common_shares": 2638553,
            "book_valuer_per_share": 9.57,
            "book_valuer_per_share_4q_avg": 9.91,
            "equity": 2525375,
            "current_ratio": 118.94,
            "debt_ratio": 42.86,
            "inventory_turnover_ratio": 1.46,
            "account_receivable_turnover_ratio": null,
            "reinvestment_rate": null,
            "research_to_sale_ratio": null,
            "price_fair": 0,
            "eps_avg_yearly": 0,
            "eps_latest_yearly": 0,
            "eps_growth_yearly": 0
        },
        "20032": {
            "year_quarter": 20032,
            "year": 2003,
            "quarter": 2,
            "eps": 0.03,
            "eps_growth_year": null,
            "eps_4q": -0.71,
            "eps_4q_growth_year": null,
            "roe": 0.29,
            "roe_4q": -6.749999999999999,
            "gross_profit": 4559,
            "gross_margin": 1.09,
            "gross_margin_4q_avg": 5.1,
            "net_income": 7429,
            "revenue": 417440,
            "common_shares": 2638553,
            "book_valuer_per_share": 9.6,
            "book_valuer_per_share_4q_avg": 9.75,
            "equity": 2532804,
            "current_ratio": 106.69,
            "debt_ratio": 45.68,
            "inventory_turnover_ratio": 0.93,
            "account_receivable_turnover_ratio": null,
            "reinvestment_rate": null,
            "research_to_sale_ratio": null,
            "price_fair": 0,
            "eps_avg_yearly": 0,
            "eps_latest_yearly": 0,
            "eps_growth_yearly": 0
        },
        "20033": {
            "year_quarter": 20033,
            "year": 2003,
            "quarter": 3,
            "eps": -0.17,
            "eps_growth_year": null,
            "eps_4q": -0.69,
            "eps_4q_growth_year": null,
            "roe": -1.6,
            "roe_4q": -7.06,
            "gross_profit": 34658,
            "gross_margin": 6.45,
            "gross_margin_4q_avg": 4.56,
            "net_income": -40296,
            "revenue": 537177,
            "common_shares": 2638553,
            "book_valuer_per_share": 9.45,
            "book_valuer_per_share_4q_avg": 9.57,
            "equity": 2492508,
            "current_ratio": 119.19,
            "debt_ratio": 46.62,
            "inventory_turnover_ratio": 0.86,
            "account_receivable_turnover_ratio": null,
            "reinvestment_rate": null,
            "research_to_sale_ratio": null,
            "price_fair": 0,
            "eps_avg_yearly": 0,
            "eps_latest_yearly": 0,
            "eps_growth_yearly": 0
        },
        "20034": {
            "year_quarter": 20034,
            "year": 2003,
            "quarter": 4,
            "eps": -0.38,
            "eps_growth_year": null,
            "eps_4q": -0.63,
            "eps_4q_growth_year": null,
            "roe": -3.78,
            "roe_4q": -6.07,
            "gross_profit": 62570,
            "gross_margin": 8.9,
            "gross_margin_4q_avg": 4.42,
            "net_income": -92356,
            "revenue": 702692,
            "common_shares": 2638553,
            "book_valuer_per_share": 9.1,
            "book_valuer_per_share_4q_avg": 9.43,
            "equity": 2400152,
            "current_ratio": 116.72,
            "debt_ratio": 46.01,
            "inventory_turnover_ratio": 1.17,
            "account_receivable_turnover_ratio": null,
            "reinvestment_rate": null,
            "research_to_sale_ratio": null,
            "price_fair": 0,
            "eps_avg_yearly": 0,
            "eps_latest_yearly": 0,
            "eps_growth_yearly": 0
        },
        "20041": {
            "year_quarter": 20041,
            "year": 2004,
            "quarter": 1,
            "eps": 0.12,
            "eps_growth_year": null,
            "eps_4q": -0.41,
            "eps_4q_growth_year": null,
            "roe": 1.17,
            "roe_4q": -3.92,
            "gross_profit": 77480,
            "gross_margin": 11.19,
            "gross_margin_4q_avg": 6.91,
            "net_income": 28226,
            "revenue": 692231,
            "common_shares": 2638553,
            "book_valuer_per_share": 9.2,
            "book_valuer_per_share_4q_avg": 9.34,
            "equity": 2428378,
            "current_ratio": 123.4,
            "debt_ratio": 46.14,
            "inventory_turnover_ratio": 1.28,
            "account_receivable_turnover_ratio": null,
            "reinvestment_rate": null,
            "research_to_sale_ratio": null,
            "price_fair": 0,
            "eps_avg_yearly": 0,
            "eps_latest_yearly": 0,
            "eps_growth_yearly": 0
        },
        "20042": {
            "year_quarter": 20042,
            "year": 2004,
            "quarter": 2,
            "eps": -0.09,
            "eps_growth_year": -400,
            "eps_4q": -0.47,
            "eps_4q_growth_year": null,
            "roe": -0.84,
            "roe_4q": -5.05,
            "gross_profit": 16719,
            "gross_margin": 2.09,
            "gross_margin_4q_avg": 7.16,
            "net_income": -20391,
            "revenue": 801245,
            "common_shares": 2638553,
            "book_valuer_per_share": 9.13,
            "book_valuer_per_share_4q_avg": 9.22,
            "equity": 2407987,
            "current_ratio": 120.13,
            "debt_ratio": 46.54,
            "inventory_turnover_ratio": 1.59,
            "account_receivable_turnover_ratio": null,
            "reinvestment_rate": null,
            "research_to_sale_ratio": null,
            "price_fair": 0,
            "eps_avg_yearly": 0,
            "eps_latest_yearly": 0,
            "eps_growth_yearly": 0
        },
        "20043": {
            "year_quarter": 20043,
            "year": 2004,
            "quarter": 3,
            "eps": 0.04,
            "eps_growth_year": null,
            "eps_4q": -0.28,
            "eps_4q_growth_year": null,
            "roe": 0.44,
            "roe_4q": -3.01,
            "gross_profit": 64277,
            "gross_margin": 8.3,
            "gross_margin_4q_avg": 7.62,
            "net_income": 10693,
            "revenue": 774587,
            "common_shares": 2638553,
            "book_valuer_per_share": 9.17,
            "book_valuer_per_share_4q_avg": 9.15,
            "equity": 2418680,
            "current_ratio": 127.87,
            "debt_ratio": 44.67,
            "inventory_turnover_ratio": 1.68,
            "account_receivable_turnover_ratio": null,
            "reinvestment_rate": null,
            "research_to_sale_ratio": null,
            "price_fair": 0,
            "eps_avg_yearly": 0,
            "eps_latest_yearly": 0,
            "eps_growth_yearly": 0
        },
        "20044": {
            "year_quarter": 20044,
            "year": 2004,
            "quarter": 4,
            "eps": -0.29,
            "eps_growth_year": null,
            "eps_4q": -0.21,
            "eps_4q_growth_year": null,
            "roe": -2.91,
            "roe_4q": -2.14,
            "gross_profit": 30873,
            "gross_margin": 5.29,
            "gross_margin_4q_avg": 6.72,
            "net_income": -69387,
            "revenue": 583326,
            "common_shares": 2638553,
            "book_valuer_per_share": 8.9,
            "book_valuer_per_share_4q_avg": 9.1,
            "equity": 2349293,
            "current_ratio": 144.12,
            "debt_ratio": 47.01,
            "inventory_turnover_ratio": 1.11,
            "account_receivable_turnover_ratio": null,
            "reinvestment_rate": null,
            "research_to_sale_ratio": null,
            "price_fair": 0,
            "eps_avg_yearly": 0,
            "eps_latest_yearly": 0,
            "eps_growth_yearly": 0
        },
        "20051": {
            "year_quarter": 20051,
            "year": 2005,
            "quarter": 1,
            "eps": -1.41,
            "eps_growth_year": -1275,
            "eps_4q": -1.74,
            "eps_4q_growth_year": null,
            "roe": -14.61,
            "roe_4q": -17.919999999999998,
            "gross_profit": -10677,
            "gross_margin": -1.49,
            "gross_margin_4q_avg": 3.55,
            "net_income": -338261,
            "revenue": 714627,
            "common_shares": 2638553,
            "book_valuer_per_share": 8.64,
            "book_valuer_per_share_4q_avg": 8.96,
            "equity": 2280235,
            "current_ratio": 138.14,
            "debt_ratio": 41.34,
            "inventory_turnover_ratio": 1.18,
            "account_receivable_turnover_ratio": null,
            "reinvestment_rate": null,
            "research_to_sale_ratio": null,
            "price_fair": 0,
            "eps_avg_yearly": 0,
            "eps_latest_yearly": 0,
            "eps_growth_yearly": 0
        },
        "20052": {
            "year_quarter": 20052,
            "year": 2005,
            "quarter": 2,
            "eps": -0.4,
            "eps_growth_year": null,
            "eps_4q": -1.87,
            "eps_4q_growth_year": null,
            "roe": -4.32,
            "roe_4q": -21.4,
            "gross_profit": -27616,
            "gross_margin": -4.88,
            "gross_margin_4q_avg": 1.81,
            "net_income": -96345,
            "revenue": 566356,
            "common_shares": 2638553,
            "book_valuer_per_share": 8.28,
            "book_valuer_per_share_4q_avg": 8.75,
            "equity": 2183890,
            "current_ratio": 120.48,
            "debt_ratio": 45.51,
            "inventory_turnover_ratio": 0.94,
            "account_receivable_turnover_ratio": null,
            "reinvestment_rate": null,
            "research_to_sale_ratio": null,
            "price_fair": 0,
            "eps_avg_yearly": 0,
            "eps_latest_yearly": 0,
            "eps_growth_yearly": 0
        },
        "20053": {
            "year_quarter": 20053,
            "year": 2005,
            "quarter": 3,
            "eps": -0.17,
            "eps_growth_year": -525,
            "eps_4q": -2.07,
            "eps_4q_growth_year": null,
            "roe": -1.89,
            "roe_4q": -23.73,
            "gross_profit": -9809,
            "gross_margin": -1.19,
            "gross_margin_4q_avg": -0.57,
            "net_income": -40895,
            "revenue": 827104,
            "common_shares": 2638553,
            "book_valuer_per_share": 8.12,
            "book_valuer_per_share_4q_avg": 8.49,
            "equity": 2142995,
            "current_ratio": 118.31,
            "debt_ratio": 44.45,
            "inventory_turnover_ratio": 1.39,
            "account_receivable_turnover_ratio": null,
            "reinvestment_rate": null,
            "research_to_sale_ratio": null,
            "price_fair": 0,
            "eps_avg_yearly": 0,
            "eps_latest_yearly": 0,
            "eps_growth_yearly": 0
        },
        "20054": {
            "year_quarter": 20054,
            "year": 2005,
            "quarter": 4,
            "eps": -0.56,
            "eps_growth_year": null,
            "eps_4q": -2.55,
            "eps_4q_growth_year": null,
            "roe": -6.52,
            "roe_4q": -27.34,
            "gross_profit": -7802,
            "gross_margin": -0.95,
            "gross_margin_4q_avg": -2.13,
            "net_income": -135307,
            "revenue": 818580,
            "common_shares": 2638553,
            "book_valuer_per_share": 7.61,
            "book_valuer_per_share_4q_avg": 8.16,
            "equity": 2007781,
            "current_ratio": 107.15,
            "debt_ratio": 46.05,
            "inventory_turnover_ratio": 1.61,
            "account_receivable_turnover_ratio": null,
            "reinvestment_rate": null,
            "research_to_sale_ratio": null,
            "price_fair": 0,
            "eps_avg_yearly": 0,
            "eps_latest_yearly": 0,
            "eps_growth_yearly": 0
        },
        "20061": {
            "year_quarter": 20061,
            "year": 2006,
            "quarter": 1,
            "eps": -0.2,
            "eps_growth_year": null,
            "eps_4q": -1.33,
            "eps_4q_growth_year": null,
            "roe": -2.44,
            "roe_4q": -15.17,
            "gross_profit": -29726,
            "gross_margin": -3.56,
            "gross_margin_4q_avg": -2.65,
            "net_income": -48376,
            "revenue": 835135,
            "common_shares": 2638553,
            "book_valuer_per_share": 7.43,
            "book_valuer_per_share_4q_avg": 7.86,
            "equity": 1959312,
            "current_ratio": 101.62,
            "debt_ratio": 46.66,
            "inventory_turnover_ratio": 2.06,
            "account_receivable_turnover_ratio": null,
            "reinvestment_rate": null,
            "research_to_sale_ratio": null,
            "price_fair": 0,
            "eps_avg_yearly": 0,
            "eps_latest_yearly": 0,
            "eps_growth_yearly": 0
        },
        "20062": {
            "year_quarter": 20062,
            "year": 2006,
            "quarter": 2,
            "eps": 0.04,
            "eps_growth_year": null,
            "eps_4q": -0.9,
            "eps_4q_growth_year": null,
            "roe": 0.49,
            "roe_4q": -10.36,
            "gross_profit": -27761,
            "gross_margin": -3.39,
            "gross_margin_4q_avg": -2.27,
            "net_income": 9572,
            "revenue": 819925,
            "common_shares": 2638553,
            "book_valuer_per_share": 7.34,
            "book_valuer_per_share_4q_avg": 7.63,
            "equity": 1936393,
            "current_ratio": 96.36,
            "debt_ratio": 45.19,
            "inventory_turnover_ratio": 2.65,
            "account_receivable_turnover_ratio": null,
            "reinvestment_rate": null,
            "research_to_sale_ratio": null,
            "price_fair": 0,
            "eps_avg_yearly": 0,
            "eps_latest_yearly": 0,
            "eps_growth_yearly": 0
        },
        "20063": {
            "year_quarter": 20063,
            "year": 2006,
            "quarter": 3,
            "eps": 0.03,
            "eps_growth_year": null,
            "eps_4q": -0.75,
            "eps_4q_growth_year": null,
            "roe": 0.35,
            "roe_4q": -8.12,
            "gross_profit": 17421,
            "gross_margin": 2.11,
            "gross_margin_4q_avg": -1.45,
            "net_income": 6726,
            "revenue": 825509,
            "common_shares": 2638553,
            "book_valuer_per_share": 7.27,
            "book_valuer_per_share_4q_avg": 7.41,
            "equity": 1917854,
            "current_ratio": 98.93,
            "debt_ratio": 46.7,
            "inventory_turnover_ratio": 2.07,
            "account_receivable_turnover_ratio": null,
            "reinvestment_rate": null,
            "research_to_sale_ratio": null,
            "price_fair": 0.36,
            "eps_avg_yearly": 0.12,
            "eps_latest_yearly": 0.12,
            "eps_growth_yearly": -100
        },
        "20064": {
            "year_quarter": 20064,
            "year": 2006,
            "quarter": 4,
            "eps": -0.63,
            "eps_growth_year": null,
            "eps_4q": -0.76,
            "eps_4q_growth_year": null,
            "roe": -8.14,
            "roe_4q": -9.74,
            "gross_profit": -4863,
            "gross_margin": -0.79,
            "gross_margin_4q_avg": -1.41,
            "net_income": -150527,
            "revenue": 618759,
            "common_shares": 2638553,
            "book_valuer_per_share": 6.75,
            "book_valuer_per_share_4q_avg": 7.2,
            "equity": 1781223,
            "current_ratio": 93.21,
            "debt_ratio": 49.39,
            "inventory_turnover_ratio": 1.27,
            "account_receivable_turnover_ratio": null,
            "reinvestment_rate": null,
            "research_to_sale_ratio": null,
            "price_fair": 0.36,
            "eps_avg_yearly": 0.12,
            "eps_latest_yearly": 0.12,
            "eps_growth_yearly": -100
        },
        "20071": {
            "year_quarter": 20071,
            "year": 2007,
            "quarter": 1,
            "eps": -0.22,
            "eps_growth_year": null,
            "eps_4q": -0.78,
            "eps_4q_growth_year": null,
            "roe": -2.98,
            "roe_4q": -10.280000000000001,
            "gross_profit": -10033,
            "gross_margin": -1.02,
            "gross_margin_4q_avg": -0.77,
            "net_income": -52329,
            "revenue": 985697,
            "common_shares": 2638553,
            "book_valuer_per_share": 6.55,
            "book_valuer_per_share_4q_avg": 6.98,
            "equity": 1727450,
            "current_ratio": 85.94,
            "debt_ratio": 50.48,
            "inventory_turnover_ratio": 2.33,
            "account_receivable_turnover_ratio": null,
            "reinvestment_rate": null,
            "research_to_sale_ratio": null,
            "price_fair": 0.36,
            "eps_avg_yearly": 0.12,
            "eps_latest_yearly": 0.12,
            "eps_growth_yearly": -100
        },
        "20072": {
            "year_quarter": 20072,
            "year": 2007,
            "quarter": 2,
            "eps": -0.26,
            "eps_growth_year": -750,
            "eps_4q": -0.98,
            "eps_4q_growth_year": null,
            "roe": -3.67,
            "roe_4q": -14.440000000000001,
            "gross_profit": 1896,
            "gross_margin": 0.2,
            "gross_margin_4q_avg": 0.13,
            "net_income": -62310,
            "revenue": 925200,
            "common_shares": 2638553,
            "book_valuer_per_share": 6.34,
            "book_valuer_per_share_4q_avg": 6.73,
            "equity": 1672639,
            "current_ratio": 81.59,
            "debt_ratio": 50.96,
            "inventory_turnover_ratio": 2.59,
            "account_receivable_turnover_ratio": null,
            "reinvestment_rate": null,
            "research_to_sale_ratio": null,
            "price_fair": 0.36,
            "eps_avg_yearly": 0.12,
            "eps_latest_yearly": 0.12,
            "eps_growth_yearly": -100
        },
        "20073": {
            "year_quarter": 20073,
            "year": 2007,
            "quarter": 3,
            "eps": -0.26,
            "eps_growth_year": -966.67,
            "eps_4q": -1.25,
            "eps_4q_growth_year": null,
            "roe": -3.87,
            "roe_4q": -18.66,
            "gross_profit": 43398,
            "gross_margin": 5.07,
            "gross_margin_4q_avg": 0.87,
            "net_income": -63553,
            "revenue": 856647,
            "common_shares": 2638553,
            "book_valuer_per_share": 6.1,
            "book_valuer_per_share_4q_avg": 6.44,
            "equity": 1609086,
            "current_ratio": 86.07,
            "debt_ratio": 55.63,
            "inventory_turnover_ratio": 1.72,
            "account_receivable_turnover_ratio": null,
            "reinvestment_rate": null,
            "research_to_sale_ratio": null,
            "price_fair": 0.36,
            "eps_avg_yearly": 0.12,
            "eps_latest_yearly": 0.12,
            "eps_growth_yearly": -100
        },
        "20074": {
            "year_quarter": 20074,
            "year": 2007,
            "quarter": 4,
            "eps": -0.77,
            "eps_growth_year": null,
            "eps_4q": -1.5,
            "eps_4q_growth_year": null,
            "roe": -12.23,
            "roe_4q": -22.750000000000004,
            "gross_profit": -26218,
            "gross_margin": -4.18,
            "gross_margin_4q_avg": 0.02,
            "net_income": -185575,
            "revenue": 627452,
            "common_shares": 2638553,
            "book_valuer_per_share": 5.4,
            "book_valuer_per_share_4q_avg": 6.1,
            "equity": 1424975,
            "current_ratio": 91.2,
            "debt_ratio": 55.68,
            "inventory_turnover_ratio": 1.14,
            "account_receivable_turnover_ratio": null,
            "reinvestment_rate": null,
            "research_to_sale_ratio": null,
            "price_fair": 0.36,
            "eps_avg_yearly": 0.12,
            "eps_latest_yearly": 0.12,
            "eps_growth_yearly": -100
        },
        "20081": {
            "year_quarter": 20081,
            "year": 2008,
            "quarter": 1,
            "eps": -0.47,
            "eps_growth_year": null,
            "eps_4q": -1.76,
            "eps_4q_growth_year": null,
            "roe": -8.3,
            "roe_4q": -28.07,
            "gross_profit": -54751,
            "gross_margin": -6.26,
            "gross_margin_4q_avg": -1.29,
            "net_income": -113623,
            "revenue": 874243,
            "common_shares": 2638553,
            "book_valuer_per_share": 4.96,
            "book_valuer_per_share_4q_avg": 5.7,
            "equity": 1311352,
            "current_ratio": 84.56,
            "debt_ratio": 59.18,
            "inventory_turnover_ratio": 1.86,
            "account_receivable_turnover_ratio": null,
            "reinvestment_rate": null,
            "research_to_sale_ratio": null,
            "price_fair": 0.36,
            "eps_avg_yearly": 0.12,
            "eps_latest_yearly": 0.12,
            "eps_growth_yearly": -100
        },
        "20082": {
            "year_quarter": 20082,
            "year": 2008,
            "quarter": 2,
            "eps": -0.37,
            "eps_growth_year": null,
            "eps_4q": -1.72,
            "eps_4q_growth_year": null,
            "roe": -7.15,
            "roe_4q": -31.55,
            "gross_profit": -41047,
            "gross_margin": -5.74,
            "gross_margin_4q_avg": -2.78,
            "net_income": -90478,
            "revenue": 715251,
            "common_shares": 2638553,
            "book_valuer_per_share": 4.62,
            "book_valuer_per_share_4q_avg": 5.27,
            "equity": 1220874,
            "current_ratio": 79.44,
            "debt_ratio": 60.91,
            "inventory_turnover_ratio": 1.76,
            "account_receivable_turnover_ratio": null,
            "reinvestment_rate": null,
            "research_to_sale_ratio": null,
            "price_fair": 0.36,
            "eps_avg_yearly": 0.12,
            "eps_latest_yearly": 0.12,
            "eps_growth_yearly": -100
        },
        "20083": {
            "year_quarter": 20083,
            "year": 2008,
            "quarter": 3,
            "eps": -0.9,
            "eps_growth_year": null,
            "eps_4q": -3.78,
            "eps_4q_growth_year": null,
            "roe": -9.28,
            "roe_4q": -36.96,
            "gross_profit": -19829,
            "gross_margin": -4.82,
            "gross_margin_4q_avg": -5.25,
            "net_income": -108327,
            "revenue": 411223,
            "common_shares": 1319276,
            "book_valuer_per_share": 8.42,
            "book_valuer_per_share_4q_avg": 5.85,
            "equity": 1112547,
            "current_ratio": 66,
            "debt_ratio": 59,
            "inventory_turnover_ratio": 1.03,
            "account_receivable_turnover_ratio": null,
            "reinvestment_rate": null,
            "research_to_sale_ratio": null,
            "price_fair": 0.36,
            "eps_avg_yearly": 0.12,
            "eps_latest_yearly": 0.12,
            "eps_growth_yearly": -100
        },
        "20084": {
            "year_quarter": 20084,
            "year": 2008,
            "quarter": 4,
            "eps": -1.03,
            "eps_growth_year": null,
            "eps_4q": -3.61,
            "eps_4q_growth_year": null,
            "roe": -11.82,
            "roe_4q": -36.55,
            "gross_profit": -88897,
            "gross_margin": -28.04,
            "gross_margin_4q_avg": -11.22,
            "net_income": -124130,
            "revenue": 317087,
            "common_shares": 1319276,
            "book_valuer_per_share": 7.48,
            "book_valuer_per_share_4q_avg": 6.37,
            "equity": 988417,
            "current_ratio": 48.88,
            "debt_ratio": 59.61,
            "inventory_turnover_ratio": 1.19,
            "account_receivable_turnover_ratio": null,
            "reinvestment_rate": null,
            "research_to_sale_ratio": null,
            "price_fair": 0.36,
            "eps_avg_yearly": 0.12,
            "eps_latest_yearly": 0.12,
            "eps_growth_yearly": -100
        },
        "20091": {
            "year_quarter": 20091,
            "year": 2009,
            "quarter": 1,
            "eps": -0.02,
            "eps_growth_year": null,
            "eps_4q": -2.46,
            "eps_4q_growth_year": null,
            "roe": -0.2,
            "roe_4q": -28.449999999999996,
            "gross_profit": 44400,
            "gross_margin": 9.51,
            "gross_margin_4q_avg": -7.27,
            "net_income": -1993,
            "revenue": 466838,
            "common_shares": 1319276,
            "book_valuer_per_share": 7.47,
            "book_valuer_per_share_4q_avg": 7,
            "equity": 986424,
            "current_ratio": 50.32,
            "debt_ratio": 59.74,
            "inventory_turnover_ratio": 1.73,
            "account_receivable_turnover_ratio": null,
            "reinvestment_rate": null,
            "research_to_sale_ratio": null,
            "price_fair": 0.36,
            "eps_avg_yearly": 0.12,
            "eps_latest_yearly": 0.12,
            "eps_growth_yearly": -100
        },
        "20092": {
            "year_quarter": 20092,
            "year": 2009,
            "quarter": 2,
            "eps": 0.49,
            "eps_growth_year": null,
            "eps_4q": -1.45,
            "eps_4q_growth_year": null,
            "roe": 5.84,
            "roe_4q": -15.46,
            "gross_profit": 118893,
            "gross_margin": 14.93,
            "gross_margin_4q_avg": -2.11,
            "net_income": 59202,
            "revenue": 796233,
            "common_shares": 1319276,
            "book_valuer_per_share": 7.9,
            "book_valuer_per_share_4q_avg": 7.82,
            "equity": 1042093,
            "current_ratio": 57.83,
            "debt_ratio": 57.26,
            "inventory_turnover_ratio": 3.04,
            "account_receivable_turnover_ratio": 10.57,
            "reinvestment_rate": null,
            "research_to_sale_ratio": null,
            "price_fair": 0.36,
            "eps_avg_yearly": 0.12,
            "eps_latest_yearly": 0.12,
            "eps_growth_yearly": -100
        },
        "20093": {
            "year_quarter": 20093,
            "year": 2009,
            "quarter": 3,
            "eps": 0.99,
            "eps_growth_year": null,
            "eps_4q": 0.43,
            "eps_4q_growth_year": null,
            "roe": 10.82,
            "roe_4q": 4.640000000000001,
            "gross_profit": 175929,
            "gross_margin": 19.47,
            "gross_margin_4q_avg": 3.97,
            "net_income": 119246,
            "revenue": 903764,
            "common_shares": 1319276,
            "book_valuer_per_share": 8.8,
            "book_valuer_per_share_4q_avg": 7.91,
            "equity": 1161338,
            "current_ratio": 77,
            "debt_ratio": 53.87,
            "inventory_turnover_ratio": 2.86,
            "account_receivable_turnover_ratio": 7.17,
            "reinvestment_rate": null,
            "research_to_sale_ratio": null,
            "price_fair": 71.4,
            "eps_avg_yearly": 2.04,
            "eps_latest_yearly": 3.96,
            "eps_growth_yearly": 154.08
        },
        "20094": {
            "year_quarter": 20094,
            "year": 2009,
            "quarter": 4,
            "eps": 1.28,
            "eps_growth_year": null,
            "eps_4q": 2.74,
            "eps_4q_growth_year": null,
            "roe": 12.89,
            "roe_4q": 29.35,
            "gross_profit": 76740,
            "gross_margin": 10.24,
            "gross_margin_4q_avg": 13.54,
            "net_income": 154721,
            "revenue": 749362,
            "common_shares": 1319276,
            "book_valuer_per_share": 9.4,
            "book_valuer_per_share_4q_avg": 8.39,
            "equity": 1240099,
            "current_ratio": 83.6,
            "debt_ratio": 49.21,
            "inventory_turnover_ratio": 2.36,
            "account_receivable_turnover_ratio": 7.37,
            "reinvestment_rate": null,
            "research_to_sale_ratio": null,
            "price_fair": 107.33,
            "eps_avg_yearly": 3.07,
            "eps_latest_yearly": 5.12,
            "eps_growth_yearly": 141.78
        },
        "20101": {
            "year_quarter": 20101,
            "year": 2010,
            "quarter": 1,
            "eps": null,
            "eps_growth_year": null,
            "eps_4q": null,
            "eps_4q_growth_year": null,
            "roe": null,
            "roe_4q": 29.55,
            "gross_profit": 92718,
            "gross_margin": null,
            "gross_margin_4q_avg": 11.16,
            "net_income": 41040,
            "revenue": 906717,
            "common_shares": 1319276,
            "book_valuer_per_share": 9.71,
            "book_valuer_per_share_4q_avg": 8.95,
            "equity": 1281139,
            "current_ratio": 89.95,
            "debt_ratio": 48.05,
            "inventory_turnover_ratio": null,
            "account_receivable_turnover_ratio": null,
            "reinvestment_rate": null,
            "research_to_sale_ratio": null,
            "price_fair": 107.33,
            "eps_avg_yearly": 3.07,
            "eps_latest_yearly": 5.12,
            "eps_growth_yearly": 141.78
        },
        "20102": {
            "year_quarter": 20102,
            "year": 2010,
            "quarter": 2,
            "eps": -0.32,
            "eps_growth_year": -165.93,
            "eps_4q": 1.94,
            "eps_4q_growth_year": null,
            "roe": -3.1,
            "roe_4q": 20.61,
            "gross_profit": 28454,
            "gross_margin": 4.1,
            "gross_margin_4q_avg": 8.45,
            "net_income": -39087,
            "revenue": 694153,
            "common_shares": 1319276,
            "book_valuer_per_share": 10.26,
            "book_valuer_per_share_4q_avg": 9.54,
            "equity": 1242052,
            "current_ratio": 85.17,
            "debt_ratio": 43.92,
            "inventory_turnover_ratio": 2.18,
            "account_receivable_turnover_ratio": 20.87,
            "reinvestment_rate": null,
            "research_to_sale_ratio": null,
            "price_fair": 107.33,
            "eps_avg_yearly": 3.07,
            "eps_latest_yearly": 5.12,
            "eps_growth_yearly": 141.78
        },
        "20103": {
            "year_quarter": 20103,
            "year": 2010,
            "quarter": 3,
            "eps": -0.36,
            "eps_growth_year": -136.59,
            "eps_4q": 0.59,
            "eps_4q_growth_year": 36.6,
            "roe": -3.59,
            "roe_4q": 6.200000000000001,
            "gross_profit": -4525,
            "gross_margin": -0.71,
            "gross_margin_4q_avg": 3.41,
            "net_income": -43839,
            "revenue": 637197,
            "common_shares": 1319276,
            "book_valuer_per_share": 9.9,
            "book_valuer_per_share_4q_avg": 9.82,
            "equity": 1198213,
            "current_ratio": 86.27,
            "debt_ratio": 50.26,
            "inventory_turnover_ratio": 1.87,
            "account_receivable_turnover_ratio": 8.4,
            "reinvestment_rate": null,
            "research_to_sale_ratio": 0.09,
            "price_fair": 158.9,
            "eps_avg_yearly": 4.54,
            "eps_latest_yearly": 5.12,
            "eps_growth_yearly": 262.67
        },
        "20104": {
            "year_quarter": 20104,
            "year": 2010,
            "quarter": 4,
            "eps": 0.05,
            "eps_growth_year": -96.21,
            "eps_4q": -0.64,
            "eps_4q_growth_year": -123.24,
            "roe": 0.49,
            "roe_4q": -6.199999999999999,
            "gross_profit": 68546,
            "gross_margin": 6.47,
            "gross_margin_4q_avg": 2.47,
            "net_income": 5871,
            "revenue": 1059434,
            "common_shares": 1319276,
            "book_valuer_per_share": 9.89,
            "book_valuer_per_share_4q_avg": 9.94,
            "equity": 1196549,
            "current_ratio": 88.39,
            "debt_ratio": 50.65,
            "inventory_turnover_ratio": 2.3,
            "account_receivable_turnover_ratio": 16.96,
            "reinvestment_rate": null,
            "research_to_sale_ratio": 0.35,
            "price_fair": 158.9,
            "eps_avg_yearly": 4.54,
            "eps_latest_yearly": 5.12,
            "eps_growth_yearly": 262.67
        },
        "20111": {
            "year_quarter": 20111,
            "year": 2011,
            "quarter": 1,
            "eps": 0.3,
            "eps_growth_year": null,
            "eps_4q": -0.33,
            "eps_4q_growth_year": null,
            "roe": 3.03,
            "roe_4q": -3.1700000000000004,
            "gross_profit": 98848,
            "gross_margin": 11.27,
            "gross_margin_4q_avg": 5.28,
            "net_income": 36781,
            "revenue": 877436,
            "common_shares": 1319276,
            "book_valuer_per_share": 10.19,
            "book_valuer_per_share_4q_avg": 10.06,
            "equity": 1233330,
            "current_ratio": 91.74,
            "debt_ratio": 52.07,
            "inventory_turnover_ratio": 1.73,
            "account_receivable_turnover_ratio": 8.19,
            "reinvestment_rate": null,
            "research_to_sale_ratio": null,
            "price_fair": 119.93,
            "eps_avg_yearly": 3.43,
            "eps_latest_yearly": 1.2,
            "eps_growth_yearly": 841.78
        },
        "20112": {
            "year_quarter": 20112,
            "year": 2011,
            "quarter": 2,
            "eps": 0.06,
            "eps_growth_year": null,
            "eps_4q": 0.05,
            "eps_4q_growth_year": -97.51,
            "roe": 0.57,
            "roe_4q": 0.5,
            "gross_profit": 66362,
            "gross_margin": 9.18,
            "gross_margin_4q_avg": 6.55,
            "net_income": 7019,
            "revenue": 723174,
            "common_shares": 1319276,
            "book_valuer_per_share": 10.25,
            "book_valuer_per_share_4q_avg": 10.06,
            "equity": 1240349,
            "current_ratio": 93.16,
            "debt_ratio": 53.54,
            "inventory_turnover_ratio": 1.11,
            "account_receivable_turnover_ratio": 6.2,
            "reinvestment_rate": null,
            "research_to_sale_ratio": null,
            "price_fair": 92.05,
            "eps_avg_yearly": 2.63,
            "eps_latest_yearly": 0.24,
            "eps_growth_yearly": 551.33
        },
        "20113": {
            "year_quarter": 20113,
            "year": 2011,
            "quarter": 3,
            "eps": -0.25,
            "eps_growth_year": null,
            "eps_4q": 0.16,
            "eps_4q_growth_year": -72.68,
            "roe": -2.45,
            "roe_4q": 1.6399999999999995,
            "gross_profit": -29157,
            "gross_margin": -4.34,
            "gross_margin_4q_avg": 5.65,
            "net_income": -30075,
            "revenue": 671215,
            "common_shares": 1319276,
            "book_valuer_per_share": 10,
            "book_valuer_per_share_4q_avg": 10.08,
            "equity": 1210274,
            "current_ratio": 87.71,
            "debt_ratio": 52.72,
            "inventory_turnover_ratio": 1.08,
            "account_receivable_turnover_ratio": 10.12,
            "reinvestment_rate": null,
            "research_to_sale_ratio": 0.45,
            "price_fair": 92.05,
            "eps_avg_yearly": 2.63,
            "eps_latest_yearly": 0.24,
            "eps_growth_yearly": 551.33
        },
        "20114": {
            "year_quarter": 20114,
            "year": 2011,
            "quarter": 4,
            "eps": 0.27,
            "eps_growth_year": 451.23,
            "eps_4q": 0.38,
            "eps_4q_growth_year": null,
            "roe": 2.66,
            "roe_4q": 3.8099999999999996,
            "gross_profit": 18088,
            "gross_margin": 2.24,
            "gross_margin_4q_avg": 4.59,
            "net_income": 32385,
            "revenue": 806914,
            "common_shares": 1319276,
            "book_valuer_per_share": 10.16,
            "book_valuer_per_share_4q_avg": 10.15,
            "equity": 1229199,
            "current_ratio": 99.4,
            "debt_ratio": 48.2,
            "inventory_turnover_ratio": 1.67,
            "account_receivable_turnover_ratio": 7.76,
            "reinvestment_rate": null,
            "research_to_sale_ratio": 0.7,
            "price_fair": 92.05,
            "eps_avg_yearly": 2.63,
            "eps_latest_yearly": 0.24,
            "eps_growth_yearly": 551.33
        },
        "20121": {
            "year_quarter": 20121,
            "year": 2012,
            "quarter": 1,
            "eps": 0.29,
            "eps_growth_year": -3.33,
            "eps_4q": 0.37,
            "eps_4q_growth_year": null,
            "roe": 2.82,
            "roe_4q": 3.6,
            "gross_profit": 91264,
            "gross_margin": 9.82,
            "gross_margin_4q_avg": 4.23,
            "net_income": 35223,
            "revenue": 929791,
            "common_shares": 1319276,
            "book_valuer_per_share": 10.45,
            "book_valuer_per_share_4q_avg": 10.22,
            "equity": 1264477,
            "current_ratio": 106.52,
            "debt_ratio": 44.31,
            "inventory_turnover_ratio": 2.06,
            "account_receivable_turnover_ratio": 10.03,
            "reinvestment_rate": 236.51,
            "research_to_sale_ratio": 0.5,
            "price_fair": 81.76,
            "eps_avg_yearly": 2.34,
            "eps_latest_yearly": 1.16,
            "eps_growth_yearly": 446.99
        },
        "20122": {
            "year_quarter": 20122,
            "year": 2012,
            "quarter": 2,
            "eps": -0.93,
            "eps_growth_year": -1698.89,
            "eps_4q": -0.62,
            "eps_4q_growth_year": -1377.52,
            "roe": -9.3,
            "roe_4q": -6.2700000000000005,
            "gross_profit": -100583,
            "gross_margin": -29.69,
            "gross_margin_4q_avg": -5.49,
            "net_income": -112327,
            "revenue": 338763,
            "common_shares": 1319276,
            "book_valuer_per_share": 9.52,
            "book_valuer_per_share_4q_avg": 10.03,
            "equity": 1152105,
            "current_ratio": 90.71,
            "debt_ratio": 50.46,
            "inventory_turnover_ratio": 0.87,
            "account_receivable_turnover_ratio": 7.58,
            "reinvestment_rate": 398.71,
            "research_to_sale_ratio": 1.11,
            "price_fair": 81.76,
            "eps_avg_yearly": 2.34,
            "eps_latest_yearly": 1.16,
            "eps_growth_yearly": 446.99
        },
        "20123": {
            "year_quarter": 20123,
            "year": 2012,
            "quarter": 3,
            "eps": -0.79,
            "eps_growth_year": null,
            "eps_4q": -1.16,
            "eps_4q_growth_year": -815.55,
            "roe": -8.66,
            "roe_4q": -12.48,
            "gross_profit": -43815,
            "gross_margin": -8.95,
            "gross_margin_4q_avg": -6.65,
            "net_income": -95671,
            "revenue": 489583,
            "common_shares": 1319276,
            "book_valuer_per_share": 8.73,
            "book_valuer_per_share_4q_avg": 9.72,
            "equity": 1056516,
            "current_ratio": 78.21,
            "debt_ratio": 52.2,
            "inventory_turnover_ratio": 1.1,
            "account_receivable_turnover_ratio": 9.36,
            "reinvestment_rate": 237.68,
            "research_to_sale_ratio": 0.58,
            "price_fair": 81.76,
            "eps_avg_yearly": 2.34,
            "eps_latest_yearly": 1.16,
            "eps_growth_yearly": 446.99
        },
        "20124": {
            "year_quarter": 20124,
            "year": 2012,
            "quarter": 4,
            "eps": -0.18,
            "eps_growth_year": -166.36,
            "eps_4q": -1.61,
            "eps_4q_growth_year": -521.09,
            "roe": -2.05,
            "roe_4q": -17.19,
            "gross_profit": -26286,
            "gross_margin": -5.58,
            "gross_margin_4q_avg": -8.6,
            "net_income": -21500,
            "revenue": 470944,
            "common_shares": 1319276,
            "book_valuer_per_share": 8.62,
            "book_valuer_per_share_4q_avg": 9.33,
            "equity": 1042701,
            "current_ratio": 75.88,
            "debt_ratio": 52.96,
            "inventory_turnover_ratio": 1.24,
            "account_receivable_turnover_ratio": 7.77,
            "reinvestment_rate": 58.27,
            "research_to_sale_ratio": 0.76,
            "price_fair": 81.76,
            "eps_avg_yearly": 2.34,
            "eps_latest_yearly": 1.16,
            "eps_growth_yearly": 446.99
        },
        "20131": {
            "year_quarter": 20131,
            "year": 2013,
            "quarter": 1,
            "eps": -0.21,
            "eps_growth_year": -172.41,
            "eps_4q": -2.1,
            "eps_4q_growth_year": -670.73,
            "roe": -2.47,
            "roe_4q": -22.48,
            "gross_profit": 6294,
            "gross_margin": 1.33,
            "gross_margin_4q_avg": -10.72,
            "net_income": -24914,
            "revenue": 473882,
            "common_shares": 1319276,
            "book_valuer_per_share": 8.07,
            "book_valuer_per_share_4q_avg": 8.74,
            "equity": 976802,
            "current_ratio": 72.99,
            "debt_ratio": 54.41,
            "inventory_turnover_ratio": 1.15,
            "account_receivable_turnover_ratio": 9.58,
            "reinvestment_rate": 85.3,
            "research_to_sale_ratio": 0.51,
            "price_fair": 81.76,
            "eps_avg_yearly": 2.34,
            "eps_latest_yearly": 1.16,
            "eps_growth_yearly": 446.99
        },
        "20132": {
            "year_quarter": 20132,
            "year": 2013,
            "quarter": 2,
            "eps": -0.33,
            "eps_growth_year": null,
            "eps_4q": -1.51,
            "eps_4q_growth_year": null,
            "roe": -4.24,
            "roe_4q": -17.42,
            "gross_profit": -24520,
            "gross_margin": -6.2,
            "gross_margin_4q_avg": -4.85,
            "net_income": -40253,
            "revenue": 395169,
            "common_shares": 1319276,
            "book_valuer_per_share": 7.62,
            "book_valuer_per_share_4q_avg": 8.26,
            "equity": 921868,
            "current_ratio": 67.5,
            "debt_ratio": 55.84,
            "inventory_turnover_ratio": 1.01,
            "account_receivable_turnover_ratio": 11.33,
            "reinvestment_rate": 397.87,
            "research_to_sale_ratio": 0.69,
            "price_fair": 81.76,
            "eps_avg_yearly": 2.34,
            "eps_latest_yearly": 1.16,
            "eps_growth_yearly": 446.99
        },
        "20133": {
            "year_quarter": 20133,
            "year": 2013,
            "quarter": 3,
            "eps": -0.24,
            "eps_growth_year": null,
            "eps_4q": -0.96,
            "eps_4q_growth_year": null,
            "roe": -3.18,
            "roe_4q": -11.940000000000001,
            "gross_profit": 22159,
            "gross_margin": 3.72,
            "gross_margin_4q_avg": -1.68,
            "net_income": -28970,
            "revenue": 596351,
            "common_shares": 1319276,
            "book_valuer_per_share": 7.42,
            "book_valuer_per_share_4q_avg": 7.93,
            "equity": 897765,
            "current_ratio": 67.68,
            "debt_ratio": 57.63,
            "inventory_turnover_ratio": 1.37,
            "account_receivable_turnover_ratio": 13.15,
            "reinvestment_rate": null,
            "research_to_sale_ratio": 0.48,
            "price_fair": 67.55,
            "eps_avg_yearly": 1.93,
            "eps_latest_yearly": 1.16,
            "eps_growth_yearly": 456.7
        },
        "20134": {
            "year_quarter": 20134,
            "year": 2013,
            "quarter": 4,
            "eps": -0.23,
            "eps_growth_year": null,
            "eps_4q": -1.01,
            "eps_4q_growth_year": null,
            "roe": -3.16,
            "roe_4q": -13.05,
            "gross_profit": 31455,
            "gross_margin": 4.62,
            "gross_margin_4q_avg": 0.87,
            "net_income": -28232,
            "revenue": 680922,
            "common_shares": 1319276,
            "book_valuer_per_share": 7.35,
            "book_valuer_per_share_4q_avg": 7.62,
            "equity": 889253,
            "current_ratio": 60.67,
            "debt_ratio": 55.96,
            "inventory_turnover_ratio": 1.71,
            "account_receivable_turnover_ratio": 13.73,
            "reinvestment_rate": null,
            "research_to_sale_ratio": 0.58,
            "price_fair": 30.33,
            "eps_avg_yearly": 0.87,
            "eps_latest_yearly": 1.16,
            "eps_growth_yearly": 569.88
        },
        "20141": {
            "year_quarter": 20141,
            "year": 2014,
            "quarter": 1,
            "eps": -0.35,
            "eps_growth_year": null,
            "eps_4q": -1.15,
            "eps_4q_growth_year": null,
            "roe": -4.82,
            "roe_4q": -15.4,
            "gross_profit": 2594,
            "gross_margin": 0.62,
            "gross_margin_4q_avg": 0.69,
            "net_income": -41899,
            "revenue": 420990,
            "common_shares": 1319276,
            "book_valuer_per_share": 7.02,
            "book_valuer_per_share_4q_avg": 7.35,
            "equity": 849954,
            "current_ratio": 59.67,
            "debt_ratio": 58.4,
            "inventory_turnover_ratio": 1.24,
            "account_receivable_turnover_ratio": 12.11,
            "reinvestment_rate": null,
            "research_to_sale_ratio": 0.59,
            "price_fair": 30.33,
            "eps_avg_yearly": 0.87,
            "eps_latest_yearly": 1.16,
            "eps_growth_yearly": 569.88
        },
        "20142": {
            "year_quarter": 20142,
            "year": 2014,
            "quarter": 2,
            "eps": -0.09,
            "eps_growth_year": null,
            "eps_4q": -0.91,
            "eps_4q_growth_year": null,
            "roe": -1.28,
            "roe_4q": -12.440000000000001,
            "gross_profit": -11483,
            "gross_margin": -2.14,
            "gross_margin_4q_avg": 1.71,
            "net_income": -10640,
            "revenue": 537020,
            "common_shares": 1319276,
            "book_valuer_per_share": 6.68,
            "book_valuer_per_share_4q_avg": 7.12,
            "equity": 808231,
            "current_ratio": 66.88,
            "debt_ratio": 62.63,
            "inventory_turnover_ratio": 1.3,
            "account_receivable_turnover_ratio": 11.38,
            "reinvestment_rate": null,
            "research_to_sale_ratio": 0.56,
            "price_fair": 30.33,
            "eps_avg_yearly": 0.87,
            "eps_latest_yearly": 1.16,
            "eps_growth_yearly": 569.88
        },
        "20143": {
            "year_quarter": 20143,
            "year": 2014,
            "quarter": 3,
            "eps": -0.36,
            "eps_growth_year": null,
            "eps_4q": -1.03,
            "eps_4q_growth_year": null,
            "roe": -5.57,
            "roe_4q": -14.830000000000002,
            "gross_profit": 4219,
            "gross_margin": 0.85,
            "gross_margin_4q_avg": 0.99,
            "net_income": -43739,
            "revenue": 495649,
            "common_shares": 1319276,
            "book_valuer_per_share": 6.29,
            "book_valuer_per_share_4q_avg": 6.84,
            "equity": 761467,
            "current_ratio": 61.83,
            "debt_ratio": 62.92,
            "inventory_turnover_ratio": 1.02,
            "account_receivable_turnover_ratio": 9.9,
            "reinvestment_rate": null,
            "research_to_sale_ratio": 0.62,
            "price_fair": 30.33,
            "eps_avg_yearly": 0.87,
            "eps_latest_yearly": 1.16,
            "eps_growth_yearly": 569.88
        },
        "20144": {
            "year_quarter": 20144,
            "year": 2014,
            "quarter": 4,
            "eps": -0.53,
            "eps_growth_year": null,
            "eps_4q": -1.32,
            "eps_4q_growth_year": null,
            "roe": -8.71,
            "roe_4q": -20.380000000000003,
            "gross_profit": -11125,
            "gross_margin": -2,
            "gross_margin_4q_avg": -0.67,
            "net_income": -63887,
            "revenue": 555262,
            "common_shares": 1319276,
            "book_valuer_per_share": 5.83,
            "book_valuer_per_share_4q_avg": 6.46,
            "equity": 705564,
            "current_ratio": 58.66,
            "debt_ratio": 65.34,
            "inventory_turnover_ratio": 1.32,
            "account_receivable_turnover_ratio": 10.72,
            "reinvestment_rate": null,
            "research_to_sale_ratio": 0.67,
            "price_fair": 30.33,
            "eps_avg_yearly": 0.87,
            "eps_latest_yearly": 1.16,
            "eps_growth_yearly": 569.88
        },
        "20151": {
            "year_quarter": 20151,
            "year": 2015,
            "quarter": 1,
            "eps": -0.51,
            "eps_growth_year": null,
            "eps_4q": -1.48,
            "eps_4q_growth_year": null,
            "roe": -9.17,
            "roe_4q": -24.730000000000004,
            "gross_profit": -22819,
            "gross_margin": -7.09,
            "gross_margin_4q_avg": -2.6,
            "net_income": -61834,
            "revenue": 321943,
            "common_shares": 1319276,
            "book_valuer_per_share": 5.3,
            "book_valuer_per_share_4q_avg": 6.03,
            "equity": 642828,
            "current_ratio": 57.82,
            "debt_ratio": 68.9,
            "inventory_turnover_ratio": 0.79,
            "account_receivable_turnover_ratio": 6.5,
            "reinvestment_rate": null,
            "research_to_sale_ratio": 0.75,
            "price_fair": 2.1,
            "eps_avg_yearly": 0.7,
            "eps_latest_yearly": 1.16,
            "eps_growth_yearly": -145.19
        },
        "20152": {
            "year_quarter": 20152,
            "year": 2015,
            "quarter": 2,
            "eps": -0.21,
            "eps_growth_year": null,
            "eps_4q": -1.59,
            "eps_4q_growth_year": null,
            "roe": -4.2,
            "roe_4q": -27.650000000000002,
            "gross_profit": -19583,
            "gross_margin": -4.68,
            "gross_margin_4q_avg": -3.23,
            "net_income": -26304,
            "revenue": 418069,
            "common_shares": 1319276,
            "book_valuer_per_share": 4.94,
            "book_valuer_per_share_4q_avg": 5.59,
            "equity": 609625,
            "current_ratio": 49.98,
            "debt_ratio": 67.33,
            "inventory_turnover_ratio": 1.1,
            "account_receivable_turnover_ratio": 12,
            "reinvestment_rate": null,
            "research_to_sale_ratio": 0.55,
            "price_fair": 40.6,
            "eps_avg_yearly": 1.16,
            "eps_latest_yearly": 1.16,
            "eps_growth_yearly": 29.63
        },
        "20153": {
            "year_quarter": 20153,
            "year": 2015,
            "quarter": 3,
            "eps": -0.18,
            "eps_growth_year": null,
            "eps_4q": -1.42,
            "eps_4q_growth_year": null,
            "roe": -3.8,
            "roe_4q": -25.880000000000003,
            "gross_profit": 3811,
            "gross_margin": 1.26,
            "gross_margin_4q_avg": -3.13,
            "net_income": -22712,
            "revenue": 301927,
            "common_shares": 1319276,
            "book_valuer_per_share": 4.76,
            "book_valuer_per_share_4q_avg": 5.21,
            "equity": 586131,
            "current_ratio": 52.03,
            "debt_ratio": 69.08,
            "inventory_turnover_ratio": 0.86,
            "account_receivable_turnover_ratio": 10.03,
            "reinvestment_rate": null,
            "research_to_sale_ratio": 0.8,
            "price_fair": 40.6,
            "eps_avg_yearly": 1.16,
            "eps_latest_yearly": 1.16,
            "eps_growth_yearly": 29.63
        },
        "20154": {
            "year_quarter": 20154,
            "year": 2015,
            "quarter": 4,
            "eps": -0.56,
            "eps_growth_year": null,
            "eps_4q": -1.46,
            "eps_4q_growth_year": null,
            "roe": -12.68,
            "roe_4q": -29.85,
            "gross_profit": -18196,
            "gross_margin": -4.41,
            "gross_margin_4q_avg": -3.73,
            "net_income": -69231,
            "revenue": 412464,
            "common_shares": 1319276,
            "book_valuer_per_share": 4.11,
            "book_valuer_per_share_4q_avg": 4.78,
            "equity": 506161,
            "current_ratio": 45.84,
            "debt_ratio": 71.93,
            "inventory_turnover_ratio": 1.24,
            "account_receivable_turnover_ratio": 19.94,
            "reinvestment_rate": null,
            "research_to_sale_ratio": 0.59,
            "price_fair": 40.6,
            "eps_avg_yearly": 1.16,
            "eps_latest_yearly": 1.16,
            "eps_growth_yearly": 29.63
        },
        "20161": {
            "year_quarter": 20161,
            "year": 2016,
            "quarter": 1,
            "eps": -0.21,
            "eps_growth_year": null,
            "eps_4q": -1.17,
            "eps_4q_growth_year": null,
            "roe": -5.29,
            "roe_4q": -25.97,
            "gross_profit": 25329,
            "gross_margin": 5.07,
            "gross_margin_4q_avg": -0.69,
            "net_income": -26097,
            "revenue": 499280,
            "common_shares": 1319276,
            "book_valuer_per_share": 3.89,
            "book_valuer_per_share_4q_avg": 4.43,
            "equity": 479721,
            "current_ratio": 49.71,
            "debt_ratio": 74.33,
            "inventory_turnover_ratio": 1.41,
            "account_receivable_turnover_ratio": 24.43,
            "reinvestment_rate": null,
            "research_to_sale_ratio": 0.48,
            "price_fair": 0,
            "eps_avg_yearly": 0,
            "eps_latest_yearly": 0,
            "eps_growth_yearly": 0
        },
        "20162": {
            "year_quarter": 20162,
            "year": 2016,
            "quarter": 2,
            "eps": -0.24,
            "eps_growth_year": null,
            "eps_4q": -1.2,
            "eps_4q_growth_year": null,
            "roe": -6.5,
            "roe_4q": -28.27,
            "gross_profit": 16742,
            "gross_margin": 4.29,
            "gross_margin_4q_avg": 1.55,
            "net_income": -30154,
            "revenue": 390569,
            "common_shares": 1319276,
            "book_valuer_per_share": 3.64,
            "book_valuer_per_share_4q_avg": 4.1,
            "equity": 448593,
            "current_ratio": 47.54,
            "debt_ratio": 75.47,
            "inventory_turnover_ratio": 1.04,
            "account_receivable_turnover_ratio": 18.29,
            "reinvestment_rate": null,
            "research_to_sale_ratio": 0.62,
            "price_fair": 0,
            "eps_avg_yearly": 0,
            "eps_latest_yearly": 0,
            "eps_growth_yearly": 0
        },
        "20163": {
            "year_quarter": 20163,
            "year": 2016,
            "quarter": 3,
            "eps": -0.48,
            "eps_growth_year": null,
            "eps_4q": -1.5,
            "eps_4q_growth_year": null,
            "roe": -14.27,
            "roe_4q": -38.739999999999995,
            "gross_profit": -21220,
            "gross_margin": -5.43,
            "gross_margin_4q_avg": -0.12,
            "net_income": -58894,
            "revenue": 390442,
            "common_shares": 1319276,
            "book_valuer_per_share": 3.06,
            "book_valuer_per_share_4q_avg": 3.68,
            "equity": 376989,
            "current_ratio": 41.4,
            "debt_ratio": 78.32,
            "inventory_turnover_ratio": 1.23,
            "account_receivable_turnover_ratio": 20.89,
            "reinvestment_rate": null,
            "research_to_sale_ratio": 0.62,
            "price_fair": 0,
            "eps_avg_yearly": 0,
            "eps_latest_yearly": 0,
            "eps_growth_yearly": 0
        },
        "20164": {
            "year_quarter": 20164,
            "year": 2016,
            "quarter": 4,
            "eps": -0.54,
            "eps_growth_year": null,
            "eps_4q": -1.47,
            "eps_4q_growth_year": null,
            "roe": -19.37,
            "roe_4q": -45.43,
            "gross_profit": -23467,
            "gross_margin": -5.44,
            "gross_margin_4q_avg": -0.38,
            "net_income": -65937,
            "revenue": 431623,
            "common_shares": 1319276,
            "book_valuer_per_share": 2.47,
            "book_valuer_per_share_4q_avg": 3.27,
            "equity": 303986,
            "current_ratio": 41.27,
            "debt_ratio": 82.85,
            "inventory_turnover_ratio": 1.4,
            "account_receivable_turnover_ratio": 24.27,
            "reinvestment_rate": null,
            "research_to_sale_ratio": 0.57,
            "price_fair": 0,
            "eps_avg_yearly": 0,
            "eps_latest_yearly": 0,
            "eps_growth_yearly": 0
        },
        "20171": {
            "year_quarter": 20171,
            "year": 2017,
            "quarter": 1,
            "eps": -0.48,
            "eps_growth_year": null,
            "eps_4q": -1.72,
            "eps_4q_growth_year": null,
            "roe": -21.19,
            "roe_4q": -61.33,
            "gross_profit": -14222,
            "gross_margin": -3.33,
            "gross_margin_4q_avg": -2.48,
            "net_income": -58609,
            "revenue": 427249,
            "common_shares": 1319276,
            "book_valuer_per_share": 2.01,
            "book_valuer_per_share_4q_avg": 2.8,
            "equity": 249265,
            "current_ratio": 39.85,
            "debt_ratio": 86.12,
            "inventory_turnover_ratio": 1.29,
            "account_receivable_turnover_ratio": 26.61,
            "reinvestment_rate": null,
            "research_to_sale_ratio": 0.59,
            "price_fair": 0,
            "eps_avg_yearly": 0,
            "eps_latest_yearly": 0,
            "eps_growth_yearly": 0
        },
        "20172": {
            "year_quarter": 20172,
            "year": 2017,
            "quarter": 2,
            "eps": -0.75,
            "eps_growth_year": null,
            "eps_4q": -2.22,
            "eps_4q_growth_year": null,
            "roe": -45.81,
            "roe_4q": -100.64,
            "gross_profit": -45613,
            "gross_margin": -9.22,
            "gross_margin_4q_avg": -5.86,
            "net_income": -93933,
            "revenue": 494682,
            "common_shares": 1319276,
            "book_valuer_per_share": 1.28,
            "book_valuer_per_share_4q_avg": 2.21,
            "equity": 160797,
            "current_ratio": 34.2,
            "debt_ratio": 90.67,
            "inventory_turnover_ratio": 1.72,
            "account_receivable_turnover_ratio": 25.29,
            "reinvestment_rate": null,
            "research_to_sale_ratio": 0.47,
            "price_fair": 0,
            "eps_avg_yearly": 0,
            "eps_latest_yearly": 0,
            "eps_growth_yearly": 0
        },
        "20173": {
            "year_quarter": 20173,
            "year": 2017,
            "quarter": 3,
            "eps": -1.91,
            "eps_growth_year": null,
            "eps_4q": -6.85,
            "eps_4q_growth_year": null,
            "roe": -71.58,
            "roe_4q": -157.95000000000002,
            "gross_profit": -48570,
            "gross_margin": -15.57,
            "gross_margin_4q_avg": -8.39,
            "net_income": -84736,
            "revenue": 311869,
            "common_shares": 468343,
            "book_valuer_per_share": 1.7,
            "book_valuer_per_share_4q_avg": 1.87,
            "equity": 75959,
            "current_ratio": 33.49,
            "debt_ratio": 95.61,
            "inventory_turnover_ratio": 1.17,
            "account_receivable_turnover_ratio": 20.39,
            "reinvestment_rate": null,
            "research_to_sale_ratio": 0.75,
            "price_fair": 0,
            "eps_avg_yearly": 0,
            "eps_latest_yearly": 0,
            "eps_growth_yearly": 0
        },
        "20174": {
            "year_quarter": 20174,
            "year": 2017,
            "quarter": 4,
            "eps": -1.55,
            "eps_growth_year": null,
            "eps_4q": -5.92,
            "eps_4q_growth_year": null,
            "roe": -102.92,
            "roe_4q": -241.5,
            "gross_profit": -47473,
            "gross_margin": -11.75,
            "gross_margin_4q_avg": -9.97,
            "net_income": -84346,
            "revenue": 403900,
            "common_shares": 568343,
            "book_valuer_per_share": 1.62,
            "book_valuer_per_share_4q_avg": 1.65,
            "equity": 87946,
            "current_ratio": 26.72,
            "debt_ratio": 94.44,
            "inventory_turnover_ratio": 1.75,
            "account_receivable_turnover_ratio": 83.52,
            "reinvestment_rate": null,
            "research_to_sale_ratio": 0.58,
            "price_fair": 0,
            "eps_avg_yearly": 0,
            "eps_latest_yearly": 0,
            "eps_growth_yearly": 0
        },
        "20181": {
            "year_quarter": 20181,
            "year": 2018,
            "quarter": 1,
            "eps": -1.11,
            "eps_growth_year": null,
            "eps_4q": -5.95,
            "eps_4q_growth_year": null,
            "roe": -103.86,
            "roe_4q": -324.17,
            "gross_profit": -29322,
            "gross_margin": -18.95,
            "gross_margin_4q_avg": -13.87,
            "net_income": -60165,
            "revenue": 154720,
            "common_shares": 568343,
            "book_valuer_per_share": 0.51,
            "book_valuer_per_share_4q_avg": 1.28,
            "equity": 27911,
            "current_ratio": 612.61,
            "debt_ratio": 98.43,
            "inventory_turnover_ratio": 0.93,
            "account_receivable_turnover_ratio": 75.68,
            "reinvestment_rate": null,
            "research_to_sale_ratio": 1.51,
            "price_fair": 0,
            "eps_avg_yearly": 0,
            "eps_latest_yearly": 0,
            "eps_growth_yearly": 0
        },
        "20182": {
            "year_quarter": 20182,
            "year": 2018,
            "quarter": 2,
            "eps": -0.66,
            "eps_growth_year": null,
            "eps_4q": -4.88,
            "eps_4q_growth_year": null,
            "roe": -39.56,
            "roe_4q": -317.92,
            "gross_profit": -4430,
            "gross_margin": -1.58,
            "gross_margin_4q_avg": -11.96,
            "net_income": -35876,
            "revenue": 280204,
            "common_shares": 568343,
            "book_valuer_per_share": 2.83,
            "book_valuer_per_share_4q_avg": 1.67,
            "equity": 153461,
            "current_ratio": 332.18,
            "debt_ratio": 92.4,
            "inventory_turnover_ratio": 1.31,
            "account_receivable_turnover_ratio": 23.09,
            "reinvestment_rate": null,
            "research_to_sale_ratio": 0.83,
            "price_fair": 0,
            "eps_avg_yearly": 0,
            "eps_latest_yearly": 0,
            "eps_growth_yearly": 0
        },
        "20183": {
            "year_quarter": 20183,
            "year": 2018,
            "quarter": 3,
            "eps": -1.06,
            "eps_growth_year": null,
            "eps_4q": -4.38,
            "eps_4q_growth_year": null,
            "roe": -45.89,
            "roe_4q": -292.23,
            "gross_profit": -28812,
            "gross_margin": -20.63,
            "gross_margin_4q_avg": -13.23,
            "net_income": -57323,
            "revenue": 139674,
            "common_shares": 568343,
            "book_valuer_per_share": 1.77,
            "book_valuer_per_share_4q_avg": 1.68,
            "equity": 96344,
            "current_ratio": 504.93,
            "debt_ratio": 94.83,
            "inventory_turnover_ratio": 0.87,
            "account_receivable_turnover_ratio": 10.82,
            "reinvestment_rate": null,
            "research_to_sale_ratio": 1.63,
            "price_fair": 0,
            "eps_avg_yearly": 0,
            "eps_latest_yearly": 0,
            "eps_growth_yearly": 0
        },
        "20184": {
            "year_quarter": 20184,
            "year": 2018,
            "quarter": 4,
            "eps": -1.19,
            "eps_growth_year": null,
            "eps_4q": -4.01,
            "eps_4q_growth_year": null,
            "roe": -13.66,
            "roe_4q": -202.97,
            "gross_profit": -49556,
            "gross_margin": -63.16,
            "gross_margin_4q_avg": -26.08,
            "net_income": -64562,
            "revenue": 78461,
            "common_shares": 568343,
            "book_valuer_per_share": 15.64,
            "book_valuer_per_share_4q_avg": 5.19,
            "equity": 849183,
            "current_ratio": 586.98,
            "debt_ratio": 68.18,
            "inventory_turnover_ratio": 0.95,
            "account_receivable_turnover_ratio": 27.48,
            "reinvestment_rate": null,
            "research_to_sale_ratio": 2.88,
            "price_fair": 0,
            "eps_avg_yearly": 0,
            "eps_latest_yearly": 0,
            "eps_growth_yearly": 0
        },
        "20191": {
            "year_quarter": 20191,
            "year": 2019,
            "quarter": 1,
            "eps": -0.75,
            "eps_growth_year": null,
            "eps_4q": -3.66,
            "eps_4q_growth_year": null,
            "roe": -4.94,
            "roe_4q": -104.05000000000001,
            "gross_profit": -15478,
            "gross_margin": -18.83,
            "gross_margin_4q_avg": -26.05,
            "net_income": -40920,
            "revenue": 82203,
            "common_shares": 568343,
            "book_valuer_per_share": 14.89,
            "book_valuer_per_share_4q_avg": 8.78,
            "equity": 808432,
            "current_ratio": 164.93,
            "debt_ratio": 70.5,
            "inventory_turnover_ratio": 0.6,
            "account_receivable_turnover_ratio": 19.86,
            "reinvestment_rate": null,
            "research_to_sale_ratio": 2.75,
            "price_fair": 0,
            "eps_avg_yearly": 0,
            "eps_latest_yearly": 0,
            "eps_growth_yearly": 0
        },
        "20192": {
            "year_quarter": 20192,
            "year": 2019,
            "quarter": 2,
            "eps": -0.97,
            "eps_growth_year": null,
            "eps_4q": -3.97,
            "eps_4q_growth_year": null,
            "roe": -6.74,
            "roe_4q": -71.23,
            "gross_profit": -27632,
            "gross_margin": -46.24,
            "gross_margin_4q_avg": -37.22,
            "net_income": -52734,
            "revenue": 59757,
            "common_shares": 568343,
            "book_valuer_per_share": 13.92,
            "book_valuer_per_share_4q_avg": 11.56,
            "equity": 755876,
            "current_ratio": 153.85,
            "debt_ratio": 71.71,
            "inventory_turnover_ratio": 0.43,
            "account_receivable_turnover_ratio": 14.54,
            "reinvestment_rate": null,
            "research_to_sale_ratio": 3.73,
            "price_fair": 0,
            "eps_avg_yearly": 0,
            "eps_latest_yearly": 0,
            "eps_growth_yearly": 0
        },
        "20193": {
            "year_quarter": 20193,
            "year": 2019,
            "quarter": 3,
            "eps": -1.15,
            "eps_growth_year": null,
            "eps_4q": -4.06,
            "eps_4q_growth_year": null,
            "roe": -8.59,
            "roe_4q": -33.93,
            "gross_profit": -36135,
            "gross_margin": -94.26,
            "gross_margin_4q_avg": -55.62,
            "net_income": -62284,
            "revenue": 38334,
            "common_shares": 568343,
            "book_valuer_per_share": 12.77,
            "book_valuer_per_share_4q_avg": 14.31,
            "equity": 693563,
            "current_ratio": 159.88,
            "debt_ratio": 72.85,
            "inventory_turnover_ratio": 0.38,
            "account_receivable_turnover_ratio": null,
            "reinvestment_rate": null,
            "research_to_sale_ratio": 5.62,
            "price_fair": 0,
            "eps_avg_yearly": 0,
            "eps_latest_yearly": 0,
            "eps_growth_yearly": 0
        },
        "20194": {
            "year_quarter": 20194,
            "year": 2019,
            "quarter": 4,
            "eps": -1.07,
            "eps_growth_year": null,
            "eps_4q": -3.94,
            "eps_4q_growth_year": null,
            "roe": -8.75,
            "roe_4q": -29.02,
            "gross_profit": -41990,
            "gross_margin": -134.39,
            "gross_margin_4q_avg": -73.43,
            "net_income": -58156,
            "revenue": 31246,
            "common_shares": 568343,
            "book_valuer_per_share": 11.7,
            "book_valuer_per_share_4q_avg": 13.32,
            "equity": 635268,
            "current_ratio": 142.62,
            "debt_ratio": 74.13,
            "inventory_turnover_ratio": 0.38,
            "account_receivable_turnover_ratio": 194.68,
            "reinvestment_rate": null,
            "research_to_sale_ratio": 6.8,
            "price_fair": 0,
            "eps_avg_yearly": 0,
            "eps_latest_yearly": 0,
            "eps_growth_yearly": 0
        },
        "20201": {
            "year_quarter": 20201,
            "year": 2020,
            "quarter": 1,
            "eps": -1.1,
            "eps_growth_year": null,
            "eps_4q": -4.28,
            "eps_4q_growth_year": null,
            "roe": -9.83,
            "roe_4q": -33.91,
            "gross_profit": -33540,
            "gross_margin": -98.49,
            "gross_margin_4q_avg": -93.35,
            "net_income": -59459,
            "revenue": 34054,
            "common_shares": 568343,
            "book_valuer_per_share": 10.59,
            "book_valuer_per_share_4q_avg": 12.25,
            "equity": 574938,
            "current_ratio": 398.57,
            "debt_ratio": 75.86,
            "inventory_turnover_ratio": 0.35,
            "account_receivable_turnover_ratio": 212.17,
            "reinvestment_rate": null,
            "research_to_sale_ratio": 6.01,
            "price_fair": 0,
            "eps_avg_yearly": 0,
            "eps_latest_yearly": 0,
            "eps_growth_yearly": 0
        },
        "20202": {
            "year_quarter": 20202,
            "year": 2020,
            "quarter": 2,
            "eps": -1.22,
            "eps_growth_year": null,
            "eps_4q": -4.53,
            "eps_4q_growth_year": null,
            "roe": -12.23,
            "roe_4q": -39.400000000000006,
            "gross_profit": -52450,
            "gross_margin": -250.51,
            "gross_margin_4q_avg": -144.41,
            "net_income": -66236,
            "revenue": 20937,
            "common_shares": 568343,
            "book_valuer_per_share": 9.37,
            "book_valuer_per_share_4q_avg": 11.11,
            "equity": 508581,
            "current_ratio": 335.8,
            "debt_ratio": 77.88,
            "inventory_turnover_ratio": 0.4,
            "account_receivable_turnover_ratio": 2326.33,
            "reinvestment_rate": null,
            "research_to_sale_ratio": 1.89,
            "price_fair": 0,
            "eps_avg_yearly": 0,
            "eps_latest_yearly": 0,
            "eps_growth_yearly": 0
        },
        "20203": {
            "year_quarter": 20203,
            "year": 2020,
            "quarter": 3,
            "eps": -1.13,
            "eps_growth_year": null,
            "eps_4q": -4.51,
            "eps_4q_growth_year": null,
            "roe": -12.81,
            "roe_4q": -43.62,
            "gross_profit": -43951,
            "gross_margin": -263.59,
            "gross_margin_4q_avg": -186.75,
            "net_income": -61221,
            "revenue": 16674,
            "common_shares": 568343,
            "book_valuer_per_share": 8.23,
            "book_valuer_per_share_4q_avg": 9.97,
            "equity": 447038,
            "current_ratio": 262.52,
            "debt_ratio": 79.92,
            "inventory_turnover_ratio": 0.39,
            "account_receivable_turnover_ratio": 1852.67,
            "reinvestment_rate": null,
            "research_to_sale_ratio": 1.96,
            "price_fair": 0,
            "eps_avg_yearly": 0,
            "eps_latest_yearly": 0,
            "eps_growth_yearly": 0
        },
        "20204": {
            "year_quarter": 20204,
            "year": 2020,
            "quarter": 4,
            "eps": -0.76,
            "eps_growth_year": null,
            "eps_4q": -4.2,
            "eps_4q_growth_year": null,
            "roe": -9.67,
            "roe_4q": -44.54,
            "gross_profit": -55613,
            "gross_margin": -195.29,
            "gross_margin_4q_avg": -201.97,
            "net_income": -41319,
            "revenue": 28477,
            "common_shares": 568343,
            "book_valuer_per_share": 7.5,
            "book_valuer_per_share_4q_avg": 8.92,
            "equity": 407391,
            "current_ratio": 145.59,
            "debt_ratio": 81.76,
            "inventory_turnover_ratio": 0.68,
            "account_receivable_turnover_ratio": null,
            "reinvestment_rate": null,
            "research_to_sale_ratio": 1.01,
            "price_fair": 0,
            "eps_avg_yearly": 0,
            "eps_latest_yearly": 0,
            "eps_growth_yearly": 0
        },
        "20211": {
            "year_quarter": 20211,
            "year": 2021,
            "quarter": 1,
            "eps": -2.66,
            "eps_growth_year": null,
            "eps_4q": -5.76,
            "eps_4q_growth_year": null,
            "roe": -42.98,
            "roe_4q": -77.69,
            "gross_profit": -76832,
            "gross_margin": -596.52,
            "gross_margin_4q_avg": -326.48,
            "net_income": -144149,
            "revenue": 12880,
            "common_shares": 568343,
            "book_valuer_per_share": 4.85,
            "book_valuer_per_share_4q_avg": 7.49,
            "equity": 263418,
            "current_ratio": 2349.94,
            "debt_ratio": 89.27,
            "inventory_turnover_ratio": 1.31,
            "account_receivable_turnover_ratio": 6440,
            "reinvestment_rate": null,
            "research_to_sale_ratio": 0.03,
            "price_fair": 0,
            "eps_avg_yearly": 0,
            "eps_latest_yearly": 0,
            "eps_growth_yearly": 0
        },
        "20212": {
            "year_quarter": 20212,
            "year": 2021,
            "quarter": 2,
            "eps": -0.93,
            "eps_growth_year": null,
            "eps_4q": -5.47,
            "eps_4q_growth_year": null,
            "roe": -21.13,
            "roe_4q": -86.59,
            "gross_profit": -14929,
            "gross_margin": -101.92,
            "gross_margin_4q_avg": -289.33,
            "net_income": -50382,
            "revenue": 14648,
            "common_shares": 568343,
            "book_valuer_per_share": 3.93,
            "book_valuer_per_share_4q_avg": 6.13,
            "equity": 213444,
            "current_ratio": 2448.69,
            "debt_ratio": 91.33,
            "inventory_turnover_ratio": 0.94,
            "account_receivable_turnover_ratio": 7324,
            "reinvestment_rate": null,
            "research_to_sale_ratio": 0.03,
            "price_fair": 0,
            "eps_avg_yearly": 0,
            "eps_latest_yearly": 0,
            "eps_growth_yearly": 0
        },
        "20213": {
            "year_quarter": 20213,
            "year": 2021,
            "quarter": 3,
            "eps": -0.6,
            "eps_growth_year": null,
            "eps_4q": -4.95,
            "eps_4q_growth_year": null,
            "roe": -16.56,
            "roe_4q": -90.33999999999999,
            "gross_profit": -12139,
            "gross_margin": -153,
            "gross_margin_4q_avg": -261.68,
            "net_income": -32684,
            "revenue": 7934,
            "common_shares": 568343,
            "book_valuer_per_share": 3.34,
            "book_valuer_per_share_4q_avg": 4.91,
            "equity": 181396,
            "current_ratio": 2334.72,
            "debt_ratio": 92.53,
            "inventory_turnover_ratio": 0.88,
            "account_receivable_turnover_ratio": null,
            "reinvestment_rate": null,
            "research_to_sale_ratio": 0.06,
            "price_fair": 0,
            "eps_avg_yearly": 0,
            "eps_latest_yearly": 0,
            "eps_growth_yearly": 0
        },
        "20214": {
            "year_quarter": 20214,
            "year": 2021,
            "quarter": 4,
            "eps": 1.08,
            "eps_growth_year": null,
            "eps_4q": -3.1,
            "eps_4q_growth_year": null,
            "roe": 8.45,
            "roe_4q": -72.22,
            "gross_profit": -14128,
            "gross_margin": -368.4,
            "gross_margin_4q_avg": -304.96,
            "net_income": 58655,
            "revenue": 3835,
            "common_shares": 568343,
            "book_valuer_per_share": 22.24,
            "book_valuer_per_share_4q_avg": 8.59,
            "equity": 1207645,
            "current_ratio": 2477.9,
            "debt_ratio": 66.04,
            "inventory_turnover_ratio": 1.02,
            "account_receivable_turnover_ratio": null,
            "reinvestment_rate": null,
            "research_to_sale_ratio": -0.23,
            "price_fair": 0,
            "eps_avg_yearly": 0,
            "eps_latest_yearly": 0,
            "eps_growth_yearly": 0
        },
        "20221": {
            "year_quarter": 20221,
            "year": 2022,
            "quarter": 1,
            "eps": -0.5,
            "eps_growth_year": null,
            "eps_4q": -0.95,
            "eps_4q_growth_year": null,
            "roe": -2.29,
            "roe_4q": -31.529999999999998,
            "gross_profit": -3462,
            "gross_margin": -66.64,
            "gross_margin_4q_avg": -172.49,
            "net_income": -27316,
            "revenue": 5195,
            "common_shares": 568343,
            "book_valuer_per_share": 21.73,
            "book_valuer_per_share_4q_avg": 12.81,
            "equity": 1179751,
            "current_ratio": 25.51,
            "debt_ratio": 68.05,
            "inventory_turnover_ratio": 0.6,
            "account_receivable_turnover_ratio": null,
            "reinvestment_rate": null,
            "research_to_sale_ratio": 0,
            "price_fair": 0,
            "eps_avg_yearly": 0,
            "eps_latest_yearly": 0,
            "eps_growth_yearly": 0
        },
        "20222": {
            "year_quarter": 20222,
            "year": 2022,
            "quarter": 2,
            "eps": -0.51,
            "eps_growth_year": null,
            "eps_4q": -0.53,
            "eps_4q_growth_year": null,
            "roe": -2.37,
            "roe_4q": -12.77,
            "gross_profit": -2268,
            "gross_margin": -51.01,
            "gross_margin_4q_avg": -159.76,
            "net_income": -27631,
            "revenue": 4446,
            "common_shares": 568343,
            "book_valuer_per_share": 21.21,
            "book_valuer_per_share_4q_avg": 17.13,
            "equity": 1151462,
            "current_ratio": 20.87,
            "debt_ratio": 68.97,
            "inventory_turnover_ratio": 0.5,
            "account_receivable_turnover_ratio": null,
            "reinvestment_rate": null,
            "research_to_sale_ratio": 0,
            "price_fair": 0,
            "eps_avg_yearly": 0,
            "eps_latest_yearly": 0,
            "eps_growth_yearly": 0
        },
        "20223": {
            "year_quarter": 20223,
            "year": 2022,
            "quarter": 3,
            "eps": -0.48,
            "eps_growth_year": null,
            "eps_4q": -0.42,
            "eps_4q_growth_year": null,
            "roe": -2.31,
            "roe_4q": 1.4799999999999995,
            "gross_profit": -2495,
            "gross_margin": -123.58,
            "gross_margin_4q_avg": -152.41,
            "net_income": -26320,
            "revenue": 2019,
            "common_shares": 568343,
            "book_valuer_per_share": 20.68,
            "book_valuer_per_share_4q_avg": 21.47,
            "equity": 1123220,
            "current_ratio": 21.66,
            "debt_ratio": 69.9,
            "inventory_turnover_ratio": 0.33,
            "account_receivable_turnover_ratio": null,
            "reinvestment_rate": null,
            "research_to_sale_ratio": 0,
            "price_fair": 0,
            "eps_avg_yearly": 0,
            "eps_latest_yearly": 0,
            "eps_growth_yearly": 0
        },
        "20224": {
            "year_quarter": 20224,
            "year": 2022,
            "quarter": 4,
            "eps": 1.9,
            "eps_growth_year": 75.73,
            "eps_4q": 0.4,
            "eps_4q_growth_year": null,
            "roe": 8.76,
            "roe_4q": 1.7899999999999991,
            "gross_profit": 1060,
            "gross_margin": 11.66,
            "gross_margin_4q_avg": -57.39,
            "net_income": 103077,
            "revenue": 9094,
            "common_shares": 568343,
            "book_valuer_per_share": 22.64,
            "book_valuer_per_share_4q_avg": 21.57,
            "equity": 1229531,
            "current_ratio": 22.61,
            "debt_ratio": 68.36,
            "inventory_turnover_ratio": 0.8,
            "account_receivable_turnover_ratio": null,
            "reinvestment_rate": null,
            "research_to_sale_ratio": 0,
            "price_fair": 0,
            "eps_avg_yearly": 0,
            "eps_latest_yearly": 0,
            "eps_growth_yearly": 0
        },
        "20231": {
            "year_quarter": 20231,
            "year": 2023,
            "quarter": 1,
            "eps": -0.42,
            "eps_growth_year": null,
            "eps_4q": 0.48,
            "eps_4q_growth_year": null,
            "roe": -1.87,
            "roe_4q": 2.21,
            "gross_profit": 3058,
            "gross_margin": 30.42,
            "gross_margin_4q_avg": -33.13,
            "net_income": -22835,
            "revenue": 10053,
            "common_shares": 568343,
            "book_valuer_per_share": 22.22,
            "book_valuer_per_share_4q_avg": 21.69,
            "equity": 1206515,
            "current_ratio": 5656.84,
            "debt_ratio": 72.02,
            "inventory_turnover_ratio": 1.09,
            "account_receivable_turnover_ratio": null,
            "reinvestment_rate": null,
            "research_to_sale_ratio": null,
            "price_fair": 0,
            "eps_avg_yearly": 0,
            "eps_latest_yearly": 0,
            "eps_growth_yearly": 0
        }
    },
    "months": {
        "2001-06": {
            "month": "2001-06",
            "price": "4.49",
            "revenue": 158171
        },
        "2001-07": {
            "month": "2001-07",
            "price": "3.15",
            "revenue": 179195
        },
        "2001-08": {
            "month": "2001-08",
            "price": "3.47",
            "revenue": 206881
        },
        "2001-09": {
            "month": "2001-09",
            "price": "3.37",
            "revenue": 120153
        },
        "2001-10": {
            "month": "2001-10",
            "price": "2.95",
            "revenue": 132812
        },
        "2001-11": {
            "month": "2001-11",
            "price": "3.05",
            "revenue": 156759
        },
        "2001-12": {
            "month": "2001-12",
            "price": "3.54",
            "revenue": 134828
        },
        "2002-01": {
            "month": "2002-01",
            "price": "4.00",
            "revenue": 80994
        },
        "2002-02": {
            "month": "2002-02",
            "price": "3.95",
            "revenue": 108224
        },
        "2002-03": {
            "month": "2002-03",
            "price": "4.68",
            "revenue": 243402
        },
        "2002-04": {
            "month": "2002-04",
            "price": "5.26",
            "revenue": 243696
        },
        "2002-05": {
            "month": "2002-05",
            "price": "4.71",
            "revenue": 181456
        },
        "2002-06": {
            "month": "2002-06",
            "price": "4.75",
            "revenue": 194968
        },
        "2002-07": {
            "month": "2002-07",
            "price": "4.72",
            "revenue": 207941
        },
        "2002-08": {
            "month": "2002-08",
            "price": "3.83",
            "revenue": 146762
        },
        "2002-09": {
            "month": "2002-09",
            "price": "3.10",
            "revenue": 173873
        },
        "2002-10": {
            "month": "2002-10",
            "price": "2.93",
            "revenue": 189396
        },
        "2002-11": {
            "month": "2002-11",
            "price": "3.49",
            "revenue": 102862
        },
        "2002-12": {
            "month": "2002-12",
            "price": "3.62",
            "revenue": 76617
        },
        "2003-01": {
            "month": "2003-01",
            "price": "4.41",
            "revenue": 291707
        },
        "2003-02": {
            "month": "2003-02",
            "price": "5.14",
            "revenue": 168877
        },
        "2003-03": {
            "month": "2003-03",
            "price": "4.16",
            "revenue": 203614
        },
        "2003-04": {
            "month": "2003-04",
            "price": "3.61",
            "revenue": 157589
        },
        "2003-05": {
            "month": "2003-05",
            "price": "2.87",
            "revenue": 63043
        },
        "2003-06": {
            "month": "2003-06",
            "price": "3.38",
            "revenue": 196808
        },
        "2003-07": {
            "month": "2003-07",
            "price": "3.73",
            "revenue": 248948
        },
        "2003-08": {
            "month": "2003-08",
            "price": "3.63",
            "revenue": 174830
        },
        "2003-09": {
            "month": "2003-09",
            "price": "3.53",
            "revenue": 113399
        },
        "2003-10": {
            "month": "2003-10",
            "price": "4.03",
            "revenue": 283544
        },
        "2003-11": {
            "month": "2003-11",
            "price": "4.60",
            "revenue": 213344
        },
        "2003-12": {
            "month": "2003-12",
            "price": "4.41",
            "revenue": 205805
        },
        "2004-01": {
            "month": "2004-01",
            "price": "5.42",
            "revenue": 188268
        },
        "2004-02": {
            "month": "2004-02",
            "price": "6.60",
            "revenue": 269773
        },
        "2004-03": {
            "month": "2004-03",
            "price": "6.26",
            "revenue": 234190
        },
        "2004-04": {
            "month": "2004-04",
            "price": "6.08",
            "revenue": 206218
        },
        "2004-05": {
            "month": "2004-05",
            "price": "4.76",
            "revenue": 310246
        },
        "2004-06": {
            "month": "2004-06",
            "price": "4.90",
            "revenue": 284782
        },
        "2004-07": {
            "month": "2004-07",
            "price": "4.72",
            "revenue": 256810
        },
        "2004-08": {
            "month": "2004-08",
            "price": "4.33",
            "revenue": 226933
        },
        "2004-09": {
            "month": "2004-09",
            "price": "4.68",
            "revenue": 290844
        },
        "2004-10": {
            "month": "2004-10",
            "price": "4.77",
            "revenue": 283898
        },
        "2004-11": {
            "month": "2004-11",
            "price": "4.66",
            "revenue": 195062
        },
        "2004-12": {
            "month": "2004-12",
            "price": "4.74",
            "revenue": 101339
        },
        "2005-01": {
            "month": "2005-01",
            "price": "4.87",
            "revenue": 217976
        },
        "2005-02": {
            "month": "2005-02",
            "price": "4.43",
            "revenue": 201464
        },
        "2005-03": {
            "month": "2005-03",
            "price": "4.13",
            "revenue": 295188
        },
        "2005-04": {
            "month": "2005-04",
            "price": "3.58",
            "revenue": 172916
        },
        "2005-05": {
            "month": "2005-05",
            "price": "3.05",
            "revenue": 156021
        },
        "2005-06": {
            "month": "2005-06",
            "price": "3.18",
            "revenue": 237347
        },
        "2005-07": {
            "month": "2005-07",
            "price": "3.05",
            "revenue": 286433
        },
        "2005-08": {
            "month": "2005-08",
            "price": "2.96",
            "revenue": 273981
        },
        "2005-09": {
            "month": "2005-09",
            "price": "2.69",
            "revenue": 266689
        },
        "2005-10": {
            "month": "2005-10",
            "price": "2.56",
            "revenue": 249775
        },
        "2005-11": {
            "month": "2005-11",
            "price": "2.38",
            "revenue": 309713
        },
        "2005-12": {
            "month": "2005-12",
            "price": "2.81",
            "revenue": 259092
        },
        "2006-01": {
            "month": "2006-01",
            "price": "3.03",
            "revenue": 237669
        },
        "2006-02": {
            "month": "2006-02",
            "price": "2.63",
            "revenue": 288726
        },
        "2006-03": {
            "month": "2006-03",
            "price": "2.71",
            "revenue": 308969
        },
        "2006-04": {
            "month": "2006-04",
            "price": "3.11",
            "revenue": 250104
        },
        "2006-05": {
            "month": "2006-05",
            "price": "3.81",
            "revenue": 251584
        },
        "2006-06": {
            "month": "2006-06",
            "price": "3.68",
            "revenue": 317981
        },
        "2006-07": {
            "month": "2006-07",
            "price": "3.65",
            "revenue": 287615
        },
        "2006-08": {
            "month": "2006-08",
            "price": "3.55",
            "revenue": 316390
        },
        "2006-09": {
            "month": "2006-09",
            "price": "3.39",
            "revenue": 221504
        },
        "2006-10": {
            "month": "2006-10",
            "price": "3.28",
            "revenue": 166878
        },
        "2006-11": {
            "month": "2006-11",
            "price": "3.71",
            "revenue": 179601
        },
        "2006-12": {
            "month": "2006-12",
            "price": "6.24",
            "revenue": 272353
        },
        "2007-01": {
            "month": "2007-01",
            "price": "5.70",
            "revenue": 326609
        },
        "2007-02": {
            "month": "2007-02",
            "price": "5.48",
            "revenue": 263921
        },
        "2007-03": {
            "month": "2007-03",
            "price": "5.72",
            "revenue": 395167
        },
        "2007-04": {
            "month": "2007-04",
            "price": "6.01",
            "revenue": 246457
        },
        "2007-05": {
            "month": "2007-05",
            "price": "5.27",
            "revenue": 326857
        },
        "2007-06": {
            "month": "2007-06",
            "price": "5.30",
            "revenue": 351886
        },
        "2007-07": {
            "month": "2007-07",
            "price": "6.89",
            "revenue": 316358
        },
        "2007-08": {
            "month": "2007-08",
            "price": "5.60",
            "revenue": 323947
        },
        "2007-09": {
            "month": "2007-09",
            "price": "5.15",
            "revenue": 216342
        },
        "2007-10": {
            "month": "2007-10",
            "price": "5.51",
            "revenue": 193125
        },
        "2007-11": {
            "month": "2007-11",
            "price": "4.32",
            "revenue": 271313
        },
        "2007-12": {
            "month": "2007-12",
            "price": "3.55",
            "revenue": 163014
        },
        "2008-01": {
            "month": "2008-01",
            "price": "3.47",
            "revenue": 228047
        },
        "2008-02": {
            "month": "2008-02",
            "price": "3.14",
            "revenue": 317182
        },
        "2008-03": {
            "month": "2008-03",
            "price": "3.66",
            "revenue": 329014
        },
        "2008-04": {
            "month": "2008-04",
            "price": "3.86",
            "revenue": 210911
        },
        "2008-05": {
            "month": "2008-05",
            "price": "3.65",
            "revenue": 217406
        },
        "2008-06": {
            "month": "2008-06",
            "price": "2.93",
            "revenue": 286935
        },
        "2008-07": {
            "month": "2008-07",
            "price": "2.32",
            "revenue": 160615
        },
        "2008-08": {
            "month": "2008-08",
            "price": "2.21",
            "revenue": 95277
        },
        "2008-09": {
            "month": "2008-09",
            "price": "1.60",
            "revenue": 155332
        },
        "2008-10": {
            "month": "2008-10",
            "price": "1.47",
            "revenue": 88675
        },
        "2008-11": {
            "month": "2008-11",
            "price": "1.80",
            "revenue": 117212
        },
        "2008-12": {
            "month": "2008-12",
            "price": "1.64",
            "revenue": 111198
        },
        "2009-01": {
            "month": "2009-01",
            "price": "1.82",
            "revenue": 102835
        },
        "2009-02": {
            "month": "2009-02",
            "price": "1.89",
            "revenue": 150742
        },
        "2009-03": {
            "month": "2009-03",
            "price": "1.97",
            "revenue": 213261
        },
        "2009-04": {
            "month": "2009-04",
            "price": "3.11",
            "revenue": 251895
        },
        "2009-05": {
            "month": "2009-05",
            "price": "3.86",
            "revenue": 224504
        },
        "2009-06": {
            "month": "2009-06",
            "price": "4.25",
            "revenue": 319834
        },
        "2009-07": {
            "month": "2009-07",
            "price": "4.41",
            "revenue": 316253
        },
        "2009-08": {
            "month": "2009-08",
            "price": "5.31",
            "revenue": 304646
        },
        "2009-09": {
            "month": "2009-09",
            "price": "7.91",
            "revenue": 282865
        },
        "2009-10": {
            "month": "2009-10",
            "price": "9.60",
            "revenue": 156303
        },
        "2009-11": {
            "month": "2009-11",
            "price": "12.17",
            "revenue": 211768
        },
        "2009-12": {
            "month": "2009-12",
            "price": "13.14",
            "revenue": 381287
        },
        "2010-01": {
            "month": "2010-01",
            "price": "13.55",
            "revenue": 326053
        },
        "2010-02": {
            "month": "2010-02",
            "price": "13.50",
            "revenue": 194402
        },
        "2010-03": {
            "month": "2010-03",
            "price": "13.25",
            "revenue": 386262
        },
        "2010-04": {
            "month": "2010-04",
            "price": "13.86",
            "revenue": 328546
        },
        "2010-05": {
            "month": "2010-05",
            "price": "11.86",
            "revenue": 180439
        },
        "2010-06": {
            "month": "2010-06",
            "price": "10.59",
            "revenue": 185168
        },
        "2010-07": {
            "month": "2010-07",
            "price": "10.32",
            "revenue": 204336
        },
        "2010-08": {
            "month": "2010-08",
            "price": "11.24",
            "revenue": 169594
        },
        "2010-09": {
            "month": "2010-09",
            "price": "9.70",
            "revenue": 263267
        },
        "2010-10": {
            "month": "2010-10",
            "price": "10.36",
            "revenue": 431538
        },
        "2010-11": {
            "month": "2010-11",
            "price": "9.90",
            "revenue": 383328
        },
        "2010-12": {
            "month": "2010-12",
            "price": "10.05",
            "revenue": 244568
        },
        "2011-01": {
            "month": "2011-01",
            "price": "9.87",
            "revenue": 106221
        },
        "2011-02": {
            "month": "2011-02",
            "price": "9.40",
            "revenue": 349335
        },
        "2011-03": {
            "month": "2011-03",
            "price": "11.47",
            "revenue": 421880
        },
        "2011-04": {
            "month": "2011-04",
            "price": "11.75",
            "revenue": 342934
        },
        "2011-05": {
            "month": "2011-05",
            "price": "10.66",
            "revenue": 259871
        },
        "2011-06": {
            "month": "2011-06",
            "price": "10.10",
            "revenue": 120369
        },
        "2011-07": {
            "month": "2011-07",
            "price": "9.96",
            "revenue": 199652
        },
        "2011-08": {
            "month": "2011-08",
            "price": "9.76",
            "revenue": 205487
        },
        "2011-09": {
            "month": "2011-09",
            "price": "8.95",
            "revenue": 266076
        },
        "2011-10": {
            "month": "2011-10",
            "price": "7.81",
            "revenue": 283737
        },
        "2011-11": {
            "month": "2011-11",
            "price": "7.44",
            "revenue": 153697
        },
        "2011-12": {
            "month": "2011-12",
            "price": "7.23",
            "revenue": 369480
        },
        "2012-01": {
            "month": "2012-01",
            "price": "7.24",
            "revenue": 235020
        },
        "2012-02": {
            "month": "2012-02",
            "price": "7.94",
            "revenue": 410212
        },
        "2012-03": {
            "month": "2012-03",
            "price": "8.20",
            "revenue": 284559
        },
        "2012-04": {
            "month": "2012-04",
            "price": "7.37",
            "revenue": 186739
        },
        "2012-05": {
            "month": "2012-05",
            "price": "7.68",
            "revenue": 89854
        },
        "2012-06": {
            "month": "2012-06",
            "price": "6.65",
            "revenue": 62170
        },
        "2012-07": {
            "month": "2012-07",
            "price": "6.31",
            "revenue": 111757
        },
        "2012-08": {
            "month": "2012-08",
            "price": "6.45",
            "revenue": 198313
        },
        "2012-09": {
            "month": "2012-09",
            "price": "6.90",
            "revenue": 179513
        },
        "2012-10": {
            "month": "2012-10",
            "price": "6.70",
            "revenue": 207315
        },
        "2012-11": {
            "month": "2012-11",
            "price": "5.64",
            "revenue": 98382
        },
        "2012-12": {
            "month": "2012-12",
            "price": "5.47",
            "revenue": 165247
        },
        "2013-01": {
            "month": "2013-01",
            "price": "5.60",
            "revenue": 164542
        },
        "2013-02": {
            "month": "2013-02",
            "price": "5.76",
            "revenue": 144900
        },
        "2013-03": {
            "month": "2013-03",
            "price": "5.45",
            "revenue": 164441
        },
        "2013-04": {
            "month": "2013-04",
            "price": "5.35",
            "revenue": 90486
        },
        "2013-05": {
            "month": "2013-05",
            "price": "5.52",
            "revenue": 147915
        },
        "2013-06": {
            "month": "2013-06",
            "price": "5.72",
            "revenue": 156767
        },
        "2013-07": {
            "month": "2013-07",
            "price": "5.83",
            "revenue": 183606
        },
        "2013-08": {
            "month": "2013-08",
            "price": "5.98",
            "revenue": 232530
        },
        "2013-09": {
            "month": "2013-09",
            "price": "5.86",
            "revenue": 180215
        },
        "2013-10": {
            "month": "2013-10",
            "price": "6.24",
            "revenue": 306146
        },
        "2013-11": {
            "month": "2013-11",
            "price": "6.17",
            "revenue": 224790
        },
        "2013-12": {
            "month": "2013-12",
            "price": "6.36",
            "revenue": 149985
        },
        "2014-01": {
            "month": "2014-01",
            "price": "6.35",
            "revenue": 102688
        },
        "2014-02": {
            "month": "2014-02",
            "price": "6.12",
            "revenue": 110481
        },
        "2014-03": {
            "month": "2014-03",
            "price": "6.37",
            "revenue": 207821
        },
        "2014-04": {
            "month": "2014-04",
            "price": "6.49",
            "revenue": 140738
        },
        "2014-05": {
            "month": "2014-05",
            "price": "6.49",
            "revenue": 214407
        },
        "2014-06": {
            "month": "2014-06",
            "price": "6.69",
            "revenue": 181874
        },
        "2014-07": {
            "month": "2014-07",
            "price": "7.55",
            "revenue": 153487
        },
        "2014-08": {
            "month": "2014-08",
            "price": "7.39",
            "revenue": 154429
        },
        "2014-09": {
            "month": "2014-09",
            "price": "7.17",
            "revenue": 187733
        },
        "2014-10": {
            "month": "2014-10",
            "price": "6.99",
            "revenue": 268366
        },
        "2014-11": {
            "month": "2014-11",
            "price": "6.91",
            "revenue": 142808
        },
        "2014-12": {
            "month": "2014-12",
            "price": "6.89",
            "revenue": 144099
        },
        "2015-01": {
            "month": "2015-01",
            "price": "6.99",
            "revenue": 113655
        },
        "2015-02": {
            "month": "2015-02",
            "price": "6.94",
            "revenue": 58987
        },
        "2015-03": {
            "month": "2015-03",
            "price": "6.94",
            "revenue": 149302
        },
        "2015-04": {
            "month": "2015-04",
            "price": "7.07",
            "revenue": 157406
        },
        "2015-05": {
            "month": "2015-05",
            "price": "7.02",
            "revenue": 96565
        },
        "2015-06": {
            "month": "2015-06",
            "price": "6.83",
            "revenue": 164097
        },
        "2015-07": {
            "month": "2015-07",
            "price": "6.73",
            "revenue": 58005
        },
        "2015-08": {
            "month": "2015-08",
            "price": "5.18",
            "revenue": 99772
        },
        "2015-09": {
            "month": "2015-09",
            "price": "3.81",
            "revenue": 144150
        },
        "2015-10": {
            "month": "2015-10",
            "price": "5.13",
            "revenue": 95740
        },
        "2015-11": {
            "month": "2015-11",
            "price": "5.01",
            "revenue": 130478
        },
        "2015-12": {
            "month": "2015-12",
            "price": "5.11",
            "revenue": 186246
        },
        "2016-01": {
            "month": "2016-01",
            "price": "5.26",
            "revenue": 150115
        },
        "2016-02": {
            "month": "2016-02",
            "price": "5.36",
            "revenue": 147281
        },
        "2016-03": {
            "month": "2016-03",
            "price": "5.54",
            "revenue": 201884
        },
        "2016-04": {
            "month": "2016-04",
            "price": "5.18",
            "revenue": 153069
        },
        "2016-05": {
            "month": "2016-05",
            "price": "4.39",
            "revenue": 84473
        },
        "2016-06": {
            "month": "2016-06",
            "price": "4.47",
            "revenue": 153026
        },
        "2016-07": {
            "month": "2016-07",
            "price": "4.42",
            "revenue": 179377
        },
        "2016-08": {
            "month": "2016-08",
            "price": "4.45",
            "revenue": 98737
        },
        "2016-09": {
            "month": "2016-09",
            "price": "4.47",
            "revenue": 112330
        },
        "2016-10": {
            "month": "2016-10",
            "price": "4.53",
            "revenue": 160908
        },
        "2016-11": {
            "month": "2016-11",
            "price": "5.27",
            "revenue": 179868
        },
        "2016-12": {
            "month": "2016-12",
            "price": "5.90",
            "revenue": 90846
        },
        "2017-01": {
            "month": "2017-01",
            "price": "6.03",
            "revenue": 91944
        },
        "2017-02": {
            "month": "2017-02",
            "price": "6.10",
            "revenue": 111792
        },
        "2017-03": {
            "month": "2017-03",
            "price": "6.29",
            "revenue": 223514
        },
        "2017-04": {
            "month": "2017-04",
            "price": "6.90",
            "revenue": 220409
        },
        "2017-05": {
            "month": "2017-05",
            "price": "6.57",
            "revenue": 178708
        },
        "2017-06": {
            "month": "2017-06",
            "price": "6.07",
            "revenue": 95563
        },
        "2017-07": {
            "month": "2017-07",
            "price": "5.90",
            "revenue": 125782
        },
        "2017-08": {
            "month": "2017-08",
            "price": "5.32",
            "revenue": 76878
        },
        "2017-09": {
            "month": "2017-09",
            "price": "4.88",
            "revenue": 109209
        },
        "2017-10": {
            "month": "2017-10",
            "price": "4.42",
            "revenue": 202065
        },
        "2017-11": {
            "month": "2017-11",
            "price": "5.47",
            "revenue": 178787
        },
        "2017-12": {
            "month": "2017-12",
            "price": "7.84",
            "revenue": 23048
        },
        "2018-01": {
            "month": "2018-01",
            "price": "8.18",
            "revenue": 38300
        },
        "2018-02": {
            "month": "2018-02",
            "price": "9.00",
            "revenue": 49401
        },
        "2018-03": {
            "month": "2018-03",
            "price": "9.52",
            "revenue": 67019
        },
        "2018-04": {
            "month": "2018-04",
            "price": "8.36",
            "revenue": 57970
        },
        "2018-05": {
            "month": "2018-05",
            "price": "9.07",
            "revenue": 64554
        },
        "2018-06": {
            "month": "2018-06",
            "price": "10.64",
            "revenue": 157680
        },
        "2018-07": {
            "month": "2018-07",
            "price": "9.62",
            "revenue": 77153
        },
        "2018-08": {
            "month": "2018-08",
            "price": "8.29",
            "revenue": 23738
        },
        "2018-09": {
            "month": "2018-09",
            "price": "7.96",
            "revenue": 38783
        },
        "2018-10": {
            "month": "2018-10",
            "price": "7.94",
            "revenue": 40738
        },
        "2018-11": {
            "month": "2018-11",
            "price": "7.44",
            "revenue": 20268
        },
        "2018-12": {
            "month": "2018-12",
            "price": "6.88",
            "revenue": 17454
        },
        "2019-01": {
            "month": "2019-01",
            "price": "7.10",
            "revenue": 11785
        },
        "2019-02": {
            "month": "2019-02",
            "price": "8.94",
            "revenue": 27041
        },
        "2019-03": {
            "month": "2019-03",
            "price": "8.52",
            "revenue": 43377
        },
        "2019-04": {
            "month": "2019-04",
            "price": "8.56",
            "revenue": 22990
        },
        "2019-05": {
            "month": "2019-05",
            "price": "9.12",
            "revenue": 21933
        },
        "2019-06": {
            "month": "2019-06",
            "price": "7.66",
            "revenue": 14833
        },
        "2019-07": {
            "month": "2019-07",
            "price": "7.54",
            "revenue": 19541
        },
        "2019-08": {
            "month": "2019-08",
            "price": "7.42",
            "revenue": 13287
        },
        "2019-09": {
            "month": "2019-09",
            "price": "6.84",
            "revenue": 5508
        },
        "2019-10": {
            "month": "2019-10",
            "price": "6.54",
            "revenue": 8824
        },
        "2019-11": {
            "month": "2019-11",
            "price": "6.15",
            "revenue": 17183
        },
        "2019-12": {
            "month": "2019-12",
            "price": "5.88",
            "revenue": 5238
        },
        "2020-01": {
            "month": "2020-01",
            "price": "6.41",
            "revenue": 9629
        },
        "2020-02": {
            "month": "2020-02",
            "price": "6.59",
            "revenue": 11758
        },
        "2020-03": {
            "month": "2020-03",
            "price": "6.14",
            "revenue": 12667
        },
        "2020-04": {
            "month": "2020-04",
            "price": "5.77",
            "revenue": 772
        },
        "2020-05": {
            "month": "2020-05",
            "price": "5.64",
            "revenue": 8505
        },
        "2020-06": {
            "month": "2020-06",
            "price": "6.05",
            "revenue": 11660
        },
        "2020-07": {
            "month": "2020-07",
            "price": "7.75",
            "revenue": 6940
        },
        "2020-08": {
            "month": "2020-08",
            "price": "8.14",
            "revenue": 3575
        },
        "2020-09": {
            "month": "2020-09",
            "price": "7.92",
            "revenue": 6159
        },
        "2020-10": {
            "month": "2020-10",
            "price": "7.96",
            "revenue": 5172
        },
        "2020-11": {
            "month": "2020-11",
            "price": "7.44",
            "revenue": 11414
        },
        "2020-12": {
            "month": "2020-12",
            "price": "7.28",
            "revenue": 11891
        },
        "2021-01": {
            "month": "2021-01",
            "price": "7.55",
            "revenue": 6471
        },
        "2021-02": {
            "month": "2021-02",
            "price": "7.53",
            "revenue": 2740
        },
        "2021-03": {
            "month": "2021-03",
            "price": "7.12",
            "revenue": 3669
        },
        "2021-04": {
            "month": "2021-04",
            "price": "11.20",
            "revenue": 6270
        },
        "2021-05": {
            "month": "2021-05",
            "price": "11.68",
            "revenue": 6456
        },
        "2021-06": {
            "month": "2021-06",
            "price": "11.16",
            "revenue": 1922
        },
        "2021-07": {
            "month": "2021-07",
            "price": "11.50",
            "revenue": 2766
        },
        "2021-08": {
            "month": "2021-08",
            "price": "11.69",
            "revenue": 4421
        },
        "2021-09": {
            "month": "2021-09",
            "price": "11.24",
            "revenue": 747
        },
        "2021-10": {
            "month": "2021-10",
            "price": "10.90",
            "revenue": 2780
        },
        "2021-11": {
            "month": "2021-11",
            "price": "10.69",
            "revenue": 146
        },
        "2021-12": {
            "month": "2021-12",
            "price": "11.26",
            "revenue": 909
        },
        "2022-01": {
            "month": "2022-01",
            "price": "14.24",
            "revenue": 1751
        },
        "2022-02": {
            "month": "2022-02",
            "price": "15.82",
            "revenue": 245
        },
        "2022-03": {
            "month": "2022-03",
            "price": "15.79",
            "revenue": 3199
        },
        "2022-04": {
            "month": "2022-04",
            "price": "17.31",
            "revenue": 70
        },
        "2022-05": {
            "month": "2022-05",
            "price": "18.65",
            "revenue": 3275
        },
        "2022-06": {
            "month": "2022-06",
            "price": "16.83",
            "revenue": 1101
        },
        "2022-07": {
            "month": "2022-07",
            "price": "16.20",
            "revenue": 427
        },
        "2022-08": {
            "month": "2022-08",
            "price": "15.93",
            "revenue": 701
        },
        "2022-09": {
            "month": "2022-09",
            "price": "15.30",
            "revenue": 891
        },
        "2022-10": {
            "month": "2022-10",
            "price": "14.10",
            "revenue": 1761
        },
        "2022-11": {
            "month": "2022-11",
            "price": "13.99",
            "revenue": 883
        },
        "2022-12": {
            "month": "2022-12",
            "price": "14.12",
            "revenue": 6450
        },
        "2023-01": {
            "month": "2023-01",
            "price": "14.08",
            "revenue": 3598
        },
        "2023-02": {
            "month": "2023-02",
            "price": "14.01",
            "revenue": 3373
        },
        "2023-03": {
            "month": "2023-03",
            "price": "14.10",
            "revenue": 3082
        },
        "2023-04": {
            "month": "2023-04",
            "price": "15.84",
            "revenue": 1724
        }
    }
}
