{
    "summary": {
        "stock_name": "新紡",
        "stock_id": "1419",
        "category": "紡織纖維",
        "main_business": "紡織品之製造、加工買賣業務<br>紡織品成衣加工、製造、買賣及門市零售業務<br>委託營造廠興建商業大樓及國民住宅出租出售業務",
        "website_url": "http://www.sktextile.com.tw",
        "ceo": "邱錦發、張瑞南",
        "pe_ratio": 21,
        "report_year_from": 2001,
        "report_year_to": 2023,
        "age": 23,
        "eps_negative_percentage": 4,
        "eps_growth_avg": {
            "last_all": 7.33,
            "last_2y": 16.74,
            "last_4y": 16.47,
            "last_8y": 16.64,
            "last_12y": 6.68,
            "last_16y": 9.48,
            "last_20y": 7.33,
            "at_2006_last_3y": -1.83,
            "at_2007_last_3y": -6.9,
            "at_2008_last_3y": -23.74,
            "at_2009_last_3y": -19.32,
            "at_2010_last_3y": 18.58,
            "at_2011_last_3y": 31.71,
            "at_2012_last_3y": 45.07,
            "at_2013_last_3y": 18.38,
            "at_2014_last_3y": -15.71,
            "at_2015_last_3y": -15.16,
            "at_2016_last_3y": 0.4,
            "at_2017_last_3y": 27.1,
            "at_2018_last_3y": 16.84,
            "at_2019_last_3y": 23.56,
            "at_2020_last_3y": 13.69,
            "at_2021_last_3y": -5.37,
            "at_2022_last_3y": 38.98,
            "at_2023_last_3y": 11.02,
            "at_2024_last_3y": 11.02,
            "at_2006_last_all": -1.83,
            "at_2007_last_all": -10.13,
            "at_2008_last_all": -22.17,
            "at_2009_last_all": -4.72,
            "at_2010_last_all": 8.37,
            "at_2011_last_all": 8.47,
            "at_2012_last_all": 4.73,
            "at_2013_last_all": 3.68,
            "at_2014_last_all": 0.34,
            "at_2015_last_all": 1.2,
            "at_2016_last_all": 3.49,
            "at_2017_last_all": 9.93,
            "at_2018_last_all": 4.47,
            "at_2019_last_all": 6.46,
            "at_2020_last_all": 5.76,
            "at_2021_last_all": 6.71,
            "at_2022_last_all": 11.37,
            "at_2023_last_all": 7.33,
            "at_2024_last_all": 7.33
        },
        "latest_eps": 2.16,
        "latest_price": 45.5,
        "latest_roe": 5.42,
        "latest_gross_margin": 28.28,
        "latest_equity": 12444174,
        "latest_revenue": 816555,
        "latest_gross_profit": 230888,
        "latest_net_income": 290032,
        "latest_debt_ratio": 28.84,
        "latest_current_ratio": 122.67,
        "latest_account_receivable_turnover_ratio": 2.28,
        "latest_inventory_turnover_ratio": 0.51,
        "latest_reinvestment_rate": 20.62,
        "latest_research_to_sale_ratio": 1.04
    },
    "eps_dividends": {
        "1990": {
            "cash": 2.08,
            "stock": 0,
            "eps": 0
        },
        "1991": {
            "cash": 2,
            "stock": 0,
            "eps": 0
        },
        "1994": {
            "cash": 0,
            "stock": 1,
            "eps": 0
        },
        "1995": {
            "cash": 0,
            "stock": 1,
            "eps": 0
        },
        "2001": {
            "cash": 0,
            "stock": 0,
            "eps": -0.42
        },
        "2002": {
            "cash": 0,
            "stock": 0,
            "eps": 0.52
        },
        "2003": {
            "cash": 0,
            "stock": 0,
            "eps": 0.4
        },
        "2004": {
            "cash": 0,
            "stock": 0,
            "eps": 0.34
        },
        "2005": {
            "cash": 0,
            "stock": 0,
            "eps": 0.62
        },
        "2006": {
            "cash": 0.25,
            "stock": 0.25,
            "eps": 0.3
        },
        "2007": {
            "cash": 0.25,
            "stock": 0.08,
            "eps": 0.17
        },
        "2008": {
            "cash": 0.25,
            "stock": 0,
            "eps": 0.03
        },
        "2009": {
            "cash": 0,
            "stock": 0,
            "eps": 0.34
        },
        "2010": {
            "cash": 0.25,
            "stock": 0,
            "eps": 0.76
        },
        "2011": {
            "cash": 1.2999999999999998,
            "stock": 0,
            "eps": 0.83
        },
        "2012": {
            "cash": 0,
            "stock": 0,
            "eps": 0.59
        },
        "2013": {
            "cash": 0.5,
            "stock": 0,
            "eps": 0.55
        },
        "2014": {
            "cash": 0.45,
            "stock": 0,
            "eps": 0.35
        },
        "2015": {
            "cash": 0.31,
            "stock": 0,
            "eps": 0.39
        },
        "2016": {
            "cash": 0.35,
            "stock": 0,
            "eps": 0.52
        },
        "2017": {
            "cash": 0.46,
            "stock": 0,
            "eps": 4.16
        },
        "2018": {
            "cash": 3.73,
            "stock": 0,
            "eps": 0.94
        },
        "2019": {
            "cash": 0.85,
            "stock": 0,
            "eps": 1.3
        },
        "2020": {
            "cash": 1,
            "stock": 0,
            "eps": 1.22
        },
        "2021": {
            "cash": 1,
            "stock": 0,
            "eps": 1.51
        },
        "2022": {
            "cash": 1,
            "stock": 0,
            "eps": 6.92
        },
        "2023": {
            "cash": 1.5,
            "stock": 0,
            "eps": 1.83
        }
    },
    "dividends": {
        "1990-03-24": {
            "cash": 2.08,
            "stock": 0
        },
        "1991-06-22": {
            "cash": 2,
            "stock": 0
        },
        "1994-03-26": {
            "cash": 0,
            "stock": 1
        },
        "1995-04-22": {
            "cash": 0,
            "stock": 1
        },
        "2006-03-22": {
            "cash": 0.25,
            "stock": 0.25
        },
        "2007-03-21": {
            "cash": 0.25,
            "stock": 0.08
        },
        "2008-03-26": {
            "cash": 0.25,
            "stock": 0
        },
        "2010-03-23": {
            "cash": 0.25,
            "stock": 0
        },
        "2011-01-01": {
            "cash": 0.6,
            "stock": 0
        },
        "2011-03-30": {
            "cash": 0.7,
            "stock": 0
        },
        "2013-03-21": {
            "cash": 0.5,
            "stock": 0
        },
        "2014-09-12": {
            "cash": 0.45,
            "stock": 0
        },
        "2015-09-25": {
            "cash": 0.31,
            "stock": 0
        },
        "2016-09-14": {
            "cash": 0.35,
            "stock": 0
        },
        "2017-08-08": {
            "cash": 0.46,
            "stock": 0
        },
        "2018-07-31": {
            "cash": 3.73,
            "stock": 0
        },
        "2019-08-08": {
            "cash": 0.85,
            "stock": 0
        },
        "2020-09-03": {
            "cash": 1,
            "stock": 0
        },
        "2021-09-03": {
            "cash": 1,
            "stock": 0
        },
        "2022-09-07": {
            "cash": 1,
            "stock": 0
        },
        "2023-09-22": {
            "cash": 1.5,
            "stock": 0
        }
    },
    "prices": {
        "200101": "11.56",
        "200102": "15.39",
        "200103": "13.92",
        "200104": "13.22",
        "200105": "13.05",
        "200106": "11.96",
        "200107": "9.73",
        "200108": "10.69",
        "200109": "13.18",
        "200110": "12.92",
        "200111": "11.83",
        "200112": "13.28",
        "200201": "13.56",
        "200202": "12.23",
        "200203": "13.39",
        "200204": "14.92",
        "200205": "16.12",
        "200206": "16.12",
        "200207": "15.51",
        "200208": "14.26",
        "200209": "12.35",
        "200210": "11.58",
        "200211": "12.34",
        "200212": "12.38",
        "200301": "12.95",
        "200302": "13.61",
        "200303": "14.84",
        "200304": "14.55",
        "200305": "13.88",
        "200306": "14.75",
        "200307": "14.40",
        "200308": "14.50",
        "200309": "16.02",
        "200310": "16.66",
        "200311": "15.30",
        "200312": "14.11",
        "200401": "15.32",
        "200402": "16.94",
        "200403": "16.73",
        "200404": "15.70",
        "200405": "13.39",
        "200406": "13.21",
        "200407": "13.05",
        "200408": "12.08",
        "200409": "13.08",
        "200410": "13.39",
        "200411": "12.80",
        "200412": "12.99",
        "200501": "13.53",
        "200502": "12.83",
        "200503": "13.02",
        "200504": "11.53",
        "200505": "11.21",
        "200506": "12.25",
        "200507": "12.56",
        "200508": "12.83",
        "200509": "12.68",
        "200510": "12.03",
        "200511": "12.05",
        "200512": "12.35",
        "200601": "12.18",
        "200602": "11.93",
        "200603": "11.78",
        "200604": "13.62",
        "200605": "22.39",
        "200606": "22.06",
        "200607": "24.95",
        "200608": "23.57",
        "200609": "21.08",
        "200610": "24.53",
        "200611": "28.52",
        "200612": "32.01",
        "200701": "27.95",
        "200702": "28.62",
        "200703": "27.54",
        "200704": "28.00",
        "200705": "26.72",
        "200706": "28.33",
        "200707": "31.92",
        "200708": "26.11",
        "200709": "24.04",
        "200710": "25.21",
        "200711": "21.56",
        "200712": "18.35",
        "200801": "22.82",
        "200802": "29.94",
        "200803": "31.27",
        "200804": "34.56",
        "200805": "31.83",
        "200806": "25.49",
        "200807": "19.78",
        "200808": "20.15",
        "200809": "16.39",
        "200810": "12.08",
        "200811": "13.16",
        "200812": "13.63",
        "200901": "13.24",
        "200902": "12.91",
        "200903": "14.32",
        "200904": "19.19",
        "200905": "23.88",
        "200906": "31.91",
        "200907": "40.64",
        "200908": "33.95",
        "200909": "36.54",
        "200910": "36.22",
        "200911": "31.98",
        "200912": "33.64",
        "201001": "37.04",
        "201002": "32.12",
        "201003": "37.33",
        "201004": "40.04",
        "201005": "34.40",
        "201006": "33.54",
        "201007": "34.96",
        "201008": "38.95",
        "201009": "37.96",
        "201010": "41.24",
        "201011": "44.77",
        "201012": "51.27",
        "201101": "48.47",
        "201102": "44.29",
        "201103": "40.71",
        "201104": "40.02",
        "201105": "38.67",
        "201106": "36.47",
        "201107": "41.17",
        "201108": "40.43",
        "201109": "35.36",
        "201110": "35.71",
        "201111": "35.86",
        "201112": "30.81",
        "201201": "32.74",
        "201202": "40.05",
        "201203": "43.60",
        "201204": "41.10",
        "201205": "40.35",
        "201206": "40.23",
        "201207": "40.03",
        "201208": "40.37",
        "201209": "41.48",
        "201210": "38.73",
        "201211": "37.00",
        "201212": "38.25",
        "201301": "39.16",
        "201302": "38.29",
        "201303": "38.22",
        "201304": "38.14",
        "201305": "39.43",
        "201306": "38.50",
        "201307": "39.35",
        "201308": "38.54",
        "201309": "38.54",
        "201310": "40.13",
        "201311": "39.02",
        "201312": "39.60",
        "201401": "39.64",
        "201402": "39.18",
        "201403": "39.21",
        "201404": "38.73",
        "201405": "38.24",
        "201406": "38.58",
        "201407": "39.58",
        "201408": "40.88",
        "201409": "39.64",
        "201410": "39.03",
        "201411": "38.98",
        "201412": "39.13",
        "201501": "39.59",
        "201502": "39.72",
        "201503": "39.11",
        "201504": "38.92",
        "201505": "38.98",
        "201506": "37.70",
        "201507": "38.14",
        "201508": "38.16",
        "201509": "38.65",
        "201510": "38.75",
        "201511": "36.59",
        "201512": "33.62",
        "201601": "35.14",
        "201602": "35.57",
        "201603": "36.16",
        "201604": "36.79",
        "201605": "38.60",
        "201606": "42.28",
        "201607": "43.97",
        "201608": "42.62",
        "201609": "39.45",
        "201610": "39.22",
        "201611": "38.90",
        "201612": "39.56",
        "201701": "40.12",
        "201702": "40.63",
        "201703": "40.25",
        "201704": "41.86",
        "201705": "40.26",
        "201706": "40.30",
        "201707": "41.06",
        "201708": "41.14",
        "201709": "41.78",
        "201710": "40.58",
        "201711": "41.73",
        "201712": "43.81",
        "201801": "44.82",
        "201802": "44.50",
        "201803": "46.64",
        "201804": "47.79",
        "201805": "48.06",
        "201806": "47.39",
        "201807": "44.04",
        "201808": "44.65",
        "201809": "44.57",
        "201810": "41.99",
        "201811": "41.63",
        "201812": "42.52",
        "201901": "42.66",
        "201902": "42.47",
        "201903": "42.36",
        "201904": "42.19",
        "201905": "42.42",
        "201906": "42.36",
        "201907": "41.68",
        "201908": "40.59",
        "201909": "41.95",
        "201910": "42.44",
        "201911": "42.28",
        "201912": "42.26",
        "202001": "41.40",
        "202002": "40.29",
        "202003": "38.53",
        "202004": "38.37",
        "202005": "40.37",
        "202006": "42.98",
        "202007": "45.80",
        "202008": "44.94",
        "202009": "44.43",
        "202010": "43.74",
        "202011": "42.81",
        "202012": "42.13",
        "202101": "41.40",
        "202102": "40.66",
        "202103": "40.60",
        "202104": "41.73",
        "202105": "40.17",
        "202106": "40.12",
        "202107": "41.18",
        "202108": "40.75",
        "202109": "41.22",
        "202110": "41.26",
        "202111": "41.98",
        "202112": "43.03",
        "202201": "42.38",
        "202202": "42.52",
        "202203": "42.48",
        "202204": "42.05",
        "202205": "41.75",
        "202206": "41.61",
        "202207": "40.66",
        "202208": "40.62",
        "202209": "39.58",
        "202210": "38.64",
        "202211": "38.23",
        "202212": "39.94",
        "202301": "40.05",
        "202302": "40.77",
        "202303": "41.40",
        "202304": "40.61",
        "202305": "41.05",
        "202306": "43.34",
        "202307": "43.90",
        "202308": "43.56",
        "202309": "42.92",
        "202310": "43.32",
        "202311": "44.51",
        "202312": "46.68"
    },
    "quarters": {
        "20011": {
            "year_quarter": 20011,
            "year": 2001,
            "quarter": 1,
            "eps": 0.03,
            "eps_growth_year": -83.33,
            "eps_4q": -0.85,
            "eps_4q_growth_year": -198.81,
            "roe": 0.27,
            "roe_4q": 0.27,
            "gross_profit": 11315,
            "gross_margin": 5.82,
            "gross_margin_4q_avg": 5.82,
            "net_income": 9587,
            "net_income_4q": null,
            "revenue": 194500,
            "revenue_4q": null,
            "common_shares": 2904000,
            "book_valuer_per_share": 12.42,
            "book_valuer_per_share_4q_avg": 12.42,
            "equity": 3607060,
            "current_ratio": 45.5,
            "debt_ratio": 49.7,
            "inventory_turnover_ratio": 0.88,
            "account_receivable_turnover_ratio": null,
            "reinvestment_rate": null,
            "research_to_sale_ratio": null,
            "price_fair": 0,
            "eps_avg_yearly": 0,
            "eps_latest_yearly": 0,
            "eps_growth_yearly": 0
        },
        "20012": {
            "year_quarter": 20012,
            "year": 2001,
            "quarter": 2,
            "eps": -0.24,
            "eps_growth_year": null,
            "eps_4q": -1.06,
            "eps_4q_growth_year": -521.33,
            "roe": -2.02,
            "roe_4q": -1.75,
            "gross_profit": 4793,
            "gross_margin": 2.33,
            "gross_margin_4q_avg": 4.08,
            "net_income": -70680,
            "net_income_4q": null,
            "revenue": 205725,
            "revenue_4q": null,
            "common_shares": 2904000,
            "book_valuer_per_share": 11.64,
            "book_valuer_per_share_4q_avg": 12.03,
            "equity": 3380007,
            "current_ratio": 39.4,
            "debt_ratio": 52.83,
            "inventory_turnover_ratio": 1.07,
            "account_receivable_turnover_ratio": null,
            "reinvestment_rate": null,
            "research_to_sale_ratio": null,
            "price_fair": 0,
            "eps_avg_yearly": 0,
            "eps_latest_yearly": 0,
            "eps_growth_yearly": 0
        },
        "20013": {
            "year_quarter": 20013,
            "year": 2001,
            "quarter": 3,
            "eps": -0.4,
            "eps_growth_year": null,
            "eps_4q": -0.94,
            "eps_4q_growth_year": null,
            "roe": -3.58,
            "roe_4q": -5.33,
            "gross_profit": -25270,
            "gross_margin": -13.42,
            "gross_margin_4q_avg": -1.76,
            "net_income": -117606,
            "net_income_4q": null,
            "revenue": 188332,
            "revenue_4q": null,
            "common_shares": 2904000,
            "book_valuer_per_share": 11.01,
            "book_valuer_per_share_4q_avg": 11.69,
            "equity": 3196949,
            "current_ratio": 34.74,
            "debt_ratio": 54.79,
            "inventory_turnover_ratio": 1.34,
            "account_receivable_turnover_ratio": null,
            "reinvestment_rate": null,
            "research_to_sale_ratio": null,
            "price_fair": 0,
            "eps_avg_yearly": 0,
            "eps_latest_yearly": 0,
            "eps_growth_yearly": 0
        },
        "20014": {
            "year_quarter": 20014,
            "year": 2001,
            "quarter": 4,
            "eps": 0.19,
            "eps_growth_year": null,
            "eps_4q": -0.41,
            "eps_4q_growth_year": null,
            "roe": 1.74,
            "roe_4q": -3.5900000000000003,
            "gross_profit": 25512,
            "gross_margin": 14.8,
            "gross_margin_4q_avg": 2.38,
            "net_income": 56570,
            "net_income_4q": null,
            "revenue": 172388,
            "revenue_4q": null,
            "common_shares": 2904000,
            "book_valuer_per_share": 11.39,
            "book_valuer_per_share_4q_avg": 11.62,
            "equity": 3307125,
            "current_ratio": 34.02,
            "debt_ratio": 53.19,
            "inventory_turnover_ratio": 1.08,
            "account_receivable_turnover_ratio": null,
            "reinvestment_rate": null,
            "research_to_sale_ratio": null,
            "price_fair": 0,
            "eps_avg_yearly": 0,
            "eps_latest_yearly": 0,
            "eps_growth_yearly": 0
        },
        "20021": {
            "year_quarter": 20021,
            "year": 2002,
            "quarter": 1,
            "eps": 0.8,
            "eps_growth_year": 2566.67,
            "eps_4q": 0.33,
            "eps_4q_growth_year": null,
            "roe": 6.62,
            "roe_4q": 2.7599999999999993,
            "gross_profit": 10667,
            "gross_margin": 8.08,
            "gross_margin_4q_avg": 2.95,
            "net_income": 222903,
            "net_income_4q": null,
            "revenue": 132022,
            "revenue_4q": null,
            "common_shares": 2904000,
            "book_valuer_per_share": 11.82,
            "book_valuer_per_share_4q_avg": 11.47,
            "equity": 3432184,
            "current_ratio": 50.36,
            "debt_ratio": 52.88,
            "inventory_turnover_ratio": 0.95,
            "account_receivable_turnover_ratio": null,
            "reinvestment_rate": null,
            "research_to_sale_ratio": null,
            "price_fair": 112,
            "eps_avg_yearly": 3.2,
            "eps_latest_yearly": 3.2,
            "eps_growth_yearly": 1284.21
        },
        "20022": {
            "year_quarter": 20022,
            "year": 2002,
            "quarter": 2,
            "eps": 0.09,
            "eps_growth_year": null,
            "eps_4q": 0.67,
            "eps_4q_growth_year": null,
            "roe": 0.74,
            "roe_4q": 5.52,
            "gross_profit": 21451,
            "gross_margin": 13.03,
            "gross_margin_4q_avg": 5.62,
            "net_income": 24994,
            "net_income_4q": null,
            "revenue": 164581,
            "revenue_4q": null,
            "common_shares": 2904000,
            "book_valuer_per_share": 11.5,
            "book_valuer_per_share_4q_avg": 11.43,
            "equity": 3339400,
            "current_ratio": 55.55,
            "debt_ratio": 52.88,
            "inventory_turnover_ratio": 1.09,
            "account_receivable_turnover_ratio": null,
            "reinvestment_rate": null,
            "research_to_sale_ratio": null,
            "price_fair": 62.3,
            "eps_avg_yearly": 1.78,
            "eps_latest_yearly": 0.36,
            "eps_growth_yearly": 464.61
        },
        "20023": {
            "year_quarter": 20023,
            "year": 2002,
            "quarter": 3,
            "eps": -0.34,
            "eps_growth_year": null,
            "eps_4q": 0.72,
            "eps_4q_growth_year": null,
            "roe": -2.88,
            "roe_4q": 6.220000000000001,
            "gross_profit": 20734,
            "gross_margin": 13.61,
            "gross_margin_4q_avg": 12.38,
            "net_income": -94064,
            "net_income_4q": null,
            "revenue": 152362,
            "revenue_4q": null,
            "common_shares": 2904000,
            "book_valuer_per_share": 11.03,
            "book_valuer_per_share_4q_avg": 11.44,
            "equity": 3201940,
            "current_ratio": 50.89,
            "debt_ratio": 53.17,
            "inventory_turnover_ratio": 0.95,
            "account_receivable_turnover_ratio": null,
            "reinvestment_rate": null,
            "research_to_sale_ratio": null,
            "price_fair": 62.3,
            "eps_avg_yearly": 1.78,
            "eps_latest_yearly": 0.36,
            "eps_growth_yearly": 464.61
        },
        "20024": {
            "year_quarter": 20024,
            "year": 2002,
            "quarter": 4,
            "eps": -0.03,
            "eps_growth_year": -115.79,
            "eps_4q": 0.52,
            "eps_4q_growth_year": null,
            "roe": -0.29,
            "roe_4q": 4.19,
            "gross_profit": 11064,
            "gross_margin": 7.66,
            "gross_margin_4q_avg": 10.6,
            "net_income": -9318,
            "net_income_4q": null,
            "revenue": 144524,
            "revenue_4q": null,
            "common_shares": 2904000,
            "book_valuer_per_share": 11.06,
            "book_valuer_per_share_4q_avg": 11.35,
            "equity": 3212365,
            "current_ratio": 52.25,
            "debt_ratio": 54.09,
            "inventory_turnover_ratio": 1.07,
            "account_receivable_turnover_ratio": null,
            "reinvestment_rate": 9164.6,
            "research_to_sale_ratio": null,
            "price_fair": 62.3,
            "eps_avg_yearly": 1.78,
            "eps_latest_yearly": 0.36,
            "eps_growth_yearly": 464.61
        },
        "20031": {
            "year_quarter": 20031,
            "year": 2003,
            "quarter": 1,
            "eps": -0.09,
            "eps_growth_year": -111.25,
            "eps_4q": -0.36,
            "eps_4q_growth_year": -210.5,
            "roe": -0.81,
            "roe_4q": -3.24,
            "gross_profit": 7975,
            "gross_margin": 7.31,
            "gross_margin_4q_avg": 10.4,
            "net_income": -25973,
            "net_income_4q": null,
            "revenue": 109130,
            "revenue_4q": null,
            "common_shares": 2904000,
            "book_valuer_per_share": 11.06,
            "book_valuer_per_share_4q_avg": 11.16,
            "equity": 3210390,
            "current_ratio": 52.79,
            "debt_ratio": 54.22,
            "inventory_turnover_ratio": 0.93,
            "account_receivable_turnover_ratio": null,
            "reinvestment_rate": null,
            "research_to_sale_ratio": null,
            "price_fair": 62.3,
            "eps_avg_yearly": 1.78,
            "eps_latest_yearly": 0.36,
            "eps_growth_yearly": 464.61
        },
        "20032": {
            "year_quarter": 20032,
            "year": 2003,
            "quarter": 2,
            "eps": 0.08,
            "eps_growth_year": -11.11,
            "eps_4q": -0.36,
            "eps_4q_growth_year": -153.91,
            "roe": 0.72,
            "roe_4q": -3.26,
            "gross_profit": 13002,
            "gross_margin": 10.36,
            "gross_margin_4q_avg": 9.74,
            "net_income": 23372,
            "net_income_4q": null,
            "revenue": 125493,
            "revenue_4q": null,
            "common_shares": 2904000,
            "book_valuer_per_share": 11.15,
            "book_valuer_per_share_4q_avg": 11.08,
            "equity": 3239259,
            "current_ratio": 54.94,
            "debt_ratio": 54.03,
            "inventory_turnover_ratio": 0.91,
            "account_receivable_turnover_ratio": null,
            "reinvestment_rate": null,
            "research_to_sale_ratio": null,
            "price_fair": 62.3,
            "eps_avg_yearly": 1.78,
            "eps_latest_yearly": 0.36,
            "eps_growth_yearly": 464.61
        },
        "20033": {
            "year_quarter": 20033,
            "year": 2003,
            "quarter": 3,
            "eps": 0.29,
            "eps_growth_year": null,
            "eps_4q": 0.25,
            "eps_4q_growth_year": -65.82,
            "roe": 2.49,
            "roe_4q": 2.11,
            "gross_profit": 17888,
            "gross_margin": 12.43,
            "gross_margin_4q_avg": 9.44,
            "net_income": 81574,
            "net_income_4q": null,
            "revenue": 143915,
            "revenue_4q": null,
            "common_shares": 2904000,
            "book_valuer_per_share": 11.43,
            "book_valuer_per_share_4q_avg": 11.18,
            "equity": 3319363,
            "current_ratio": 57.66,
            "debt_ratio": 53.45,
            "inventory_turnover_ratio": 0.91,
            "account_receivable_turnover_ratio": null,
            "reinvestment_rate": null,
            "research_to_sale_ratio": null,
            "price_fair": 55.07,
            "eps_avg_yearly": 1.57,
            "eps_latest_yearly": 1.16,
            "eps_growth_yearly": 659.74
        },
        "20034": {
            "year_quarter": 20034,
            "year": 2003,
            "quarter": 4,
            "eps": 0.12,
            "eps_growth_year": null,
            "eps_4q": 0.41,
            "eps_4q_growth_year": -20.86,
            "roe": 0.97,
            "roe_4q": 3.3699999999999997,
            "gross_profit": 18700,
            "gross_margin": 10.16,
            "gross_margin_4q_avg": 10.07,
            "net_income": 32510,
            "net_income_4q": null,
            "revenue": 184114,
            "revenue_4q": null,
            "common_shares": 2904000,
            "book_valuer_per_share": 11.62,
            "book_valuer_per_share_4q_avg": 11.32,
            "equity": 3374767,
            "current_ratio": 65.96,
            "debt_ratio": 53.18,
            "inventory_turnover_ratio": 0.73,
            "account_receivable_turnover_ratio": null,
            "reinvestment_rate": null,
            "research_to_sale_ratio": null,
            "price_fair": 45.5,
            "eps_avg_yearly": 1.3,
            "eps_latest_yearly": 0.48,
            "eps_growth_yearly": 436.18
        },
        "20041": {
            "year_quarter": 20041,
            "year": 2004,
            "quarter": 1,
            "eps": 0.12,
            "eps_growth_year": null,
            "eps_4q": 0.6,
            "eps_4q_growth_year": null,
            "roe": 0.98,
            "roe_4q": 5.16,
            "gross_profit": 10357,
            "gross_margin": 7.81,
            "gross_margin_4q_avg": 10.19,
            "net_income": 34718,
            "net_income_4q": null,
            "revenue": 132690,
            "revenue_4q": null,
            "common_shares": 2904000,
            "book_valuer_per_share": 12.79,
            "book_valuer_per_share_4q_avg": 11.75,
            "equity": 3713036,
            "current_ratio": 61.38,
            "debt_ratio": 47.25,
            "inventory_turnover_ratio": 0.5,
            "account_receivable_turnover_ratio": null,
            "reinvestment_rate": null,
            "research_to_sale_ratio": null,
            "price_fair": 39.76,
            "eps_avg_yearly": 1.14,
            "eps_latest_yearly": 0.48,
            "eps_growth_yearly": 348.95
        },
        "20042": {
            "year_quarter": 20042,
            "year": 2004,
            "quarter": 2,
            "eps": 0.51,
            "eps_growth_year": 537.5,
            "eps_4q": 1.05,
            "eps_4q_growth_year": null,
            "roe": 3.76,
            "roe_4q": 8.2,
            "gross_profit": 29947,
            "gross_margin": 15.67,
            "gross_margin_4q_avg": 11.52,
            "net_income": 141217,
            "net_income_4q": null,
            "revenue": 191078,
            "revenue_4q": null,
            "common_shares": 2904000,
            "book_valuer_per_share": 13.1,
            "book_valuer_per_share_4q_avg": 12.24,
            "equity": 3804555,
            "current_ratio": 60.57,
            "debt_ratio": 45.37,
            "inventory_turnover_ratio": 0.84,
            "account_receivable_turnover_ratio": null,
            "reinvestment_rate": -128.8,
            "research_to_sale_ratio": null,
            "price_fair": 45.03,
            "eps_avg_yearly": 1.29,
            "eps_latest_yearly": 2.04,
            "eps_growth_yearly": 507.45
        },
        "20043": {
            "year_quarter": 20043,
            "year": 2004,
            "quarter": 3,
            "eps": -0.08,
            "eps_growth_year": -127.59,
            "eps_4q": 0.64,
            "eps_4q_growth_year": 159.87,
            "roe": -0.57,
            "roe_4q": 5.14,
            "gross_profit": 29224,
            "gross_margin": 16.74,
            "gross_margin_4q_avg": 12.6,
            "net_income": -21572,
            "net_income_4q": null,
            "revenue": 174612,
            "revenue_4q": null,
            "common_shares": 2904000,
            "book_valuer_per_share": 13.08,
            "book_valuer_per_share_4q_avg": 12.65,
            "equity": 3799855,
            "current_ratio": 60.19,
            "debt_ratio": 46.24,
            "inventory_turnover_ratio": 0.67,
            "account_receivable_turnover_ratio": null,
            "reinvestment_rate": -41.51,
            "research_to_sale_ratio": null,
            "price_fair": 45.03,
            "eps_avg_yearly": 1.29,
            "eps_latest_yearly": 2.04,
            "eps_growth_yearly": 507.45
        },
        "20044": {
            "year_quarter": 20044,
            "year": 2004,
            "quarter": 4,
            "eps": -0.21,
            "eps_growth_year": -275,
            "eps_4q": 0.35,
            "eps_4q_growth_year": -14.95,
            "roe": -1.51,
            "roe_4q": 2.6599999999999997,
            "gross_profit": 42985,
            "gross_margin": 18.09,
            "gross_margin_4q_avg": 14.58,
            "net_income": -57160,
            "net_income_4q": null,
            "revenue": 237601,
            "revenue_4q": null,
            "common_shares": 2904000,
            "book_valuer_per_share": 12.92,
            "book_valuer_per_share_4q_avg": 12.97,
            "equity": 3752850,
            "current_ratio": 68.12,
            "debt_ratio": 48.38,
            "inventory_turnover_ratio": 0.62,
            "account_receivable_turnover_ratio": null,
            "reinvestment_rate": -433.17,
            "research_to_sale_ratio": null,
            "price_fair": 45.03,
            "eps_avg_yearly": 1.29,
            "eps_latest_yearly": 2.04,
            "eps_growth_yearly": 507.45
        },
        "20051": {
            "year_quarter": 20051,
            "year": 2005,
            "quarter": 1,
            "eps": -0.04,
            "eps_growth_year": -133.33,
            "eps_4q": 0.17,
            "eps_4q_growth_year": -70.98,
            "roe": -0.3,
            "roe_4q": 1.38,
            "gross_profit": 40119,
            "gross_margin": 25.55,
            "gross_margin_4q_avg": 19.01,
            "net_income": -11751,
            "net_income_4q": null,
            "revenue": 157043,
            "revenue_4q": null,
            "common_shares": 2904000,
            "book_valuer_per_share": 13.96,
            "book_valuer_per_share_4q_avg": 13.27,
            "equity": 4053702,
            "current_ratio": 45.22,
            "debt_ratio": 36.31,
            "inventory_turnover_ratio": 0.39,
            "account_receivable_turnover_ratio": null,
            "reinvestment_rate": -682.57,
            "research_to_sale_ratio": null,
            "price_fair": 45.03,
            "eps_avg_yearly": 1.29,
            "eps_latest_yearly": 2.04,
            "eps_growth_yearly": 507.45
        },
        "20052": {
            "year_quarter": 20052,
            "year": 2005,
            "quarter": 2,
            "eps": 0.09,
            "eps_growth_year": -82.35,
            "eps_4q": -0.22,
            "eps_4q_growth_year": -120.81,
            "roe": 0.65,
            "roe_4q": -1.73,
            "gross_profit": 44513,
            "gross_margin": 24.27,
            "gross_margin_4q_avg": 21.16,
            "net_income": 26444,
            "net_income_4q": null,
            "revenue": 183413,
            "revenue_4q": null,
            "common_shares": 2904000,
            "book_valuer_per_share": 14.05,
            "book_valuer_per_share_4q_avg": 13.5,
            "equity": 4081151,
            "current_ratio": 47.22,
            "debt_ratio": 35.84,
            "inventory_turnover_ratio": 0.67,
            "account_receivable_turnover_ratio": null,
            "reinvestment_rate": -465.16,
            "research_to_sale_ratio": null,
            "price_fair": 45.03,
            "eps_avg_yearly": 1.29,
            "eps_latest_yearly": 2.04,
            "eps_growth_yearly": 507.45
        },
        "20053": {
            "year_quarter": 20053,
            "year": 2005,
            "quarter": 3,
            "eps": 0.72,
            "eps_growth_year": null,
            "eps_4q": 0.57,
            "eps_4q_growth_year": -11.81,
            "roe": 4.79,
            "roe_4q": 3.630000000000001,
            "gross_profit": 83866,
            "gross_margin": 42.3,
            "gross_margin_4q_avg": 27.55,
            "net_income": 200544,
            "net_income_4q": null,
            "revenue": 198278,
            "revenue_4q": null,
            "common_shares": 2904000,
            "book_valuer_per_share": 14.77,
            "book_valuer_per_share_4q_avg": 13.93,
            "equity": 4288906,
            "current_ratio": 50.67,
            "debt_ratio": 34.42,
            "inventory_turnover_ratio": 0.52,
            "account_receivable_turnover_ratio": null,
            "reinvestment_rate": -227.8,
            "research_to_sale_ratio": null,
            "price_fair": 53,
            "eps_avg_yearly": 1.51,
            "eps_latest_yearly": 2.88,
            "eps_growth_yearly": 834.96
        },
        "20054": {
            "year_quarter": 20054,
            "year": 2005,
            "quarter": 4,
            "eps": -0.15,
            "eps_growth_year": null,
            "eps_4q": 0.63,
            "eps_4q_growth_year": 80,
            "roe": -0.95,
            "roe_4q": 4.19,
            "gross_profit": 18871,
            "gross_margin": 10.95,
            "gross_margin_4q_avg": 25.77,
            "net_income": -40623,
            "net_income_4q": null,
            "revenue": 172379,
            "revenue_4q": null,
            "common_shares": 2904000,
            "book_valuer_per_share": 14.57,
            "book_valuer_per_share_4q_avg": 14.34,
            "equity": 4230240,
            "current_ratio": 71.28,
            "debt_ratio": 34.26,
            "inventory_turnover_ratio": 0.71,
            "account_receivable_turnover_ratio": null,
            "reinvestment_rate": -187.69,
            "research_to_sale_ratio": null,
            "price_fair": 53,
            "eps_avg_yearly": 1.51,
            "eps_latest_yearly": 2.88,
            "eps_growth_yearly": 834.96
        },
        "20061": {
            "year_quarter": 20061,
            "year": 2006,
            "quarter": 1,
            "eps": 0.02,
            "eps_growth_year": null,
            "eps_4q": 0.71,
            "eps_4q_growth_year": 311.41,
            "roe": 0.13,
            "roe_4q": 4.62,
            "gross_profit": 31240,
            "gross_margin": 22.16,
            "gross_margin_4q_avg": 24.92,
            "net_income": 5398,
            "net_income_4q": null,
            "revenue": 141005,
            "revenue_4q": null,
            "common_shares": 2904000,
            "book_valuer_per_share": 15.12,
            "book_valuer_per_share_4q_avg": 14.63,
            "equity": 4390454,
            "current_ratio": 45.91,
            "debt_ratio": 33.25,
            "inventory_turnover_ratio": 0.55,
            "account_receivable_turnover_ratio": null,
            "reinvestment_rate": -457.27,
            "research_to_sale_ratio": null,
            "price_fair": 43.17,
            "eps_avg_yearly": 1.23,
            "eps_latest_yearly": 2.88,
            "eps_growth_yearly": 760.09
        },
        "20062": {
            "year_quarter": 20062,
            "year": 2006,
            "quarter": 2,
            "eps": 0.09,
            "eps_growth_year": 0,
            "eps_4q": 0.68,
            "eps_4q_growth_year": null,
            "roe": 0.57,
            "roe_4q": 4.54,
            "gross_profit": 28160,
            "gross_margin": 22.84,
            "gross_margin_4q_avg": 24.56,
            "net_income": 25195,
            "net_income_4q": null,
            "revenue": 123286,
            "revenue_4q": null,
            "common_shares": 2904000,
            "book_valuer_per_share": 15.32,
            "book_valuer_per_share_4q_avg": 14.95,
            "equity": 4448581,
            "current_ratio": 44.44,
            "debt_ratio": 32.61,
            "inventory_turnover_ratio": 0.51,
            "account_receivable_turnover_ratio": null,
            "reinvestment_rate": -457.12,
            "research_to_sale_ratio": null,
            "price_fair": 43.17,
            "eps_avg_yearly": 1.23,
            "eps_latest_yearly": 0.36,
            "eps_growth_yearly": 1052.59
        },
        "20063": {
            "year_quarter": 20063,
            "year": 2006,
            "quarter": 3,
            "eps": 0.14,
            "eps_growth_year": -80.56,
            "eps_4q": 0.1,
            "eps_4q_growth_year": -81.57,
            "roe": 0.89,
            "roe_4q": 0.6399999999999999,
            "gross_profit": 31819,
            "gross_margin": 22.08,
            "gross_margin_4q_avg": 19.51,
            "net_income": 39649,
            "net_income_4q": null,
            "revenue": 144079,
            "revenue_4q": null,
            "common_shares": 2976600,
            "book_valuer_per_share": 15.08,
            "book_valuer_per_share_4q_avg": 15.02,
            "equity": 4487547,
            "current_ratio": 47.71,
            "debt_ratio": 31.77,
            "inventory_turnover_ratio": 0.6,
            "account_receivable_turnover_ratio": null,
            "reinvestment_rate": -317.99,
            "research_to_sale_ratio": null,
            "price_fair": 39.8,
            "eps_avg_yearly": 1.14,
            "eps_latest_yearly": 0.56,
            "eps_growth_yearly": 933.96
        },
        "20064": {
            "year_quarter": 20064,
            "year": 2006,
            "quarter": 4,
            "eps": 0.05,
            "eps_growth_year": null,
            "eps_4q": 0.29,
            "eps_4q_growth_year": -53.87,
            "roe": 0.32,
            "roe_4q": 1.9099999999999997,
            "gross_profit": 57767,
            "gross_margin": 29.39,
            "gross_margin_4q_avg": 24.12,
            "net_income": 14596,
            "net_income_4q": null,
            "revenue": 196530,
            "revenue_4q": null,
            "common_shares": 2976600,
            "book_valuer_per_share": 15.89,
            "book_valuer_per_share_4q_avg": 15.35,
            "equity": 4729555,
            "current_ratio": 47.73,
            "debt_ratio": 33.72,
            "inventory_turnover_ratio": 0.73,
            "account_receivable_turnover_ratio": null,
            "reinvestment_rate": 0.47,
            "research_to_sale_ratio": null,
            "price_fair": 35.7,
            "eps_avg_yearly": 1.02,
            "eps_latest_yearly": 0.2,
            "eps_growth_yearly": 785.07
        },
        "20071": {
            "year_quarter": 20071,
            "year": 2007,
            "quarter": 1,
            "eps": 0.02,
            "eps_growth_year": 0,
            "eps_4q": 0.29,
            "eps_4q_growth_year": -59.61,
            "roe": 0.13,
            "roe_4q": 1.9100000000000001,
            "gross_profit": 45991,
            "gross_margin": 30.58,
            "gross_margin_4q_avg": 26.22,
            "net_income": 5952,
            "net_income_4q": null,
            "revenue": 150388,
            "revenue_4q": null,
            "common_shares": 2976600,
            "book_valuer_per_share": 15.75,
            "book_valuer_per_share_4q_avg": 15.51,
            "equity": 4689340,
            "current_ratio": 63.43,
            "debt_ratio": 25.22,
            "inventory_turnover_ratio": 0.57,
            "account_receivable_turnover_ratio": null,
            "reinvestment_rate": -344.75,
            "research_to_sale_ratio": null,
            "price_fair": 32.04,
            "eps_avg_yearly": 0.92,
            "eps_latest_yearly": 0.08,
            "eps_growth_yearly": 671.18
        },
        "20072": {
            "year_quarter": 20072,
            "year": 2007,
            "quarter": 2,
            "eps": 0.15,
            "eps_growth_year": 66.67,
            "eps_4q": 0.36,
            "eps_4q_growth_year": -47.54,
            "roe": 0.91,
            "roe_4q": 2.25,
            "gross_profit": 39051,
            "gross_margin": 31.49,
            "gross_margin_4q_avg": 28.39,
            "net_income": 43624,
            "net_income_4q": null,
            "revenue": 123999,
            "revenue_4q": null,
            "common_shares": 2976600,
            "book_valuer_per_share": 16.29,
            "book_valuer_per_share_4q_avg": 15.75,
            "equity": 4849227,
            "current_ratio": 65.22,
            "debt_ratio": 25.39,
            "inventory_turnover_ratio": 0.47,
            "account_receivable_turnover_ratio": null,
            "reinvestment_rate": -330.35,
            "research_to_sale_ratio": null,
            "price_fair": 30.94,
            "eps_avg_yearly": 0.88,
            "eps_latest_yearly": 0.6,
            "eps_growth_yearly": 864.06
        },
        "20073": {
            "year_quarter": 20073,
            "year": 2007,
            "quarter": 3,
            "eps": 0.06,
            "eps_growth_year": -57.14,
            "eps_4q": 0.27,
            "eps_4q_growth_year": 160.7,
            "roe": 0.36,
            "roe_4q": 1.72,
            "gross_profit": 33628,
            "gross_margin": 31.27,
            "gross_margin_4q_avg": 30.68,
            "net_income": 18106,
            "net_income_4q": null,
            "revenue": 107529,
            "revenue_4q": null,
            "common_shares": 3000413,
            "book_valuer_per_share": 16.94,
            "book_valuer_per_share_4q_avg": 16.22,
            "equity": 5083013,
            "current_ratio": 73.69,
            "debt_ratio": 23.49,
            "inventory_turnover_ratio": 0.4,
            "account_receivable_turnover_ratio": null,
            "reinvestment_rate": -369.73,
            "research_to_sale_ratio": null,
            "price_fair": 27.72,
            "eps_avg_yearly": 0.79,
            "eps_latest_yearly": 0.24,
            "eps_growth_yearly": 735.06
        },
        "20074": {
            "year_quarter": 20074,
            "year": 2007,
            "quarter": 4,
            "eps": -0.06,
            "eps_growth_year": -220,
            "eps_4q": 0.17,
            "eps_4q_growth_year": -41.5,
            "roe": -0.34,
            "roe_4q": 1.06,
            "gross_profit": 60664,
            "gross_margin": 33.9,
            "gross_margin_4q_avg": 31.81,
            "net_income": -16714,
            "net_income_4q": null,
            "revenue": 178940,
            "revenue_4q": null,
            "common_shares": 3000413,
            "book_valuer_per_share": 16.27,
            "book_valuer_per_share_4q_avg": 16.31,
            "equity": 4881470,
            "current_ratio": 54.98,
            "debt_ratio": 29.48,
            "inventory_turnover_ratio": 0.6,
            "account_receivable_turnover_ratio": null,
            "reinvestment_rate": -14.69,
            "research_to_sale_ratio": null,
            "price_fair": 28.93,
            "eps_avg_yearly": 0.83,
            "eps_latest_yearly": 0.24,
            "eps_growth_yearly": 842.79
        },
        "20081": {
            "year_quarter": 20081,
            "year": 2008,
            "quarter": 1,
            "eps": -0.08,
            "eps_growth_year": -500,
            "eps_4q": 0.07,
            "eps_4q_growth_year": -76.08,
            "roe": -0.49,
            "roe_4q": 0.43999999999999995,
            "gross_profit": 46768,
            "gross_margin": 33.32,
            "gross_margin_4q_avg": 32.5,
            "net_income": -24228,
            "net_income_4q": null,
            "revenue": 140353,
            "revenue_4q": null,
            "common_shares": 3000413,
            "book_valuer_per_share": 16.69,
            "book_valuer_per_share_4q_avg": 16.55,
            "equity": 5006782,
            "current_ratio": 57.22,
            "debt_ratio": 29.38,
            "inventory_turnover_ratio": 0.45,
            "account_receivable_turnover_ratio": null,
            "reinvestment_rate": 295.47,
            "research_to_sale_ratio": null,
            "price_fair": 30.45,
            "eps_avg_yearly": 0.87,
            "eps_latest_yearly": 0.24,
            "eps_growth_yearly": 948.13
        },
        "20082": {
            "year_quarter": 20082,
            "year": 2008,
            "quarter": 2,
            "eps": -0.02,
            "eps_growth_year": -113.33,
            "eps_4q": -0.09,
            "eps_4q_growth_year": -126.16,
            "roe": -0.11,
            "roe_4q": -0.58,
            "gross_profit": 40216,
            "gross_margin": 25.78,
            "gross_margin_4q_avg": 31.07,
            "net_income": -5184,
            "net_income_4q": null,
            "revenue": 156020,
            "revenue_4q": null,
            "common_shares": 3000413,
            "book_valuer_per_share": 15.84,
            "book_valuer_per_share_4q_avg": 16.44,
            "equity": 4752785,
            "current_ratio": 50.36,
            "debt_ratio": 31.18,
            "inventory_turnover_ratio": 0.54,
            "account_receivable_turnover_ratio": null,
            "reinvestment_rate": 520.65,
            "research_to_sale_ratio": null,
            "price_fair": 24.6,
            "eps_avg_yearly": 0.7,
            "eps_latest_yearly": 0.24,
            "eps_growth_yearly": 897.87
        },
        "20083": {
            "year_quarter": 20083,
            "year": 2008,
            "quarter": 3,
            "eps": 0.21,
            "eps_growth_year": 250,
            "eps_4q": 0.05,
            "eps_4q_growth_year": -80.32,
            "roe": 1.35,
            "roe_4q": 0.41,
            "gross_profit": 27040,
            "gross_margin": 16.47,
            "gross_margin_4q_avg": 27.37,
            "net_income": 61961,
            "net_income_4q": null,
            "revenue": 164178,
            "revenue_4q": null,
            "common_shares": 3000413,
            "book_valuer_per_share": 14.71,
            "book_valuer_per_share_4q_avg": 15.88,
            "equity": 4414643,
            "current_ratio": 50.56,
            "debt_ratio": 33.27,
            "inventory_turnover_ratio": 0.61,
            "account_receivable_turnover_ratio": null,
            "reinvestment_rate": 368.94,
            "research_to_sale_ratio": null,
            "price_fair": 24.6,
            "eps_avg_yearly": 0.7,
            "eps_latest_yearly": 0.24,
            "eps_growth_yearly": 897.87
        },
        "20084": {
            "year_quarter": 20084,
            "year": 2008,
            "quarter": 4,
            "eps": -0.08,
            "eps_growth_year": null,
            "eps_4q": 0.03,
            "eps_4q_growth_year": -82.35,
            "roe": -0.57,
            "roe_4q": 0.18000000000000016,
            "gross_profit": 41584,
            "gross_margin": 17.91,
            "gross_margin_4q_avg": 23.37,
            "net_income": -24750,
            "net_income_4q": null,
            "revenue": 232132,
            "revenue_4q": null,
            "common_shares": 3000413,
            "book_valuer_per_share": 14.13,
            "book_valuer_per_share_4q_avg": 15.34,
            "equity": 4238148,
            "current_ratio": 39.81,
            "debt_ratio": 38.98,
            "inventory_turnover_ratio": 0.92,
            "account_receivable_turnover_ratio": 5.28,
            "reinvestment_rate": 256.26,
            "research_to_sale_ratio": null,
            "price_fair": 24.6,
            "eps_avg_yearly": 0.7,
            "eps_latest_yearly": 0.24,
            "eps_growth_yearly": 897.87
        },
        "20091": {
            "year_quarter": 20091,
            "year": 2009,
            "quarter": 1,
            "eps": -0.05,
            "eps_growth_year": null,
            "eps_4q": 0.06,
            "eps_4q_growth_year": -14.04,
            "roe": -0.33,
            "roe_4q": 0.3400000000000002,
            "gross_profit": 49773,
            "gross_margin": 31.96,
            "gross_margin_4q_avg": 23.03,
            "net_income": -14323,
            "net_income_4q": null,
            "revenue": 155716,
            "revenue_4q": null,
            "common_shares": 3000413,
            "book_valuer_per_share": 14.47,
            "book_valuer_per_share_4q_avg": 14.79,
            "equity": 4341152,
            "current_ratio": 29.57,
            "debt_ratio": 42.57,
            "inventory_turnover_ratio": 0.66,
            "account_receivable_turnover_ratio": 2.12,
            "reinvestment_rate": 579.71,
            "research_to_sale_ratio": null,
            "price_fair": 24.6,
            "eps_avg_yearly": 0.7,
            "eps_latest_yearly": 0.24,
            "eps_growth_yearly": 897.87
        },
        "20092": {
            "year_quarter": 20092,
            "year": 2009,
            "quarter": 2,
            "eps": 0.27,
            "eps_growth_year": null,
            "eps_4q": 0.35,
            "eps_4q_growth_year": null,
            "roe": 1.75,
            "roe_4q": 2.2,
            "gross_profit": 56050,
            "gross_margin": 31.4,
            "gross_margin_4q_avg": 24.44,
            "net_income": 80726,
            "net_income_4q": null,
            "revenue": 178496,
            "revenue_4q": null,
            "common_shares": 3000413,
            "book_valuer_per_share": 16.21,
            "book_valuer_per_share_4q_avg": 14.88,
            "equity": 4864304,
            "current_ratio": 39.98,
            "debt_ratio": 40.04,
            "inventory_turnover_ratio": 0.93,
            "account_receivable_turnover_ratio": 2.94,
            "reinvestment_rate": 493.39,
            "research_to_sale_ratio": null,
            "price_fair": 24.6,
            "eps_avg_yearly": 0.7,
            "eps_latest_yearly": 0.24,
            "eps_growth_yearly": 897.87
        },
        "20093": {
            "year_quarter": 20093,
            "year": 2009,
            "quarter": 3,
            "eps": 0,
            "eps_growth_year": -100,
            "eps_4q": 0.14,
            "eps_4q_growth_year": 155.58,
            "roe": -0.01,
            "roe_4q": 0.84,
            "gross_profit": 50103,
            "gross_margin": 30.75,
            "gross_margin_4q_avg": 28.01,
            "net_income": -498,
            "net_income_4q": null,
            "revenue": 162951,
            "revenue_4q": null,
            "common_shares": 3000413,
            "book_valuer_per_share": 16.96,
            "book_valuer_per_share_4q_avg": 15.44,
            "equity": 5087366,
            "current_ratio": 40.28,
            "debt_ratio": 38.47,
            "inventory_turnover_ratio": 0.8,
            "account_receivable_turnover_ratio": 2.44,
            "reinvestment_rate": 1083.56,
            "research_to_sale_ratio": null,
            "price_fair": 11.9,
            "eps_avg_yearly": 0.34,
            "eps_latest_yearly": 0.24,
            "eps_growth_yearly": 580.85
        },
        "20094": {
            "year_quarter": 20094,
            "year": 2009,
            "quarter": 4,
            "eps": 0.12,
            "eps_growth_year": null,
            "eps_4q": 0.34,
            "eps_4q_growth_year": 1042.06,
            "roe": 0.7,
            "roe_4q": 2.11,
            "gross_profit": 83251,
            "gross_margin": 29.67,
            "gross_margin_4q_avg": 30.95,
            "net_income": 36619,
            "net_income_4q": null,
            "revenue": 280552,
            "revenue_4q": null,
            "common_shares": 3000413,
            "book_valuer_per_share": 18.17,
            "book_valuer_per_share_4q_avg": 16.45,
            "equity": 5438205,
            "current_ratio": 52.77,
            "debt_ratio": 35.66,
            "inventory_turnover_ratio": 1.37,
            "account_receivable_turnover_ratio": 5.29,
            "reinvestment_rate": 1497.72,
            "research_to_sale_ratio": null,
            "price_fair": 11.9,
            "eps_avg_yearly": 0.34,
            "eps_latest_yearly": 0.24,
            "eps_growth_yearly": 580.85
        },
        "20101": {
            "year_quarter": 20101,
            "year": 2010,
            "quarter": 1,
            "eps": 0.03,
            "eps_growth_year": null,
            "eps_4q": 0.42,
            "eps_4q_growth_year": 618.74,
            "roe": 0.18,
            "roe_4q": 2.62,
            "gross_profit": 55600,
            "gross_margin": 29.99,
            "gross_margin_4q_avg": 30.45,
            "net_income": 10057,
            "net_income_4q": null,
            "revenue": 185392,
            "revenue_4q": null,
            "common_shares": 3000413,
            "book_valuer_per_share": 19.98,
            "book_valuer_per_share_4q_avg": 17.83,
            "equity": 5979503,
            "current_ratio": 54.67,
            "debt_ratio": 33.65,
            "inventory_turnover_ratio": 1.03,
            "account_receivable_turnover_ratio": 2.2,
            "reinvestment_rate": 1851.25,
            "research_to_sale_ratio": null,
            "price_fair": 10.8,
            "eps_avg_yearly": 0.31,
            "eps_latest_yearly": 0.12,
            "eps_growth_yearly": 455.01
        },
        "20102": {
            "year_quarter": 20102,
            "year": 2010,
            "quarter": 2,
            "eps": 0.27,
            "eps_growth_year": 0.77,
            "eps_4q": 0.43,
            "eps_4q_growth_year": 23.04,
            "roe": 1.37,
            "roe_4q": 2.24,
            "gross_profit": 56265,
            "gross_margin": 29.46,
            "gross_margin_4q_avg": 29.97,
            "net_income": 81419,
            "net_income_4q": null,
            "revenue": 190984,
            "revenue_4q": null,
            "common_shares": 3000413,
            "book_valuer_per_share": 19.82,
            "book_valuer_per_share_4q_avg": 18.73,
            "equity": 5929568,
            "current_ratio": 47.32,
            "debt_ratio": 35.2,
            "inventory_turnover_ratio": 1.15,
            "account_receivable_turnover_ratio": 3.08,
            "reinvestment_rate": 1578.03,
            "research_to_sale_ratio": null,
            "price_fair": 14.4,
            "eps_avg_yearly": 0.41,
            "eps_latest_yearly": 1.08,
            "eps_growth_yearly": 712.15
        },
        "20103": {
            "year_quarter": 20103,
            "year": 2010,
            "quarter": 3,
            "eps": 0.57,
            "eps_growth_year": null,
            "eps_4q": 1,
            "eps_4q_growth_year": 628.54,
            "roe": 2.83,
            "roe_4q": 5.08,
            "gross_profit": 54237,
            "gross_margin": 29.54,
            "gross_margin_4q_avg": 29.67,
            "net_income": 170930,
            "net_income_4q": null,
            "revenue": 183611,
            "revenue_4q": null,
            "common_shares": 3000413,
            "book_valuer_per_share": 20.54,
            "book_valuer_per_share_4q_avg": 19.63,
            "equity": 6146547,
            "current_ratio": 57.5,
            "debt_ratio": 33.75,
            "inventory_turnover_ratio": 1.02,
            "account_receivable_turnover_ratio": 2.5,
            "reinvestment_rate": 1087.2,
            "research_to_sale_ratio": null,
            "price_fair": 23,
            "eps_avg_yearly": 0.66,
            "eps_latest_yearly": 2.28,
            "eps_growth_yearly": 743.9
        },
        "20104": {
            "year_quarter": 20104,
            "year": 2010,
            "quarter": 4,
            "eps": -0.11,
            "eps_growth_year": -190.65,
            "eps_4q": 0.77,
            "eps_4q_growth_year": 124.19,
            "roe": -0.51,
            "roe_4q": 3.8700000000000006,
            "gross_profit": 90018,
            "gross_margin": 27.39,
            "gross_margin_4q_avg": 29.1,
            "net_income": -32552,
            "net_income_4q": null,
            "revenue": 328663,
            "revenue_4q": null,
            "common_shares": 3000413,
            "book_valuer_per_share": 22.11,
            "book_valuer_per_share_4q_avg": 20.61,
            "equity": 6616884,
            "current_ratio": 68.9,
            "debt_ratio": 31.68,
            "inventory_turnover_ratio": 1.65,
            "account_receivable_turnover_ratio": 3.79,
            "reinvestment_rate": 912.04,
            "research_to_sale_ratio": null,
            "price_fair": 25.67,
            "eps_avg_yearly": 0.73,
            "eps_latest_yearly": 2.28,
            "eps_growth_yearly": 910.74
        },
        "20111": {
            "year_quarter": 20111,
            "year": 2011,
            "quarter": 1,
            "eps": 0.02,
            "eps_growth_year": -33.33,
            "eps_4q": 0.75,
            "eps_4q_growth_year": 77.9,
            "roe": 0.09,
            "roe_4q": 3.7800000000000002,
            "gross_profit": 62902,
            "gross_margin": 29.91,
            "gross_margin_4q_avg": 29.08,
            "net_income": 5962,
            "net_income_4q": null,
            "revenue": 210293,
            "revenue_4q": null,
            "common_shares": 3000413,
            "book_valuer_per_share": 20.24,
            "book_valuer_per_share_4q_avg": 20.68,
            "equity": 6056919,
            "current_ratio": 63.06,
            "debt_ratio": 34.05,
            "inventory_turnover_ratio": 0.96,
            "account_receivable_turnover_ratio": 2.44,
            "reinvestment_rate": 1252.62,
            "research_to_sale_ratio": null,
            "price_fair": 30.24,
            "eps_avg_yearly": 0.86,
            "eps_latest_yearly": 2.28,
            "eps_growth_yearly": 1140.89
        },
        "20112": {
            "year_quarter": 20112,
            "year": 2011,
            "quarter": 2,
            "eps": 0.12,
            "eps_growth_year": -56.81,
            "eps_4q": 0.6,
            "eps_4q_growth_year": 40.68,
            "roe": 0.6,
            "roe_4q": 3.01,
            "gross_profit": 65308,
            "gross_margin": 28.15,
            "gross_margin_4q_avg": 28.75,
            "net_income": 35163,
            "net_income_4q": null,
            "revenue": 231999,
            "revenue_4q": null,
            "common_shares": 3000413,
            "book_valuer_per_share": 19.18,
            "book_valuer_per_share_4q_avg": 20.52,
            "equity": 5738767,
            "current_ratio": 55.66,
            "debt_ratio": 37.48,
            "inventory_turnover_ratio": 0.94,
            "account_receivable_turnover_ratio": 3.14,
            "reinvestment_rate": 1279.24,
            "research_to_sale_ratio": null,
            "price_fair": 29.4,
            "eps_avg_yearly": 0.84,
            "eps_latest_yearly": 0.48,
            "eps_growth_yearly": 1020.89
        },
        "20113": {
            "year_quarter": 20113,
            "year": 2011,
            "quarter": 3,
            "eps": 0.62,
            "eps_growth_year": 9.06,
            "eps_4q": 0.65,
            "eps_4q_growth_year": -34.79,
            "roe": 3.33,
            "roe_4q": 3.5100000000000007,
            "gross_profit": 82165,
            "gross_margin": 30.18,
            "gross_margin_4q_avg": 28.91,
            "net_income": 186425,
            "net_income_4q": null,
            "revenue": 272225,
            "revenue_4q": null,
            "common_shares": 3000413,
            "book_valuer_per_share": 18.29,
            "book_valuer_per_share_4q_avg": 19.96,
            "equity": 5473479,
            "current_ratio": 56.71,
            "debt_ratio": 37.45,
            "inventory_turnover_ratio": 0.87,
            "account_receivable_turnover_ratio": 2.91,
            "reinvestment_rate": 819.5,
            "research_to_sale_ratio": null,
            "price_fair": 45.08,
            "eps_avg_yearly": 1.29,
            "eps_latest_yearly": 2.48,
            "eps_growth_yearly": 1402.22
        },
        "20114": {
            "year_quarter": 20114,
            "year": 2011,
            "quarter": 4,
            "eps": 0.07,
            "eps_growth_year": null,
            "eps_4q": 0.83,
            "eps_4q_growth_year": 7.78,
            "roe": 0.38,
            "roe_4q": 4.3999999999999995,
            "gross_profit": 101510,
            "gross_margin": 29.49,
            "gross_margin_4q_avg": 29.43,
            "net_income": 20185,
            "net_income_4q": null,
            "revenue": 344215,
            "revenue_4q": null,
            "common_shares": 3000413,
            "book_valuer_per_share": 17.59,
            "book_valuer_per_share_4q_avg": 18.83,
            "equity": 5263876,
            "current_ratio": 50.23,
            "debt_ratio": 38.15,
            "inventory_turnover_ratio": 1.07,
            "account_receivable_turnover_ratio": 2.59,
            "reinvestment_rate": 503.92,
            "research_to_sale_ratio": null,
            "price_fair": 39.2,
            "eps_avg_yearly": 1.12,
            "eps_latest_yearly": 0.28,
            "eps_growth_yearly": 1109.38
        },
        "20121": {
            "year_quarter": 20121,
            "year": 2012,
            "quarter": 1,
            "eps": 0.03,
            "eps_growth_year": 50,
            "eps_4q": 0.84,
            "eps_4q_growth_year": 10.99,
            "roe": 0.16,
            "roe_4q": 4.47,
            "gross_profit": 80309,
            "gross_margin": 31.58,
            "gross_margin_4q_avg": 29.85,
            "net_income": 8808,
            "net_income_4q": null,
            "revenue": 254323,
            "revenue_4q": null,
            "common_shares": 3000413,
            "book_valuer_per_share": 19.04,
            "book_valuer_per_share_4q_avg": 18.53,
            "equity": 5696596,
            "current_ratio": 54.83,
            "debt_ratio": 35.43,
            "inventory_turnover_ratio": 0.85,
            "account_receivable_turnover_ratio": 2.05,
            "reinvestment_rate": 522.81,
            "research_to_sale_ratio": null,
            "price_fair": 34.2,
            "eps_avg_yearly": 0.98,
            "eps_latest_yearly": 0.12,
            "eps_growth_yearly": 918.24
        },
        "20122": {
            "year_quarter": 20122,
            "year": 2012,
            "quarter": 2,
            "eps": 0.04,
            "eps_growth_year": -67.93,
            "eps_4q": 0.76,
            "eps_4q_growth_year": 26.29,
            "roe": 0.2,
            "roe_4q": 4.07,
            "gross_profit": 59577,
            "gross_margin": 31.13,
            "gross_margin_4q_avg": 30.6,
            "net_income": 11277,
            "net_income_4q": null,
            "revenue": 191406,
            "revenue_4q": null,
            "common_shares": 3000413,
            "book_valuer_per_share": 18.3,
            "book_valuer_per_share_4q_avg": 18.31,
            "equity": 5475293,
            "current_ratio": 46.54,
            "debt_ratio": 37.34,
            "inventory_turnover_ratio": 0.65,
            "account_receivable_turnover_ratio": 2.15,
            "reinvestment_rate": 515.93,
            "research_to_sale_ratio": null,
            "price_fair": 30.63,
            "eps_avg_yearly": 0.88,
            "eps_latest_yearly": 0.16,
            "eps_growth_yearly": 820.13
        },
        "20123": {
            "year_quarter": 20123,
            "year": 2012,
            "quarter": 3,
            "eps": 0.49,
            "eps_growth_year": -21.06,
            "eps_4q": 0.63,
            "eps_4q_growth_year": -3.87,
            "roe": 2.62,
            "roe_4q": 3.3600000000000003,
            "gross_profit": 43047,
            "gross_margin": 21.86,
            "gross_margin_4q_avg": 28.52,
            "net_income": 147173,
            "net_income_4q": null,
            "revenue": 196945,
            "revenue_4q": null,
            "common_shares": 3000413,
            "book_valuer_per_share": 19.18,
            "book_valuer_per_share_4q_avg": 18.53,
            "equity": 5739390,
            "current_ratio": 54.67,
            "debt_ratio": 36.13,
            "inventory_turnover_ratio": 0.71,
            "account_receivable_turnover_ratio": 2.29,
            "reinvestment_rate": 464.42,
            "research_to_sale_ratio": null,
            "price_fair": 34.84,
            "eps_avg_yearly": 1,
            "eps_latest_yearly": 1.96,
            "eps_growth_yearly": 1229
        },
        "20124": {
            "year_quarter": 20124,
            "year": 2012,
            "quarter": 4,
            "eps": 0.03,
            "eps_growth_year": -57.59,
            "eps_4q": 0.59,
            "eps_4q_growth_year": -29.03,
            "roe": 0.15,
            "roe_4q": 3.1300000000000003,
            "gross_profit": 82379,
            "gross_margin": 28.03,
            "gross_margin_4q_avg": 28.15,
            "net_income": 8561,
            "net_income_4q": null,
            "revenue": 293934,
            "revenue_4q": null,
            "common_shares": 3000413,
            "book_valuer_per_share": 19.16,
            "book_valuer_per_share_4q_avg": 18.92,
            "equity": 5733662,
            "current_ratio": 54.16,
            "debt_ratio": 36.42,
            "inventory_turnover_ratio": 0.96,
            "account_receivable_turnover_ratio": 2.86,
            "reinvestment_rate": 423.04,
            "research_to_sale_ratio": null,
            "price_fair": 31.78,
            "eps_avg_yearly": 0.91,
            "eps_latest_yearly": 0.12,
            "eps_growth_yearly": 1068.55
        },
        "20131": {
            "year_quarter": 20131,
            "year": 2013,
            "quarter": 1,
            "eps": -0.04,
            "eps_growth_year": -233.33,
            "eps_4q": 0.51,
            "eps_4q_growth_year": -38.51,
            "roe": -0.2,
            "roe_4q": 2.7700000000000005,
            "gross_profit": 52044,
            "gross_margin": 23.32,
            "gross_margin_4q_avg": 26.09,
            "net_income": -12931,
            "net_income_4q": null,
            "revenue": 223160,
            "revenue_4q": null,
            "common_shares": 3000413,
            "book_valuer_per_share": 23.2,
            "book_valuer_per_share_4q_avg": 19.96,
            "equity": 6943408,
            "current_ratio": 53.25,
            "debt_ratio": 31.88,
            "inventory_turnover_ratio": 0.8,
            "account_receivable_turnover_ratio": 2.18,
            "reinvestment_rate": -93.98,
            "research_to_sale_ratio": null,
            "price_fair": 31.78,
            "eps_avg_yearly": 0.91,
            "eps_latest_yearly": 0.12,
            "eps_growth_yearly": 1068.55
        },
        "20132": {
            "year_quarter": 20132,
            "year": 2013,
            "quarter": 2,
            "eps": 0.42,
            "eps_growth_year": 1014.47,
            "eps_4q": 0.9,
            "eps_4q_growth_year": 18.74,
            "roe": 1.81,
            "roe_4q": 4.38,
            "gross_profit": 66834,
            "gross_margin": 27.11,
            "gross_margin_4q_avg": 25.08,
            "net_income": 126384,
            "net_income_4q": null,
            "revenue": 246494,
            "revenue_4q": null,
            "common_shares": 3000413,
            "book_valuer_per_share": 23.53,
            "book_valuer_per_share_4q_avg": 21.27,
            "equity": 7040615,
            "current_ratio": 54.05,
            "debt_ratio": 32.53,
            "inventory_turnover_ratio": 0.86,
            "account_receivable_turnover_ratio": 2.47,
            "reinvestment_rate": -73.45,
            "research_to_sale_ratio": null,
            "price_fair": 31.78,
            "eps_avg_yearly": 0.91,
            "eps_latest_yearly": 0.12,
            "eps_growth_yearly": 1068.55
        },
        "20133": {
            "year_quarter": 20133,
            "year": 2013,
            "quarter": 3,
            "eps": 0.21,
            "eps_growth_year": -57.3,
            "eps_4q": 0.61,
            "eps_4q_growth_year": -2.06,
            "roe": 0.87,
            "roe_4q": 2.63,
            "gross_profit": 57893,
            "gross_margin": 23.39,
            "gross_margin_4q_avg": 25.46,
            "net_income": 61571,
            "net_income_4q": null,
            "revenue": 247481,
            "revenue_4q": null,
            "common_shares": 3000413,
            "book_valuer_per_share": 23.79,
            "book_valuer_per_share_4q_avg": 22.42,
            "equity": 7119309,
            "current_ratio": 55.29,
            "debt_ratio": 32.4,
            "inventory_turnover_ratio": 0.89,
            "account_receivable_turnover_ratio": 2.18,
            "reinvestment_rate": -59.97,
            "research_to_sale_ratio": null,
            "price_fair": 31.56,
            "eps_avg_yearly": 0.9,
            "eps_latest_yearly": 0.84,
            "eps_growth_yearly": 953.23
        },
        "20134": {
            "year_quarter": 20134,
            "year": 2013,
            "quarter": 4,
            "eps": -0.04,
            "eps_growth_year": -224.15,
            "eps_4q": 0.55,
            "eps_4q_growth_year": -6.5,
            "roe": -0.15,
            "roe_4q": 2.33,
            "gross_profit": 70160,
            "gross_margin": 24.32,
            "gross_margin_4q_avg": 24.54,
            "net_income": -10628,
            "net_income_4q": null,
            "revenue": 288511,
            "revenue_4q": null,
            "common_shares": 3000413,
            "book_valuer_per_share": 24.37,
            "book_valuer_per_share_4q_avg": 23.72,
            "equity": 7291983,
            "current_ratio": 56.55,
            "debt_ratio": 32.04,
            "inventory_turnover_ratio": 0.97,
            "account_receivable_turnover_ratio": 2.41,
            "reinvestment_rate": -320.32,
            "research_to_sale_ratio": null,
            "price_fair": 31.56,
            "eps_avg_yearly": 0.9,
            "eps_latest_yearly": 0.84,
            "eps_growth_yearly": 953.23
        },
        "20141": {
            "year_quarter": 20141,
            "year": 2014,
            "quarter": 1,
            "eps": -0.04,
            "eps_growth_year": null,
            "eps_4q": 0.55,
            "eps_4q_growth_year": 7.46,
            "roe": -0.16,
            "roe_4q": 2.37,
            "gross_profit": 68495,
            "gross_margin": 25.06,
            "gross_margin_4q_avg": 24.97,
            "net_income": -11751,
            "net_income_4q": null,
            "revenue": 273369,
            "revenue_4q": null,
            "common_shares": 3000413,
            "book_valuer_per_share": 24.33,
            "book_valuer_per_share_4q_avg": 24.01,
            "equity": 7280172,
            "current_ratio": 55.93,
            "debt_ratio": 32.1,
            "inventory_turnover_ratio": 0.89,
            "account_receivable_turnover_ratio": 2.52,
            "reinvestment_rate": -390.16,
            "research_to_sale_ratio": null,
            "price_fair": 34.3,
            "eps_avg_yearly": 0.98,
            "eps_latest_yearly": 0.84,
            "eps_growth_yearly": 1078.55
        },
        "20142": {
            "year_quarter": 20142,
            "year": 2014,
            "quarter": 2,
            "eps": 0.25,
            "eps_growth_year": -40.48,
            "eps_4q": 0.38,
            "eps_4q_growth_year": -57.85,
            "roe": 1.01,
            "roe_4q": 1.5699999999999998,
            "gross_profit": 75314,
            "gross_margin": 27.38,
            "gross_margin_4q_avg": 25.04,
            "net_income": 74267,
            "net_income_4q": null,
            "revenue": 275112,
            "revenue_4q": null,
            "common_shares": 3000413,
            "book_valuer_per_share": 24.6,
            "book_valuer_per_share_4q_avg": 24.27,
            "equity": 7362639,
            "current_ratio": 56.09,
            "debt_ratio": 33.3,
            "inventory_turnover_ratio": 0.85,
            "account_receivable_turnover_ratio": 2.7,
            "reinvestment_rate": -396.28,
            "research_to_sale_ratio": null,
            "price_fair": 33.91,
            "eps_avg_yearly": 0.97,
            "eps_latest_yearly": 0.84,
            "eps_growth_yearly": 842.84
        },
        "20143": {
            "year_quarter": 20143,
            "year": 2014,
            "quarter": 3,
            "eps": 0.27,
            "eps_growth_year": 28.57,
            "eps_4q": 0.44,
            "eps_4q_growth_year": -27.92,
            "roe": 1.09,
            "roe_4q": 1.7900000000000003,
            "gross_profit": 56050,
            "gross_margin": 20.75,
            "gross_margin_4q_avg": 24.38,
            "net_income": 80442,
            "net_income_4q": null,
            "revenue": 270131,
            "revenue_4q": null,
            "common_shares": 3000413,
            "book_valuer_per_share": 24.73,
            "book_valuer_per_share_4q_avg": 24.51,
            "equity": 7398797,
            "current_ratio": 50.23,
            "debt_ratio": 36.05,
            "inventory_turnover_ratio": 0.8,
            "account_receivable_turnover_ratio": 2.4,
            "reinvestment_rate": -443.94,
            "research_to_sale_ratio": null,
            "price_fair": 29.24,
            "eps_avg_yearly": 0.84,
            "eps_latest_yearly": 1.08,
            "eps_growth_yearly": 797.01
        },
        "20144": {
            "year_quarter": 20144,
            "year": 2014,
            "quarter": 4,
            "eps": -0.13,
            "eps_growth_year": null,
            "eps_4q": 0.35,
            "eps_4q_growth_year": -36.57,
            "roe": -0.53,
            "roe_4q": 1.4100000000000001,
            "gross_profit": 88805,
            "gross_margin": 24.84,
            "gross_margin_4q_avg": 24.51,
            "net_income": -38676,
            "net_income_4q": null,
            "revenue": 357570,
            "revenue_4q": null,
            "common_shares": 3000413,
            "book_valuer_per_share": 24.46,
            "book_valuer_per_share_4q_avg": 24.53,
            "equity": 7319318,
            "current_ratio": 50.9,
            "debt_ratio": 36.26,
            "inventory_turnover_ratio": 0.93,
            "account_receivable_turnover_ratio": 2.59,
            "reinvestment_rate": -488.94,
            "research_to_sale_ratio": null,
            "price_fair": 29.24,
            "eps_avg_yearly": 0.84,
            "eps_latest_yearly": 1.08,
            "eps_growth_yearly": 797.01
        },
        "20151": {
            "year_quarter": 20151,
            "year": 2015,
            "quarter": 1,
            "eps": -0.09,
            "eps_growth_year": null,
            "eps_4q": 0.3,
            "eps_4q_growth_year": -45.3,
            "roe": -0.35,
            "roe_4q": 1.2200000000000002,
            "gross_profit": 49630,
            "gross_margin": 18.67,
            "gross_margin_4q_avg": 22.91,
            "net_income": -25483,
            "net_income_4q": null,
            "revenue": 265830,
            "revenue_4q": null,
            "common_shares": 3000413,
            "book_valuer_per_share": 24.41,
            "book_valuer_per_share_4q_avg": 24.55,
            "equity": 7371014,
            "current_ratio": 54.45,
            "debt_ratio": 36.61,
            "inventory_turnover_ratio": 0.76,
            "account_receivable_turnover_ratio": 1.89,
            "reinvestment_rate": -451.78,
            "research_to_sale_ratio": null,
            "price_fair": 29.24,
            "eps_avg_yearly": 0.84,
            "eps_latest_yearly": 1.08,
            "eps_growth_yearly": 797.01
        },
        "20152": {
            "year_quarter": 20152,
            "year": 2015,
            "quarter": 2,
            "eps": -0.05,
            "eps_growth_year": -120,
            "eps_4q": -0,
            "eps_4q_growth_year": -101.22,
            "roe": -0.3,
            "roe_4q": -0.08999999999999986,
            "gross_profit": 52507,
            "gross_margin": 21.53,
            "gross_margin_4q_avg": 21.45,
            "net_income": -21763,
            "net_income_4q": null,
            "revenue": 243844,
            "revenue_4q": null,
            "common_shares": 3000413,
            "book_valuer_per_share": 23.49,
            "book_valuer_per_share_4q_avg": 24.27,
            "equity": 7093704,
            "current_ratio": 58.3,
            "debt_ratio": 38.32,
            "inventory_turnover_ratio": 0.66,
            "account_receivable_turnover_ratio": 1.96,
            "reinvestment_rate": -540.74,
            "research_to_sale_ratio": null,
            "price_fair": 30.8,
            "eps_avg_yearly": 0.88,
            "eps_latest_yearly": 1.08,
            "eps_growth_yearly": 646.63
        },
        "20153": {
            "year_quarter": 20153,
            "year": 2015,
            "quarter": 3,
            "eps": 0.6,
            "eps_growth_year": 122.22,
            "eps_4q": 0.32,
            "eps_4q_growth_year": -26.94,
            "roe": 2.52,
            "roe_4q": 1.34,
            "gross_profit": 54537,
            "gross_margin": 20.5,
            "gross_margin_4q_avg": 21.39,
            "net_income": 178379,
            "net_income_4q": null,
            "revenue": 265975,
            "revenue_4q": null,
            "common_shares": 3000413,
            "book_valuer_per_share": 23.36,
            "book_valuer_per_share_4q_avg": 23.93,
            "equity": 7054688,
            "current_ratio": 57.15,
            "debt_ratio": 36.7,
            "inventory_turnover_ratio": 0.65,
            "account_receivable_turnover_ratio": 2.11,
            "reinvestment_rate": -509.56,
            "research_to_sale_ratio": null,
            "price_fair": 22.8,
            "eps_avg_yearly": 0.65,
            "eps_latest_yearly": 1.08,
            "eps_growth_yearly": 500.92
        },
        "20154": {
            "year_quarter": 20154,
            "year": 2015,
            "quarter": 4,
            "eps": -0.07,
            "eps_growth_year": null,
            "eps_4q": 0.39,
            "eps_4q_growth_year": 10.97,
            "roe": -0.28,
            "roe_4q": 1.5900000000000003,
            "gross_profit": 52354,
            "gross_margin": 15.51,
            "gross_margin_4q_avg": 19.05,
            "net_income": -19718,
            "net_income_4q": null,
            "revenue": 337488,
            "revenue_4q": null,
            "common_shares": 3000413,
            "book_valuer_per_share": 24.05,
            "book_valuer_per_share_4q_avg": 23.83,
            "equity": 7259733,
            "current_ratio": 61,
            "debt_ratio": 36.11,
            "inventory_turnover_ratio": 0.84,
            "account_receivable_turnover_ratio": 2.44,
            "reinvestment_rate": -516.69,
            "research_to_sale_ratio": null,
            "price_fair": 24.97,
            "eps_avg_yearly": 0.71,
            "eps_latest_yearly": 1.08,
            "eps_growth_yearly": 643.54
        },
        "20161": {
            "year_quarter": 20161,
            "year": 2016,
            "quarter": 1,
            "eps": -0.04,
            "eps_growth_year": null,
            "eps_4q": 0.43,
            "eps_4q_growth_year": 42.31,
            "roe": -0.22,
            "roe_4q": 1.72,
            "gross_profit": 77722,
            "gross_margin": 25.55,
            "gross_margin_4q_avg": 20.77,
            "net_income": -16025,
            "net_income_4q": null,
            "revenue": 304243,
            "revenue_4q": null,
            "common_shares": 3000413,
            "book_valuer_per_share": 23.82,
            "book_valuer_per_share_4q_avg": 23.68,
            "equity": 7186076,
            "current_ratio": 60.46,
            "debt_ratio": 36.53,
            "inventory_turnover_ratio": 0.68,
            "account_receivable_turnover_ratio": 2.32,
            "reinvestment_rate": -593.46,
            "research_to_sale_ratio": null,
            "price_fair": 29.12,
            "eps_avg_yearly": 0.83,
            "eps_latest_yearly": 1.08,
            "eps_growth_yearly": 817.96
        },
        "20162": {
            "year_quarter": 20162,
            "year": 2016,
            "quarter": 2,
            "eps": -0.04,
            "eps_growth_year": null,
            "eps_4q": 0.45,
            "eps_4q_growth_year": null,
            "roe": -0.16,
            "roe_4q": 1.8599999999999999,
            "gross_profit": 66913,
            "gross_margin": 21.6,
            "gross_margin_4q_avg": 20.79,
            "net_income": -11152,
            "net_income_4q": null,
            "revenue": 309732,
            "revenue_4q": null,
            "common_shares": 3000413,
            "book_valuer_per_share": 23.61,
            "book_valuer_per_share_4q_avg": 23.71,
            "equity": 7122689,
            "current_ratio": 55.88,
            "debt_ratio": 39.03,
            "inventory_turnover_ratio": 0.71,
            "account_receivable_turnover_ratio": 2.46,
            "reinvestment_rate": -572.82,
            "research_to_sale_ratio": null,
            "price_fair": 35,
            "eps_avg_yearly": 1,
            "eps_latest_yearly": 1.08,
            "eps_growth_yearly": 989.12
        },
        "20163": {
            "year_quarter": 20163,
            "year": 2016,
            "quarter": 3,
            "eps": 0.55,
            "eps_growth_year": -8.33,
            "eps_4q": 0.41,
            "eps_4q_growth_year": 25.99,
            "roe": 2.25,
            "roe_4q": 1.5899999999999999,
            "gross_profit": 56475,
            "gross_margin": 17.22,
            "gross_margin_4q_avg": 19.97,
            "net_income": 162365,
            "net_income_4q": null,
            "revenue": 327964,
            "revenue_4q": null,
            "common_shares": 3000413,
            "book_valuer_per_share": 24.26,
            "book_valuer_per_share_4q_avg": 23.94,
            "equity": 7317784,
            "current_ratio": 59.02,
            "debt_ratio": 37.71,
            "inventory_turnover_ratio": 0.75,
            "account_receivable_turnover_ratio": 2.42,
            "reinvestment_rate": -562.03,
            "research_to_sale_ratio": null,
            "price_fair": 2.04,
            "eps_avg_yearly": 0.68,
            "eps_latest_yearly": 1.08,
            "eps_growth_yearly": -181.17
        },
        "20164": {
            "year_quarter": 20164,
            "year": 2016,
            "quarter": 4,
            "eps": 0.05,
            "eps_growth_year": null,
            "eps_4q": 0.53,
            "eps_4q_growth_year": 35.86,
            "roe": 0.2,
            "roe_4q": 2.07,
            "gross_profit": 104263,
            "gross_margin": 26.22,
            "gross_margin_4q_avg": 22.65,
            "net_income": 15422,
            "net_income_4q": null,
            "revenue": 397636,
            "revenue_4q": null,
            "common_shares": 3000413,
            "book_valuer_per_share": 26.09,
            "book_valuer_per_share_4q_avg": 24.45,
            "equity": 7863901,
            "current_ratio": 60.71,
            "debt_ratio": 36.23,
            "inventory_turnover_ratio": 0.75,
            "account_receivable_turnover_ratio": 2.49,
            "reinvestment_rate": -466.3,
            "research_to_sale_ratio": null,
            "price_fair": 2.12,
            "eps_avg_yearly": 0.71,
            "eps_latest_yearly": 0.2,
            "eps_growth_yearly": -177.21
        },
        "20171": {
            "year_quarter": 20171,
            "year": 2017,
            "quarter": 1,
            "eps": -0.17,
            "eps_growth_year": null,
            "eps_4q": 0.39,
            "eps_4q_growth_year": -9.02,
            "roe": -0.69,
            "roe_4q": 1.6,
            "gross_profit": 54378,
            "gross_margin": 15.48,
            "gross_margin_4q_avg": 20.13,
            "net_income": -54344,
            "net_income_4q": null,
            "revenue": 351299,
            "revenue_4q": null,
            "common_shares": 3000413,
            "book_valuer_per_share": 26.12,
            "book_valuer_per_share_4q_avg": 25.02,
            "equity": 7869993,
            "current_ratio": 61.55,
            "debt_ratio": 36.2,
            "inventory_turnover_ratio": 0.76,
            "account_receivable_turnover_ratio": 2.19,
            "reinvestment_rate": 160.38,
            "research_to_sale_ratio": null,
            "price_fair": 2.12,
            "eps_avg_yearly": 0.71,
            "eps_latest_yearly": 0.2,
            "eps_growth_yearly": -177.21
        },
        "20172": {
            "year_quarter": 20172,
            "year": 2017,
            "quarter": 2,
            "eps": -0.04,
            "eps_growth_year": null,
            "eps_4q": 0.39,
            "eps_4q_growth_year": -14.87,
            "roe": -0.17,
            "roe_4q": 1.59,
            "gross_profit": 68015,
            "gross_margin": 22.16,
            "gross_margin_4q_avg": 20.27,
            "net_income": -13693,
            "net_income_4q": null,
            "revenue": 306901,
            "revenue_4q": null,
            "common_shares": 3000413,
            "book_valuer_per_share": 25.87,
            "book_valuer_per_share_4q_avg": 25.59,
            "equity": 7793905,
            "current_ratio": 59.61,
            "debt_ratio": 37.4,
            "inventory_turnover_ratio": 0.59,
            "account_receivable_turnover_ratio": 2.25,
            "reinvestment_rate": 213.6,
            "research_to_sale_ratio": null,
            "price_fair": 2.12,
            "eps_avg_yearly": 0.71,
            "eps_latest_yearly": 0.2,
            "eps_growth_yearly": -177.21
        },
        "20173": {
            "year_quarter": 20173,
            "year": 2017,
            "quarter": 3,
            "eps": 0.57,
            "eps_growth_year": 3.64,
            "eps_4q": 0.41,
            "eps_4q_growth_year": 0.38,
            "roe": 2.15,
            "roe_4q": 1.49,
            "gross_profit": 61698,
            "gross_margin": 17.15,
            "gross_margin_4q_avg": 20.25,
            "net_income": 168934,
            "net_income_4q": null,
            "revenue": 359838,
            "revenue_4q": null,
            "common_shares": 3000413,
            "book_valuer_per_share": 26.21,
            "book_valuer_per_share_4q_avg": 26.07,
            "equity": 7892789,
            "current_ratio": 61.49,
            "debt_ratio": 36.33,
            "inventory_turnover_ratio": 0.68,
            "account_receivable_turnover_ratio": 2.78,
            "reinvestment_rate": 138.99,
            "research_to_sale_ratio": null,
            "price_fair": 1.92,
            "eps_avg_yearly": 0.64,
            "eps_latest_yearly": 0.2,
            "eps_growth_yearly": -165.82
        },
        "20174": {
            "year_quarter": 20174,
            "year": 2017,
            "quarter": 4,
            "eps": 3.8,
            "eps_growth_year": 7101.61,
            "eps_4q": 4.15,
            "eps_4q_growth_year": 690.12,
            "roe": 13.2,
            "roe_4q": 14.49,
            "gross_profit": 101850,
            "gross_margin": 21.67,
            "gross_margin_4q_avg": 19.12,
            "net_income": 1131542,
            "net_income_4q": null,
            "revenue": 469913,
            "revenue_4q": null,
            "common_shares": 3000413,
            "book_valuer_per_share": 30.75,
            "book_valuer_per_share_4q_avg": 27.24,
            "equity": 9248980,
            "current_ratio": 100.39,
            "debt_ratio": 32.86,
            "inventory_turnover_ratio": 0.84,
            "account_receivable_turnover_ratio": 2.73,
            "reinvestment_rate": 39.22,
            "research_to_sale_ratio": null,
            "price_fair": 192.27,
            "eps_avg_yearly": 5.49,
            "eps_latest_yearly": 15.2,
            "eps_growth_yearly": 645.01
        },
        "20181": {
            "year_quarter": 20181,
            "year": 2018,
            "quarter": 1,
            "eps": -0.19,
            "eps_growth_year": null,
            "eps_4q": 4.14,
            "eps_4q_growth_year": 955.85,
            "roe": -0.62,
            "roe_4q": 14.56,
            "gross_profit": 55804,
            "gross_margin": 16.15,
            "gross_margin_4q_avg": 19.28,
            "net_income": -57858,
            "net_income_4q": null,
            "revenue": 345626,
            "revenue_4q": null,
            "common_shares": 3000413,
            "book_valuer_per_share": 30.96,
            "book_valuer_per_share_4q_avg": 28.45,
            "equity": 9309272,
            "current_ratio": 98.34,
            "debt_ratio": 31.76,
            "inventory_turnover_ratio": 0.68,
            "account_receivable_turnover_ratio": 1.88,
            "reinvestment_rate": -212.22,
            "research_to_sale_ratio": null,
            "price_fair": 192.27,
            "eps_avg_yearly": 5.49,
            "eps_latest_yearly": 15.2,
            "eps_growth_yearly": 645.01
        },
        "20182": {
            "year_quarter": 20182,
            "year": 2018,
            "quarter": 2,
            "eps": 0.18,
            "eps_growth_year": null,
            "eps_4q": 4.35,
            "eps_4q_growth_year": 1024.79,
            "roe": 0.57,
            "roe_4q": 15.299999999999999,
            "gross_profit": 94617,
            "gross_margin": 25.05,
            "gross_margin_4q_avg": 20.01,
            "net_income": 51311,
            "net_income_4q": null,
            "revenue": 377645,
            "revenue_4q": null,
            "common_shares": 3000413,
            "book_valuer_per_share": 28.47,
            "book_valuer_per_share_4q_avg": 29.1,
            "equity": 8562237,
            "current_ratio": 71.14,
            "debt_ratio": 33.64,
            "inventory_turnover_ratio": 0.66,
            "account_receivable_turnover_ratio": 2.65,
            "reinvestment_rate": -224.93,
            "research_to_sale_ratio": null,
            "price_fair": 192.27,
            "eps_avg_yearly": 5.49,
            "eps_latest_yearly": 15.2,
            "eps_growth_yearly": 645.01
        },
        "20183": {
            "year_quarter": 20183,
            "year": 2018,
            "quarter": 3,
            "eps": 0.86,
            "eps_growth_year": 50.88,
            "eps_4q": 4.64,
            "eps_4q_growth_year": 1036.7,
            "roe": 2.9,
            "roe_4q": 16.049999999999997,
            "gross_profit": 112308,
            "gross_margin": 27.46,
            "gross_margin_4q_avg": 22.58,
            "net_income": 255588,
            "net_income_4q": null,
            "revenue": 409032,
            "revenue_4q": null,
            "common_shares": 3000413,
            "book_valuer_per_share": 30.08,
            "book_valuer_per_share_4q_avg": 30.07,
            "equity": 9043226,
            "current_ratio": 76.12,
            "debt_ratio": 31.29,
            "inventory_turnover_ratio": 0.68,
            "account_receivable_turnover_ratio": 2.44,
            "reinvestment_rate": -197.98,
            "research_to_sale_ratio": null,
            "price_fair": 219.8,
            "eps_avg_yearly": 6.28,
            "eps_latest_yearly": 3.44,
            "eps_growth_yearly": 1138.05
        },
        "20184": {
            "year_quarter": 20184,
            "year": 2018,
            "quarter": 4,
            "eps": 0.09,
            "eps_growth_year": -97.5,
            "eps_4q": 0.94,
            "eps_4q_growth_year": -77.25,
            "roe": 0.34,
            "roe_4q": 3.1899999999999995,
            "gross_profit": 147284,
            "gross_margin": 31.09,
            "gross_margin_4q_avg": 24.94,
            "net_income": 29898,
            "net_income_4q": null,
            "revenue": 473678,
            "revenue_4q": null,
            "common_shares": 3000413,
            "book_valuer_per_share": 27.98,
            "book_valuer_per_share_4q_avg": 29.37,
            "equity": 8415499,
            "current_ratio": 72.34,
            "debt_ratio": 31.28,
            "inventory_turnover_ratio": 0.75,
            "account_receivable_turnover_ratio": 2.47,
            "reinvestment_rate": -185,
            "research_to_sale_ratio": null,
            "price_fair": 168,
            "eps_avg_yearly": 4.8,
            "eps_latest_yearly": 0.36,
            "eps_growth_yearly": 764
        },
        "20191": {
            "year_quarter": 20191,
            "year": 2019,
            "quarter": 1,
            "eps": -0.01,
            "eps_growth_year": null,
            "eps_4q": 1.12,
            "eps_4q_growth_year": -72.98,
            "roe": -0.07,
            "roe_4q": 3.7399999999999998,
            "gross_profit": 96423,
            "gross_margin": 23.84,
            "gross_margin_4q_avg": 26.86,
            "net_income": -6020,
            "net_income_4q": null,
            "revenue": 404476,
            "revenue_4q": null,
            "common_shares": 3000413,
            "book_valuer_per_share": 29.14,
            "book_valuer_per_share_4q_avg": 28.92,
            "equity": 8759993,
            "current_ratio": 75.97,
            "debt_ratio": 30.12,
            "inventory_turnover_ratio": 0.71,
            "account_receivable_turnover_ratio": 2.23,
            "reinvestment_rate": -196.31,
            "research_to_sale_ratio": null,
            "price_fair": 168,
            "eps_avg_yearly": 4.8,
            "eps_latest_yearly": 0.36,
            "eps_growth_yearly": 764
        },
        "20192": {
            "year_quarter": 20192,
            "year": 2019,
            "quarter": 2,
            "eps": 0.19,
            "eps_growth_year": 5.56,
            "eps_4q": 1.13,
            "eps_4q_growth_year": -74.13,
            "roe": 0.61,
            "roe_4q": 3.7800000000000002,
            "gross_profit": 155406,
            "gross_margin": 33.44,
            "gross_margin_4q_avg": 28.96,
            "net_income": 53311,
            "net_income_4q": null,
            "revenue": 464772,
            "revenue_4q": null,
            "common_shares": 3000413,
            "book_valuer_per_share": 28.65,
            "book_valuer_per_share_4q_avg": 28.96,
            "equity": 8611972,
            "current_ratio": 72.5,
            "debt_ratio": 32.88,
            "inventory_turnover_ratio": 0.7,
            "account_receivable_turnover_ratio": 2.53,
            "reinvestment_rate": -172.29,
            "research_to_sale_ratio": 1.39,
            "price_fair": 168,
            "eps_avg_yearly": 4.8,
            "eps_latest_yearly": 0.36,
            "eps_growth_yearly": 764
        },
        "20193": {
            "year_quarter": 20193,
            "year": 2019,
            "quarter": 3,
            "eps": 0.96,
            "eps_growth_year": 11.63,
            "eps_4q": 1.23,
            "eps_4q_growth_year": -73.57,
            "roe": 3.32,
            "roe_4q": 4.2,
            "gross_profit": 134694,
            "gross_margin": 26.51,
            "gross_margin_4q_avg": 28.72,
            "net_income": 285852,
            "net_income_4q": null,
            "revenue": 508003,
            "revenue_4q": null,
            "common_shares": 3000413,
            "book_valuer_per_share": 28.7,
            "book_valuer_per_share_4q_avg": 28.62,
            "equity": 8624476,
            "current_ratio": 76.03,
            "debt_ratio": 32.63,
            "inventory_turnover_ratio": 0.77,
            "account_receivable_turnover_ratio": 2.31,
            "reinvestment_rate": -155.4,
            "research_to_sale_ratio": 1.37,
            "price_fair": 161.28,
            "eps_avg_yearly": 4.61,
            "eps_latest_yearly": 3.84,
            "eps_growth_yearly": 935.41
        },
        "20194": {
            "year_quarter": 20194,
            "year": 2019,
            "quarter": 4,
            "eps": 0.16,
            "eps_growth_year": 71.02,
            "eps_4q": 1.29,
            "eps_4q_growth_year": 37.12,
            "roe": 0.53,
            "roe_4q": 4.39,
            "gross_profit": 208289,
            "gross_margin": 29.49,
            "gross_margin_4q_avg": 28.32,
            "net_income": 45677,
            "net_income_4q": null,
            "revenue": 706330,
            "revenue_4q": null,
            "common_shares": 3000413,
            "book_valuer_per_share": 29.09,
            "book_valuer_per_share_4q_avg": 28.9,
            "equity": 8739148,
            "current_ratio": 81,
            "debt_ratio": 32.35,
            "inventory_turnover_ratio": 0.98,
            "account_receivable_turnover_ratio": 3.07,
            "reinvestment_rate": -153.25,
            "research_to_sale_ratio": 1.14,
            "price_fair": 138.13,
            "eps_avg_yearly": 3.95,
            "eps_latest_yearly": 0.64,
            "eps_growth_yearly": 723.95
        },
        "20201": {
            "year_quarter": 20201,
            "year": 2020,
            "quarter": 1,
            "eps": 0.05,
            "eps_growth_year": null,
            "eps_4q": 1.36,
            "eps_4q_growth_year": 21.39,
            "roe": 0.17,
            "roe_4q": 4.63,
            "gross_profit": 140542,
            "gross_margin": 24.8,
            "gross_margin_4q_avg": 28.56,
            "net_income": 14008,
            "net_income_4q": null,
            "revenue": 566613,
            "revenue_4q": null,
            "common_shares": 3000413,
            "book_valuer_per_share": 26.18,
            "book_valuer_per_share_4q_avg": 28.16,
            "equity": 7834640,
            "current_ratio": 63.58,
            "debt_ratio": 36.42,
            "inventory_turnover_ratio": 0.88,
            "account_receivable_turnover_ratio": 2.4,
            "reinvestment_rate": -152.51,
            "research_to_sale_ratio": 1.21,
            "price_fair": 119.4,
            "eps_avg_yearly": 3.41,
            "eps_latest_yearly": 0.2,
            "eps_growth_yearly": 581.25
        },
        "20202": {
            "year_quarter": 20202,
            "year": 2020,
            "quarter": 2,
            "eps": 0.04,
            "eps_growth_year": -78.95,
            "eps_4q": 1.21,
            "eps_4q_growth_year": 7.33,
            "roe": 0.14,
            "roe_4q": 4.16,
            "gross_profit": 124215,
            "gross_margin": 28.88,
            "gross_margin_4q_avg": 27.42,
            "net_income": 11298,
            "net_income_4q": null,
            "revenue": 430085,
            "revenue_4q": null,
            "common_shares": 3000413,
            "book_valuer_per_share": 27.34,
            "book_valuer_per_share_4q_avg": 27.83,
            "equity": 8181257,
            "current_ratio": 67.49,
            "debt_ratio": 35.69,
            "inventory_turnover_ratio": 0.67,
            "account_receivable_turnover_ratio": 1.81,
            "reinvestment_rate": -160.43,
            "research_to_sale_ratio": 1.86,
            "price_fair": 105.18,
            "eps_avg_yearly": 3.01,
            "eps_latest_yearly": 0.16,
            "eps_growth_yearly": 498.59
        },
        "20203": {
            "year_quarter": 20203,
            "year": 2020,
            "quarter": 3,
            "eps": 0.84,
            "eps_growth_year": -12.5,
            "eps_4q": 1.09,
            "eps_4q_growth_year": -11.15,
            "roe": 3.05,
            "roe_4q": 3.8899999999999997,
            "gross_profit": 143051,
            "gross_margin": 30.41,
            "gross_margin_4q_avg": 28.4,
            "net_income": 252021,
            "net_income_4q": null,
            "revenue": 470474,
            "revenue_4q": null,
            "common_shares": 3000413,
            "book_valuer_per_share": 27.91,
            "book_valuer_per_share_4q_avg": 27.63,
            "equity": 8351172,
            "current_ratio": 72.81,
            "debt_ratio": 34.42,
            "inventory_turnover_ratio": 0.73,
            "account_receivable_turnover_ratio": 2.1,
            "reinvestment_rate": -154.76,
            "research_to_sale_ratio": 1.55,
            "price_fair": 106.56,
            "eps_avg_yearly": 3.04,
            "eps_latest_yearly": 3.36,
            "eps_growth_yearly": 1332.08
        },
        "20204": {
            "year_quarter": 20204,
            "year": 2020,
            "quarter": 4,
            "eps": 0.29,
            "eps_growth_year": 79.8,
            "eps_4q": 1.22,
            "eps_4q_growth_year": -5.78,
            "roe": 1,
            "roe_4q": 4.359999999999999,
            "gross_profit": 215314,
            "gross_margin": 31.57,
            "gross_margin_4q_avg": 28.92,
            "net_income": 87165,
            "net_income_4q": null,
            "revenue": 682041,
            "revenue_4q": null,
            "common_shares": 3000413,
            "book_valuer_per_share": 30.37,
            "book_valuer_per_share_4q_avg": 27.95,
            "equity": 9087368,
            "current_ratio": 81.88,
            "debt_ratio": 33.08,
            "inventory_turnover_ratio": 1.01,
            "account_receivable_turnover_ratio": 2.42,
            "reinvestment_rate": -171.27,
            "research_to_sale_ratio": 0.23,
            "price_fair": 110.29,
            "eps_avg_yearly": 3.15,
            "eps_latest_yearly": 1.16,
            "eps_growth_yearly": 1343.38
        },
        "20211": {
            "year_quarter": 20211,
            "year": 2021,
            "quarter": 1,
            "eps": 0.22,
            "eps_growth_year": 340,
            "eps_4q": 1.39,
            "eps_4q_growth_year": 2.39,
            "roe": 0.71,
            "roe_4q": 4.8999999999999995,
            "gross_profit": 162430,
            "gross_margin": 29.54,
            "gross_margin_4q_avg": 30.1,
            "net_income": 65181,
            "net_income_4q": null,
            "revenue": 549893,
            "revenue_4q": null,
            "common_shares": 3000413,
            "book_valuer_per_share": 30.64,
            "book_valuer_per_share_4q_avg": 29.07,
            "equity": 9167276,
            "current_ratio": 80.49,
            "debt_ratio": 33.6,
            "inventory_turnover_ratio": 0.82,
            "account_receivable_turnover_ratio": 1.87,
            "reinvestment_rate": -161.42,
            "research_to_sale_ratio": 1.21,
            "price_fair": 102.34,
            "eps_avg_yearly": 2.92,
            "eps_latest_yearly": 0.88,
            "eps_growth_yearly": 1199.39
        },
        "20212": {
            "year_quarter": 20212,
            "year": 2021,
            "quarter": 2,
            "eps": 0.1,
            "eps_growth_year": 150,
            "eps_4q": 1.45,
            "eps_4q_growth_year": 20.12,
            "roe": 0.32,
            "roe_4q": 5.08,
            "gross_profit": 199362,
            "gross_margin": 31.43,
            "gross_margin_4q_avg": 30.74,
            "net_income": 30162,
            "net_income_4q": null,
            "revenue": 634279,
            "revenue_4q": null,
            "common_shares": 3000413,
            "book_valuer_per_share": 31.83,
            "book_valuer_per_share_4q_avg": 30.19,
            "equity": 9525287,
            "current_ratio": 91.07,
            "debt_ratio": 33.49,
            "inventory_turnover_ratio": 0.8,
            "account_receivable_turnover_ratio": 2.31,
            "reinvestment_rate": -161.27,
            "research_to_sale_ratio": 0.89,
            "price_fair": 94.31,
            "eps_avg_yearly": 2.69,
            "eps_latest_yearly": 0.4,
            "eps_growth_yearly": 1070.52
        },
        "20213": {
            "year_quarter": 20213,
            "year": 2021,
            "quarter": 3,
            "eps": 1.02,
            "eps_growth_year": 21.43,
            "eps_4q": 1.63,
            "eps_4q_growth_year": 49.18,
            "roe": 3.15,
            "roe_4q": 5.18,
            "gross_profit": 151455,
            "gross_margin": 23.37,
            "gross_margin_4q_avg": 28.98,
            "net_income": 304302,
            "net_income_4q": null,
            "revenue": 648121,
            "revenue_4q": null,
            "common_shares": 3000413,
            "book_valuer_per_share": 32.65,
            "book_valuer_per_share_4q_avg": 31.37,
            "equity": 9770075,
            "current_ratio": 93.67,
            "debt_ratio": 34.09,
            "inventory_turnover_ratio": 0.72,
            "account_receivable_turnover_ratio": 1.91,
            "reinvestment_rate": -151.32,
            "research_to_sale_ratio": 1,
            "price_fair": 98.35,
            "eps_avg_yearly": 2.81,
            "eps_latest_yearly": 4.08,
            "eps_growth_yearly": 1287.98
        },
        "20214": {
            "year_quarter": 20214,
            "year": 2021,
            "quarter": 4,
            "eps": 0.17,
            "eps_growth_year": -41.22,
            "eps_4q": 1.51,
            "eps_4q_growth_year": 23.52,
            "roe": 0.52,
            "roe_4q": 4.699999999999999,
            "gross_profit": 215648,
            "gross_margin": 23.53,
            "gross_margin_4q_avg": 26.97,
            "net_income": 51238,
            "net_income_4q": null,
            "revenue": 916621,
            "revenue_4q": null,
            "common_shares": 3000413,
            "book_valuer_per_share": 33.46,
            "book_valuer_per_share_4q_avg": 32.15,
            "equity": 10011118,
            "current_ratio": 97.65,
            "debt_ratio": 37.95,
            "inventory_turnover_ratio": 0.89,
            "account_receivable_turnover_ratio": 2.25,
            "reinvestment_rate": -265.91,
            "research_to_sale_ratio": 0.78,
            "price_fair": 56,
            "eps_avg_yearly": 1.6,
            "eps_latest_yearly": 0.68,
            "eps_growth_yearly": 1071.31
        },
        "20221": {
            "year_quarter": 20221,
            "year": 2022,
            "quarter": 1,
            "eps": 4.77,
            "eps_growth_year": 2068.18,
            "eps_4q": 6.05,
            "eps_4q_growth_year": 335.69,
            "roe": 13.13,
            "roe_4q": 17.12,
            "gross_profit": 187490,
            "gross_margin": 25.02,
            "gross_margin_4q_avg": 25.84,
            "net_income": 1425894,
            "net_income_4q": null,
            "revenue": 749379,
            "revenue_4q": null,
            "common_shares": 3000413,
            "book_valuer_per_share": 39.12,
            "book_valuer_per_share_4q_avg": 34.27,
            "equity": 11706134,
            "current_ratio": 121.76,
            "debt_ratio": 29.88,
            "inventory_turnover_ratio": 0.7,
            "account_receivable_turnover_ratio": 1.78,
            "reinvestment_rate": 2,
            "research_to_sale_ratio": 0.88,
            "price_fair": 103.06,
            "eps_avg_yearly": 2.94,
            "eps_latest_yearly": 19.08,
            "eps_growth_yearly": 1821.48
        },
        "20222": {
            "year_quarter": 20222,
            "year": 2022,
            "quarter": 2,
            "eps": 0.94,
            "eps_growth_year": 840,
            "eps_4q": 6.9,
            "eps_4q_growth_year": 374.76,
            "roe": 2.42,
            "roe_4q": 19.22,
            "gross_profit": 207661,
            "gross_margin": 29.1,
            "gross_margin_4q_avg": 25.26,
            "net_income": 282052,
            "net_income_4q": null,
            "revenue": 713641,
            "revenue_4q": null,
            "common_shares": 3000413,
            "book_valuer_per_share": 38.69,
            "book_valuer_per_share_4q_avg": 35.98,
            "equity": 11577620,
            "current_ratio": 122.03,
            "debt_ratio": 30.76,
            "inventory_turnover_ratio": 0.55,
            "account_receivable_turnover_ratio": 1.96,
            "reinvestment_rate": 5.85,
            "research_to_sale_ratio": 0.95,
            "price_fair": 105.1,
            "eps_avg_yearly": 3,
            "eps_latest_yearly": 3.76,
            "eps_growth_yearly": 1668.43
        },
        "20223": {
            "year_quarter": 20223,
            "year": 2022,
            "quarter": 3,
            "eps": 0.88,
            "eps_growth_year": -13.73,
            "eps_4q": 6.76,
            "eps_4q_growth_year": 315.59,
            "roe": 2.29,
            "roe_4q": 18.36,
            "gross_profit": 242749,
            "gross_margin": 26.04,
            "gross_margin_4q_avg": 25.92,
            "net_income": 263973,
            "net_income_4q": null,
            "revenue": 932295,
            "revenue_4q": null,
            "common_shares": 3000413,
            "book_valuer_per_share": 38.24,
            "book_valuer_per_share_4q_avg": 37.38,
            "equity": 11443164,
            "current_ratio": 130.06,
            "debt_ratio": 30.21,
            "inventory_turnover_ratio": 0.68,
            "account_receivable_turnover_ratio": 2.53,
            "reinvestment_rate": 3.18,
            "research_to_sale_ratio": 0.77,
            "price_fair": 105.3,
            "eps_avg_yearly": 3.01,
            "eps_latest_yearly": 3.52,
            "eps_growth_yearly": 1558.67
        },
        "20224": {
            "year_quarter": 20224,
            "year": 2022,
            "quarter": 4,
            "eps": 0.33,
            "eps_growth_year": 93.35,
            "eps_4q": 6.92,
            "eps_4q_growth_year": 359.31,
            "roe": 0.85,
            "roe_4q": 18.69,
            "gross_profit": 280138,
            "gross_margin": 29.37,
            "gross_margin_4q_avg": 27.38,
            "net_income": 99067,
            "net_income_4q": null,
            "revenue": 953974,
            "revenue_4q": null,
            "common_shares": 3000413,
            "book_valuer_per_share": 39.24,
            "book_valuer_per_share_4q_avg": 38.82,
            "equity": 11742942,
            "current_ratio": 133.87,
            "debt_ratio": 29.68,
            "inventory_turnover_ratio": 0.65,
            "account_receivable_turnover_ratio": 2.48,
            "reinvestment_rate": 5.3,
            "research_to_sale_ratio": 0.96,
            "price_fair": 107.7,
            "eps_avg_yearly": 3.08,
            "eps_latest_yearly": 1.32,
            "eps_growth_yearly": 1566.4
        },
        "20231": {
            "year_quarter": 20231,
            "year": 2023,
            "quarter": 1,
            "eps": 0.3,
            "eps_growth_year": -93.71,
            "eps_4q": 2.46,
            "eps_4q_growth_year": -59.4,
            "roe": 0.76,
            "roe_4q": 6.32,
            "gross_profit": 233497,
            "gross_margin": 28.17,
            "gross_margin_4q_avg": 28.17,
            "net_income": 90383,
            "net_income_4q": null,
            "revenue": 828902,
            "revenue_4q": null,
            "common_shares": 3000413,
            "book_valuer_per_share": 39.98,
            "book_valuer_per_share_4q_avg": 39.04,
            "equity": 11962216,
            "current_ratio": 139.92,
            "debt_ratio": 28.46,
            "inventory_turnover_ratio": 0.56,
            "account_receivable_turnover_ratio": 2.38,
            "reinvestment_rate": 5.52,
            "research_to_sale_ratio": 1.05,
            "price_fair": 103.32,
            "eps_avg_yearly": 2.95,
            "eps_latest_yearly": 1.2,
            "eps_growth_yearly": 1459.55
        },
        "20232": {
            "year_quarter": 20232,
            "year": 2023,
            "quarter": 2,
            "eps": 0.56,
            "eps_growth_year": -40.43,
            "eps_4q": 2.08,
            "eps_4q_growth_year": -69.9,
            "roe": 1.41,
            "roe_4q": 5.3100000000000005,
            "gross_profit": 208489,
            "gross_margin": 30.53,
            "gross_margin_4q_avg": 28.53,
            "net_income": 167678,
            "net_income_4q": null,
            "revenue": 683000,
            "revenue_4q": null,
            "common_shares": 3000413,
            "book_valuer_per_share": 39.62,
            "book_valuer_per_share_4q_avg": 39.27,
            "equity": 11855194,
            "current_ratio": 127.83,
            "debt_ratio": 30.92,
            "inventory_turnover_ratio": 0.43,
            "account_receivable_turnover_ratio": 2.09,
            "reinvestment_rate": 6.22,
            "research_to_sale_ratio": 1.14,
            "price_fair": 101.76,
            "eps_avg_yearly": 2.91,
            "eps_latest_yearly": 2.24,
            "eps_growth_yearly": 1389.99
        },
        "20233": {
            "year_quarter": 20233,
            "year": 2023,
            "quarter": 3,
            "eps": 0.97,
            "eps_growth_year": 10.23,
            "eps_4q": 2.16,
            "eps_4q_growth_year": -68.01,
            "roe": 2.39,
            "roe_4q": 5.409999999999999,
            "gross_profit": 230888,
            "gross_margin": 28.28,
            "gross_margin_4q_avg": 29.09,
            "net_income": 290032,
            "net_income_4q": null,
            "revenue": 816555,
            "revenue_4q": null,
            "common_shares": 3000413,
            "book_valuer_per_share": 41.59,
            "book_valuer_per_share_4q_avg": 40.11,
            "equity": 12444174,
            "current_ratio": 122.67,
            "debt_ratio": 28.84,
            "inventory_turnover_ratio": 0.51,
            "account_receivable_turnover_ratio": 2.28,
            "reinvestment_rate": 20.62,
            "research_to_sale_ratio": 1.04,
            "price_fair": 101.85,
            "eps_avg_yearly": 2.91,
            "eps_latest_yearly": 3.88,
            "eps_growth_yearly": 1306.98
        }
    },
    "months": {
        "2001-06": {
            "month": "2001-06",
            "price": "11.96",
            "revenue": 51597
        },
        "2001-07": {
            "month": "2001-07",
            "price": "9.73",
            "revenue": 51746
        },
        "2001-08": {
            "month": "2001-08",
            "price": "10.69",
            "revenue": 74284
        },
        "2001-09": {
            "month": "2001-09",
            "price": "13.18",
            "revenue": 62301
        },
        "2001-10": {
            "month": "2001-10",
            "price": "12.92",
            "revenue": 58572
        },
        "2001-11": {
            "month": "2001-11",
            "price": "11.83",
            "revenue": 55179
        },
        "2001-12": {
            "month": "2001-12",
            "price": "13.28",
            "revenue": 48228
        },
        "2002-01": {
            "month": "2002-01",
            "price": "13.56",
            "revenue": 43913
        },
        "2002-02": {
            "month": "2002-02",
            "price": "12.23",
            "revenue": 36375
        },
        "2002-03": {
            "month": "2002-03",
            "price": "13.39",
            "revenue": 50838
        },
        "2002-04": {
            "month": "2002-04",
            "price": "14.92",
            "revenue": 66865
        },
        "2002-05": {
            "month": "2002-05",
            "price": "16.12",
            "revenue": 53286
        },
        "2002-06": {
            "month": "2002-06",
            "price": "16.12",
            "revenue": 45326
        },
        "2002-07": {
            "month": "2002-07",
            "price": "15.51",
            "revenue": 46375
        },
        "2002-08": {
            "month": "2002-08",
            "price": "14.26",
            "revenue": 44682
        },
        "2002-09": {
            "month": "2002-09",
            "price": "12.35",
            "revenue": 61305
        },
        "2002-10": {
            "month": "2002-10",
            "price": "11.58",
            "revenue": 59287
        },
        "2002-11": {
            "month": "2002-11",
            "price": "12.34",
            "revenue": 42632
        },
        "2002-12": {
            "month": "2002-12",
            "price": "12.38",
            "revenue": 42605
        },
        "2003-01": {
            "month": "2003-01",
            "price": "12.95",
            "revenue": 33551
        },
        "2003-02": {
            "month": "2003-02",
            "price": "13.61",
            "revenue": 35008
        },
        "2003-03": {
            "month": "2003-03",
            "price": "14.84",
            "revenue": 40571
        },
        "2003-04": {
            "month": "2003-04",
            "price": "14.55",
            "revenue": 54991
        },
        "2003-05": {
            "month": "2003-05",
            "price": "13.88",
            "revenue": 39598
        },
        "2003-06": {
            "month": "2003-06",
            "price": "14.75",
            "revenue": 30904
        },
        "2003-07": {
            "month": "2003-07",
            "price": "14.40",
            "revenue": 35496
        },
        "2003-08": {
            "month": "2003-08",
            "price": "14.50",
            "revenue": 52133
        },
        "2003-09": {
            "month": "2003-09",
            "price": "16.02",
            "revenue": 56286
        },
        "2003-10": {
            "month": "2003-10",
            "price": "16.66",
            "revenue": 76752
        },
        "2003-11": {
            "month": "2003-11",
            "price": "15.30",
            "revenue": 56659
        },
        "2003-12": {
            "month": "2003-12",
            "price": "14.11",
            "revenue": 50704
        },
        "2004-01": {
            "month": "2004-01",
            "price": "15.32",
            "revenue": 36461
        },
        "2004-02": {
            "month": "2004-02",
            "price": "16.94",
            "revenue": 44077
        },
        "2004-03": {
            "month": "2004-03",
            "price": "16.73",
            "revenue": 52151
        },
        "2004-04": {
            "month": "2004-04",
            "price": "15.70",
            "revenue": 58406
        },
        "2004-05": {
            "month": "2004-05",
            "price": "13.39",
            "revenue": 76092
        },
        "2004-06": {
            "month": "2004-06",
            "price": "13.21",
            "revenue": 56580
        },
        "2004-07": {
            "month": "2004-07",
            "price": "13.05",
            "revenue": 52888
        },
        "2004-08": {
            "month": "2004-08",
            "price": "12.08",
            "revenue": 53297
        },
        "2004-09": {
            "month": "2004-09",
            "price": "13.08",
            "revenue": 68427
        },
        "2004-10": {
            "month": "2004-10",
            "price": "13.39",
            "revenue": 87696
        },
        "2004-11": {
            "month": "2004-11",
            "price": "12.80",
            "revenue": 78654
        },
        "2004-12": {
            "month": "2004-12",
            "price": "12.99",
            "revenue": 67311
        },
        "2005-01": {
            "month": "2005-01",
            "price": "13.53",
            "revenue": 57098
        },
        "2005-02": {
            "month": "2005-02",
            "price": "12.83",
            "revenue": 50358
        },
        "2005-03": {
            "month": "2005-03",
            "price": "13.02",
            "revenue": 49587
        },
        "2005-04": {
            "month": "2005-04",
            "price": "11.53",
            "revenue": 61649
        },
        "2005-05": {
            "month": "2005-05",
            "price": "11.21",
            "revenue": 59199
        },
        "2005-06": {
            "month": "2005-06",
            "price": "12.25",
            "revenue": 49601
        },
        "2005-07": {
            "month": "2005-07",
            "price": "12.56",
            "revenue": 46778
        },
        "2005-08": {
            "month": "2005-08",
            "price": "12.83",
            "revenue": 63433
        },
        "2005-09": {
            "month": "2005-09",
            "price": "12.68",
            "revenue": 567697
        },
        "2005-10": {
            "month": "2005-10",
            "price": "12.03",
            "revenue": 100995
        },
        "2005-11": {
            "month": "2005-11",
            "price": "12.05",
            "revenue": 64450
        },
        "2005-12": {
            "month": "2005-12",
            "price": "12.35",
            "revenue": 61529
        },
        "2006-01": {
            "month": "2006-01",
            "price": "12.18",
            "revenue": 59031
        },
        "2006-02": {
            "month": "2006-02",
            "price": "11.93",
            "revenue": 39940
        },
        "2006-03": {
            "month": "2006-03",
            "price": "11.78",
            "revenue": 42034
        },
        "2006-04": {
            "month": "2006-04",
            "price": "13.62",
            "revenue": 52368
        },
        "2006-05": {
            "month": "2006-05",
            "price": "22.39",
            "revenue": 33042
        },
        "2006-06": {
            "month": "2006-06",
            "price": "22.06",
            "revenue": 37876
        },
        "2006-07": {
            "month": "2006-07",
            "price": "24.95",
            "revenue": 40530
        },
        "2006-08": {
            "month": "2006-08",
            "price": "23.57",
            "revenue": 58305
        },
        "2006-09": {
            "month": "2006-09",
            "price": "21.08",
            "revenue": 45245
        },
        "2006-10": {
            "month": "2006-10",
            "price": "24.53",
            "revenue": 65249
        },
        "2006-11": {
            "month": "2006-11",
            "price": "28.52",
            "revenue": 73476
        },
        "2006-12": {
            "month": "2006-12",
            "price": "32.01",
            "revenue": 56209
        },
        "2007-01": {
            "month": "2007-01",
            "price": "27.95",
            "revenue": 50519
        },
        "2007-02": {
            "month": "2007-02",
            "price": "28.62",
            "revenue": 46872
        },
        "2007-03": {
            "month": "2007-03",
            "price": "27.54",
            "revenue": 52996
        },
        "2007-04": {
            "month": "2007-04",
            "price": "28.00",
            "revenue": 43461
        },
        "2007-05": {
            "month": "2007-05",
            "price": "26.72",
            "revenue": 41973
        },
        "2007-06": {
            "month": "2007-06",
            "price": "28.33",
            "revenue": 38567
        },
        "2007-07": {
            "month": "2007-07",
            "price": "31.92",
            "revenue": 28701
        },
        "2007-08": {
            "month": "2007-08",
            "price": "26.11",
            "revenue": 31989
        },
        "2007-09": {
            "month": "2007-09",
            "price": "24.04",
            "revenue": 46839
        },
        "2007-10": {
            "month": "2007-10",
            "price": "25.21",
            "revenue": 62981
        },
        "2007-11": {
            "month": "2007-11",
            "price": "21.56",
            "revenue": 63232
        },
        "2007-12": {
            "month": "2007-12",
            "price": "18.35",
            "revenue": 52727
        },
        "2008-01": {
            "month": "2008-01",
            "price": "22.82",
            "revenue": 39547
        },
        "2008-02": {
            "month": "2008-02",
            "price": "29.94",
            "revenue": 39385
        },
        "2008-03": {
            "month": "2008-03",
            "price": "31.27",
            "revenue": 34815
        },
        "2008-04": {
            "month": "2008-04",
            "price": "34.56",
            "revenue": 51377
        },
        "2008-05": {
            "month": "2008-05",
            "price": "31.83",
            "revenue": 41715
        },
        "2008-06": {
            "month": "2008-06",
            "price": "25.49",
            "revenue": 36334
        },
        "2008-07": {
            "month": "2008-07",
            "price": "19.78",
            "revenue": 34598
        },
        "2008-08": {
            "month": "2008-08",
            "price": "20.15",
            "revenue": 47208
        },
        "2008-09": {
            "month": "2008-09",
            "price": "16.39",
            "revenue": 55405
        },
        "2008-10": {
            "month": "2008-10",
            "price": "12.08",
            "revenue": 80056
        },
        "2008-11": {
            "month": "2008-11",
            "price": "13.16",
            "revenue": 66412
        },
        "2008-12": {
            "month": "2008-12",
            "price": "13.63",
            "revenue": 59344
        },
        "2009-01": {
            "month": "2009-01",
            "price": "13.24",
            "revenue": 47908
        },
        "2009-02": {
            "month": "2009-02",
            "price": "12.91",
            "revenue": 35249
        },
        "2009-03": {
            "month": "2009-03",
            "price": "14.32",
            "revenue": 46740
        },
        "2009-04": {
            "month": "2009-04",
            "price": "19.19",
            "revenue": 59304
        },
        "2009-05": {
            "month": "2009-05",
            "price": "23.88",
            "revenue": 50623
        },
        "2009-06": {
            "month": "2009-06",
            "price": "31.91",
            "revenue": 42498
        },
        "2009-07": {
            "month": "2009-07",
            "price": "40.64",
            "revenue": 40603
        },
        "2009-08": {
            "month": "2009-08",
            "price": "33.95",
            "revenue": 44270
        },
        "2009-09": {
            "month": "2009-09",
            "price": "36.54",
            "revenue": 51928
        },
        "2009-10": {
            "month": "2009-10",
            "price": "36.22",
            "revenue": 88425
        },
        "2009-11": {
            "month": "2009-11",
            "price": "31.98",
            "revenue": 81661
        },
        "2009-12": {
            "month": "2009-12",
            "price": "33.64",
            "revenue": 84238
        },
        "2010-01": {
            "month": "2010-01",
            "price": "37.04",
            "revenue": 69377
        },
        "2010-02": {
            "month": "2010-02",
            "price": "32.12",
            "revenue": 40969
        },
        "2010-03": {
            "month": "2010-03",
            "price": "37.33",
            "revenue": 45779
        },
        "2010-04": {
            "month": "2010-04",
            "price": "40.04",
            "revenue": 60027
        },
        "2010-05": {
            "month": "2010-05",
            "price": "34.40",
            "revenue": 69962
        },
        "2010-06": {
            "month": "2010-06",
            "price": "33.54",
            "revenue": 37299
        },
        "2010-07": {
            "month": "2010-07",
            "price": "34.96",
            "revenue": 44365
        },
        "2010-08": {
            "month": "2010-08",
            "price": "38.95",
            "revenue": 42353
        },
        "2010-09": {
            "month": "2010-09",
            "price": "37.96",
            "revenue": 69957
        },
        "2010-10": {
            "month": "2010-10",
            "price": "41.24",
            "revenue": 107666
        },
        "2010-11": {
            "month": "2010-11",
            "price": "44.77",
            "revenue": 103016
        },
        "2010-12": {
            "month": "2010-12",
            "price": "51.27",
            "revenue": 90919
        },
        "2011-01": {
            "month": "2011-01",
            "price": "48.47",
            "revenue": 63104
        },
        "2011-02": {
            "month": "2011-02",
            "price": "44.29",
            "revenue": 48097
        },
        "2011-03": {
            "month": "2011-03",
            "price": "40.71",
            "revenue": 72310
        },
        "2011-04": {
            "month": "2011-04",
            "price": "40.02",
            "revenue": 84948
        },
        "2011-05": {
            "month": "2011-05",
            "price": "38.67",
            "revenue": 68918
        },
        "2011-06": {
            "month": "2011-06",
            "price": "36.47",
            "revenue": 50694
        },
        "2011-07": {
            "month": "2011-07",
            "price": "41.17",
            "revenue": 71542
        },
        "2011-08": {
            "month": "2011-08",
            "price": "40.43",
            "revenue": 62906
        },
        "2011-09": {
            "month": "2011-09",
            "price": "35.36",
            "revenue": 110447
        },
        "2011-10": {
            "month": "2011-10",
            "price": "35.71",
            "revenue": 124526
        },
        "2011-11": {
            "month": "2011-11",
            "price": "35.86",
            "revenue": 100049
        },
        "2011-12": {
            "month": "2011-12",
            "price": "30.81",
            "revenue": 91768
        },
        "2012-01": {
            "month": "2012-01",
            "price": "32.74",
            "revenue": 59300
        },
        "2012-02": {
            "month": "2012-02",
            "price": "40.05",
            "revenue": 71267
        },
        "2012-03": {
            "month": "2012-03",
            "price": "43.60",
            "revenue": 92887
        },
        "2012-04": {
            "month": "2012-04",
            "price": "41.10",
            "revenue": 67532
        },
        "2012-05": {
            "month": "2012-05",
            "price": "40.35",
            "revenue": 51262
        },
        "2012-06": {
            "month": "2012-06",
            "price": "40.23",
            "revenue": 48263
        },
        "2012-07": {
            "month": "2012-07",
            "price": "40.03",
            "revenue": 53246
        },
        "2012-08": {
            "month": "2012-08",
            "price": "40.37",
            "revenue": 44772
        },
        "2012-09": {
            "month": "2012-09",
            "price": "41.48",
            "revenue": 73616
        },
        "2012-10": {
            "month": "2012-10",
            "price": "38.73",
            "revenue": 106239
        },
        "2012-11": {
            "month": "2012-11",
            "price": "37.00",
            "revenue": 111674
        },
        "2012-12": {
            "month": "2012-12",
            "price": "38.25",
            "revenue": 60845
        },
        "2013-01": {
            "month": "2013-01",
            "price": "39.16",
            "revenue": 58138
        },
        "2013-02": {
            "month": "2013-02",
            "price": "38.29",
            "revenue": 72082
        },
        "2013-03": {
            "month": "2013-03",
            "price": "38.22",
            "revenue": 93311
        },
        "2013-04": {
            "month": "2013-04",
            "price": "38.14",
            "revenue": 97439
        },
        "2013-05": {
            "month": "2013-05",
            "price": "39.43",
            "revenue": 95756
        },
        "2013-06": {
            "month": "2013-06",
            "price": "38.50",
            "revenue": 53350
        },
        "2013-07": {
            "month": "2013-07",
            "price": "39.35",
            "revenue": 50920
        },
        "2013-08": {
            "month": "2013-08",
            "price": "38.54",
            "revenue": 98354
        },
        "2013-09": {
            "month": "2013-09",
            "price": "38.54",
            "revenue": 98612
        },
        "2013-10": {
            "month": "2013-10",
            "price": "40.13",
            "revenue": 109113
        },
        "2013-11": {
            "month": "2013-11",
            "price": "39.02",
            "revenue": 98202
        },
        "2013-12": {
            "month": "2013-12",
            "price": "39.60",
            "revenue": 81146
        },
        "2014-01": {
            "month": "2014-01",
            "price": "39.64",
            "revenue": 92034
        },
        "2014-02": {
            "month": "2014-02",
            "price": "39.18",
            "revenue": 83261
        },
        "2014-03": {
            "month": "2014-03",
            "price": "39.21",
            "revenue": 98076
        },
        "2014-04": {
            "month": "2014-04",
            "price": "38.73",
            "revenue": 88510
        },
        "2014-05": {
            "month": "2014-05",
            "price": "38.24",
            "revenue": 92711
        },
        "2014-06": {
            "month": "2014-06",
            "price": "38.58",
            "revenue": 93891
        },
        "2014-07": {
            "month": "2014-07",
            "price": "39.58",
            "revenue": 75040
        },
        "2014-08": {
            "month": "2014-08",
            "price": "40.88",
            "revenue": 78867
        },
        "2014-09": {
            "month": "2014-09",
            "price": "39.64",
            "revenue": 115953
        },
        "2014-10": {
            "month": "2014-10",
            "price": "39.03",
            "revenue": 144373
        },
        "2014-11": {
            "month": "2014-11",
            "price": "38.98",
            "revenue": 92443
        },
        "2014-12": {
            "month": "2014-12",
            "price": "39.13",
            "revenue": 121027
        },
        "2015-01": {
            "month": "2015-01",
            "price": "39.59",
            "revenue": 82191
        },
        "2015-02": {
            "month": "2015-02",
            "price": "39.72",
            "revenue": 88057
        },
        "2015-03": {
            "month": "2015-03",
            "price": "39.11",
            "revenue": 95582
        },
        "2015-04": {
            "month": "2015-04",
            "price": "38.92",
            "revenue": 95253
        },
        "2015-05": {
            "month": "2015-05",
            "price": "38.98",
            "revenue": 86866
        },
        "2015-06": {
            "month": "2015-06",
            "price": "37.70",
            "revenue": 71109
        },
        "2015-07": {
            "month": "2015-07",
            "price": "38.14",
            "revenue": 83218
        },
        "2015-08": {
            "month": "2015-08",
            "price": "38.16",
            "revenue": 75231
        },
        "2015-09": {
            "month": "2015-09",
            "price": "38.65",
            "revenue": 106974
        },
        "2015-10": {
            "month": "2015-10",
            "price": "38.75",
            "revenue": 130292
        },
        "2015-11": {
            "month": "2015-11",
            "price": "36.59",
            "revenue": 116178
        },
        "2015-12": {
            "month": "2015-12",
            "price": "33.62",
            "revenue": 91018
        },
        "2016-01": {
            "month": "2016-01",
            "price": "35.14",
            "revenue": 96686
        },
        "2016-02": {
            "month": "2016-02",
            "price": "35.57",
            "revenue": 104101
        },
        "2016-03": {
            "month": "2016-03",
            "price": "36.16",
            "revenue": 111404
        },
        "2016-04": {
            "month": "2016-04",
            "price": "36.79",
            "revenue": 86585
        },
        "2016-05": {
            "month": "2016-05",
            "price": "38.60",
            "revenue": 110773
        },
        "2016-06": {
            "month": "2016-06",
            "price": "42.28",
            "revenue": 104427
        },
        "2016-07": {
            "month": "2016-07",
            "price": "43.97",
            "revenue": 95541
        },
        "2016-08": {
            "month": "2016-08",
            "price": "42.62",
            "revenue": 110161
        },
        "2016-09": {
            "month": "2016-09",
            "price": "39.45",
            "revenue": 122262
        },
        "2016-10": {
            "month": "2016-10",
            "price": "39.22",
            "revenue": 153822
        },
        "2016-11": {
            "month": "2016-11",
            "price": "38.90",
            "revenue": 137758
        },
        "2016-12": {
            "month": "2016-12",
            "price": "39.56",
            "revenue": 106055
        },
        "2017-01": {
            "month": "2017-01",
            "price": "40.12",
            "revenue": 129255
        },
        "2017-02": {
            "month": "2017-02",
            "price": "40.63",
            "revenue": 97530
        },
        "2017-03": {
            "month": "2017-03",
            "price": "40.25",
            "revenue": 124514
        },
        "2017-04": {
            "month": "2017-04",
            "price": "41.86",
            "revenue": 105863
        },
        "2017-05": {
            "month": "2017-05",
            "price": "40.26",
            "revenue": 94804
        },
        "2017-06": {
            "month": "2017-06",
            "price": "40.30",
            "revenue": 106233
        },
        "2017-07": {
            "month": "2017-07",
            "price": "41.06",
            "revenue": 111115
        },
        "2017-08": {
            "month": "2017-08",
            "price": "41.14",
            "revenue": 115461
        },
        "2017-09": {
            "month": "2017-09",
            "price": "41.78",
            "revenue": 133261
        },
        "2017-10": {
            "month": "2017-10",
            "price": "40.58",
            "revenue": 152643
        },
        "2017-11": {
            "month": "2017-11",
            "price": "41.73",
            "revenue": 160351
        },
        "2017-12": {
            "month": "2017-12",
            "price": "43.81",
            "revenue": 156920
        },
        "2018-01": {
            "month": "2018-01",
            "price": "44.82",
            "revenue": 109417
        },
        "2018-02": {
            "month": "2018-02",
            "price": "44.50",
            "revenue": 100745
        },
        "2018-03": {
            "month": "2018-03",
            "price": "46.64",
            "revenue": 135464
        },
        "2018-04": {
            "month": "2018-04",
            "price": "47.79",
            "revenue": 137574
        },
        "2018-05": {
            "month": "2018-05",
            "price": "48.06",
            "revenue": 136606
        },
        "2018-06": {
            "month": "2018-06",
            "price": "47.39",
            "revenue": 103465
        },
        "2018-07": {
            "month": "2018-07",
            "price": "44.04",
            "revenue": 102555
        },
        "2018-08": {
            "month": "2018-08",
            "price": "44.65",
            "revenue": 153048
        },
        "2018-09": {
            "month": "2018-09",
            "price": "44.57",
            "revenue": 153430
        },
        "2018-10": {
            "month": "2018-10",
            "price": "41.99",
            "revenue": 162612
        },
        "2018-11": {
            "month": "2018-11",
            "price": "41.63",
            "revenue": 178926
        },
        "2018-12": {
            "month": "2018-12",
            "price": "42.52",
            "revenue": 132139
        },
        "2019-01": {
            "month": "2019-01",
            "price": "42.66",
            "revenue": 125881
        },
        "2019-02": {
            "month": "2019-02",
            "price": "42.47",
            "revenue": 123598
        },
        "2019-03": {
            "month": "2019-03",
            "price": "42.36",
            "revenue": 154998
        },
        "2019-04": {
            "month": "2019-04",
            "price": "42.19",
            "revenue": 146762
        },
        "2019-05": {
            "month": "2019-05",
            "price": "42.42",
            "revenue": 179713
        },
        "2019-06": {
            "month": "2019-06",
            "price": "42.36",
            "revenue": 138297
        },
        "2019-07": {
            "month": "2019-07",
            "price": "41.68",
            "revenue": 126294
        },
        "2019-08": {
            "month": "2019-08",
            "price": "40.59",
            "revenue": 166996
        },
        "2019-09": {
            "month": "2019-09",
            "price": "41.95",
            "revenue": 214712
        },
        "2019-10": {
            "month": "2019-10",
            "price": "42.44",
            "revenue": 264084
        },
        "2019-11": {
            "month": "2019-11",
            "price": "42.28",
            "revenue": 246266
        },
        "2019-12": {
            "month": "2019-12",
            "price": "42.26",
            "revenue": 194686
        },
        "2020-01": {
            "month": "2020-01",
            "price": "41.40",
            "revenue": 163148
        },
        "2020-02": {
            "month": "2020-02",
            "price": "40.29",
            "revenue": 180755
        },
        "2020-03": {
            "month": "2020-03",
            "price": "38.53",
            "revenue": 222376
        },
        "2020-04": {
            "month": "2020-04",
            "price": "38.37",
            "revenue": 162217
        },
        "2020-05": {
            "month": "2020-05",
            "price": "40.37",
            "revenue": 137126
        },
        "2020-06": {
            "month": "2020-06",
            "price": "42.98",
            "revenue": 131116
        },
        "2020-07": {
            "month": "2020-07",
            "price": "45.80",
            "revenue": 112340
        },
        "2020-08": {
            "month": "2020-08",
            "price": "44.94",
            "revenue": 155070
        },
        "2020-09": {
            "month": "2020-09",
            "price": "44.43",
            "revenue": 202648
        },
        "2020-10": {
            "month": "2020-10",
            "price": "43.74",
            "revenue": 220587
        },
        "2020-11": {
            "month": "2020-11",
            "price": "42.81",
            "revenue": 229060
        },
        "2020-12": {
            "month": "2020-12",
            "price": "42.13",
            "revenue": 232948
        },
        "2021-01": {
            "month": "2021-01",
            "price": "41.40",
            "revenue": 192552
        },
        "2021-02": {
            "month": "2021-02",
            "price": "40.66",
            "revenue": 143826
        },
        "2021-03": {
            "month": "2021-03",
            "price": "40.60",
            "revenue": 213510
        },
        "2021-04": {
            "month": "2021-04",
            "price": "41.73",
            "revenue": 244757
        },
        "2021-05": {
            "month": "2021-05",
            "price": "40.17",
            "revenue": 183301
        },
        "2021-06": {
            "month": "2021-06",
            "price": "40.12",
            "revenue": 206225
        },
        "2021-07": {
            "month": "2021-07",
            "price": "41.18",
            "revenue": 166922
        },
        "2021-08": {
            "month": "2021-08",
            "price": "40.75",
            "revenue": 223987
        },
        "2021-09": {
            "month": "2021-09",
            "price": "41.22",
            "revenue": 257212
        },
        "2021-10": {
            "month": "2021-10",
            "price": "41.26",
            "revenue": 334325
        },
        "2021-11": {
            "month": "2021-11",
            "price": "41.98",
            "revenue": 282768
        },
        "2021-12": {
            "month": "2021-12",
            "price": "43.03",
            "revenue": 299528
        },
        "2022-01": {
            "month": "2022-01",
            "price": "42.38",
            "revenue": 260430
        },
        "2022-02": {
            "month": "2022-02",
            "price": "42.52",
            "revenue": 194672
        },
        "2022-03": {
            "month": "2022-03",
            "price": "42.48",
            "revenue": 294277
        },
        "2022-04": {
            "month": "2022-04",
            "price": "42.05",
            "revenue": 259024
        },
        "2022-05": {
            "month": "2022-05",
            "price": "41.75",
            "revenue": 220239
        },
        "2022-06": {
            "month": "2022-06",
            "price": "41.61",
            "revenue": 234378
        },
        "2022-07": {
            "month": "2022-07",
            "price": "40.66",
            "revenue": 270399
        },
        "2022-08": {
            "month": "2022-08",
            "price": "40.62",
            "revenue": 312131
        },
        "2022-09": {
            "month": "2022-09",
            "price": "39.58",
            "revenue": 349765
        },
        "2022-10": {
            "month": "2022-10",
            "price": "38.64",
            "revenue": 357743
        },
        "2022-11": {
            "month": "2022-11",
            "price": "38.23",
            "revenue": 324541
        },
        "2022-12": {
            "month": "2022-12",
            "price": "39.94",
            "revenue": 271690
        },
        "2023-01": {
            "month": "2023-01",
            "price": "40.05",
            "revenue": 264387
        },
        "2023-02": {
            "month": "2023-02",
            "price": "40.77",
            "revenue": 256959
        },
        "2023-03": {
            "month": "2023-03",
            "price": "41.40",
            "revenue": 307556
        },
        "2023-04": {
            "month": "2023-04",
            "price": "40.61",
            "revenue": 239631
        },
        "2023-05": {
            "month": "2023-05",
            "price": "41.05",
            "revenue": 216761
        },
        "2023-06": {
            "month": "2023-06",
            "price": "43.34",
            "revenue": 226608
        },
        "2023-07": {
            "month": "2023-07",
            "price": "43.90",
            "revenue": 216163
        },
        "2023-08": {
            "month": "2023-08",
            "price": "43.56",
            "revenue": 266298
        },
        "2023-09": {
            "month": "2023-09",
            "price": "42.92",
            "revenue": 334093
        },
        "2023-10": {
            "month": "2023-10",
            "price": "43.32",
            "revenue": 327793
        },
        "2023-11": {
            "month": "2023-11",
            "price": "44.51",
            "revenue": 429749
        },
        "2023-12": {
            "month": "2023-12",
            "price": "46.68",
            "revenue": 296946
        }
    }
}
