{
    "summary": {
        "stock_name": "利華",
        "stock_id": "1423",
        "category": "紡織纖維",
        "main_business": "毛條(包括炭化羊毛)之製造及銷售業務<br>其他羊毛之防縮、染整加工業務<br>前列各款所列有關業務之進出口業務",
        "website_url": "http://www.reward.com.tw",
        "ceo": "余美蘭",
        "pe_ratio": 44,
        "report_year_from": 2001,
        "report_year_to": 2023,
        "age": 23,
        "eps_negative_percentage": 43,
        "eps_growth_avg": {
            "last_all": -24.94,
            "last_2y": -36,
            "last_4y": -52,
            "last_8y": -1.33,
            "last_12y": -15.43,
            "last_16y": -20.8,
            "last_20y": -28,
            "at_2006_last_3y": -100,
            "at_2007_last_3y": 100,
            "at_2008_last_3y": 0,
            "at_2009_last_3y": 0,
            "at_2010_last_3y": -33.33,
            "at_2011_last_3y": -100,
            "at_2012_last_3y": -100,
            "at_2013_last_3y": -100,
            "at_2014_last_3y": -100,
            "at_2015_last_3y": -100,
            "at_2016_last_3y": null,
            "at_2017_last_3y": 100,
            "at_2018_last_3y": 100,
            "at_2019_last_3y": 33.33,
            "at_2020_last_3y": 33.33,
            "at_2021_last_3y": -18.88,
            "at_2022_last_3y": -69.33,
            "at_2023_last_3y": -36,
            "at_2024_last_3y": -36,
            "at_2006_last_all": -45.65,
            "at_2007_last_all": 2.9,
            "at_2008_last_all": -22.83,
            "at_2009_last_all": -22.83,
            "at_2010_last_all": -38.26,
            "at_2011_last_all": -38.26,
            "at_2012_last_all": -48.55,
            "at_2013_last_all": -48.55,
            "at_2014_last_all": -48.55,
            "at_2015_last_all": -48.55,
            "at_2016_last_all": -48.55,
            "at_2017_last_all": -27.33,
            "at_2018_last_all": -11.41,
            "at_2019_last_all": -21.26,
            "at_2020_last_all": -21.26,
            "at_2021_last_all": -24.79,
            "at_2022_last_all": -27.21,
            "at_2023_last_all": -24.94,
            "at_2024_last_all": -24.94
        },
        "latest_eps": 0.71,
        "latest_price": 31,
        "latest_roe": 2.39,
        "latest_gross_margin": -7.47,
        "latest_equity": 2862140,
        "latest_revenue": 32910,
        "latest_gross_profit": -2459,
        "latest_net_income": -10628,
        "latest_debt_ratio": 8.99,
        "latest_current_ratio": 1705.19,
        "latest_account_receivable_turnover_ratio": 16.68,
        "latest_inventory_turnover_ratio": 0.16,
        "latest_reinvestment_rate": -23.75,
        "latest_research_to_sale_ratio": null
    },
    "eps_dividends": {
        "1992": {
            "cash": 0,
            "stock": 1.87,
            "eps": 0
        },
        "1993": {
            "cash": 0,
            "stock": 1,
            "eps": 0
        },
        "1994": {
            "cash": 0,
            "stock": 0.5,
            "eps": 0
        },
        "2001": {
            "cash": 0,
            "stock": 0,
            "eps": 0.69
        },
        "2002": {
            "cash": 0,
            "stock": 0,
            "eps": 0.75
        },
        "2003": {
            "cash": 0.5,
            "stock": 0,
            "eps": -0.06
        },
        "2004": {
            "cash": 0,
            "stock": 0,
            "eps": -0.26
        },
        "2005": {
            "cash": 0,
            "stock": 0,
            "eps": -0.23
        },
        "2006": {
            "cash": 0,
            "stock": 0,
            "eps": 0.2
        },
        "2007": {
            "cash": 0,
            "stock": 0,
            "eps": 1.06
        },
        "2008": {
            "cash": 0.5,
            "stock": 0,
            "eps": -1.25
        },
        "2009": {
            "cash": 0,
            "stock": 0,
            "eps": 0.28
        },
        "2010": {
            "cash": 0,
            "stock": 0,
            "eps": -0.09
        },
        "2011": {
            "cash": 0,
            "stock": 0,
            "eps": 0.3
        },
        "2012": {
            "cash": 0,
            "stock": 0,
            "eps": -0.55
        },
        "2013": {
            "cash": 0,
            "stock": 0,
            "eps": -0.01
        },
        "2014": {
            "cash": 0,
            "stock": 0,
            "eps": -0.44
        },
        "2015": {
            "cash": 0,
            "stock": 0,
            "eps": -0.21
        },
        "2016": {
            "cash": 0,
            "stock": 0,
            "eps": 0.03
        },
        "2017": {
            "cash": 0,
            "stock": 0,
            "eps": 0.27
        },
        "2018": {
            "cash": 0,
            "stock": 0,
            "eps": 0.63
        },
        "2019": {
            "cash": 0,
            "stock": 0,
            "eps": -0.26
        },
        "2020": {
            "cash": 0.12,
            "stock": 0,
            "eps": 2.56
        },
        "2021": {
            "cash": 1.8,
            "stock": 0,
            "eps": 1.11
        },
        "2022": {
            "cash": 0.75,
            "stock": 0,
            "eps": 0.54
        },
        "2023": {
            "cash": 0.2,
            "stock": 0,
            "eps": 0.54
        },
        "2024": {
            "cash": 0.6,
            "stock": 0,
            "eps": 0
        }
    },
    "dividends": {
        "1992-04-10": {
            "cash": 0,
            "stock": 1.87
        },
        "1993-04-23": {
            "cash": 0,
            "stock": 1
        },
        "1994-04-21": {
            "cash": 0,
            "stock": 0.5
        },
        "2003-02-25": {
            "cash": 0.5,
            "stock": 0
        },
        "2008-03-27": {
            "cash": 0.5,
            "stock": 0
        },
        "2020-08-18": {
            "cash": 0.12,
            "stock": 0
        },
        "2021-09-15": {
            "cash": 1.8,
            "stock": 0
        },
        "2022-08-05": {
            "cash": 0.75,
            "stock": 0
        },
        "2023-07-13": {
            "cash": 0.2,
            "stock": 0
        },
        "2024-03-12": {
            "cash": 0.6,
            "stock": 0
        }
    },
    "prices": {
        "200101": "3.94",
        "200102": "4.33",
        "200103": "4.49",
        "200104": "4.23",
        "200105": "3.91",
        "200106": "4.74",
        "200107": "4.99",
        "200108": "5.51",
        "200109": "5.61",
        "200110": "5.27",
        "200111": "5.42",
        "200112": "6.00",
        "200201": "6.21",
        "200202": "7.18",
        "200203": "8.19",
        "200204": "8.06",
        "200205": "7.12",
        "200206": "8.02",
        "200207": "7.80",
        "200208": "6.61",
        "200209": "5.14",
        "200210": "4.82",
        "200211": "6.60",
        "200212": "6.97",
        "200301": "9.21",
        "200302": "8.11",
        "200303": "7.73",
        "200304": "7.69",
        "200305": "7.03",
        "200306": "7.64",
        "200307": "7.74",
        "200308": "7.51",
        "200309": "7.49",
        "200310": "7.92",
        "200311": "7.71",
        "200312": "7.47",
        "200401": "8.43",
        "200402": "8.97",
        "200403": "8.25",
        "200404": "7.52",
        "200405": "5.99",
        "200406": "5.85",
        "200407": "5.60",
        "200408": "5.38",
        "200409": "5.79",
        "200410": "5.86",
        "200411": "5.68",
        "200412": "5.82",
        "200501": "6.09",
        "200502": "5.62",
        "200503": "5.28",
        "200504": "4.49",
        "200505": "4.13",
        "200506": "4.67",
        "200507": "4.61",
        "200508": "4.34",
        "200509": "4.12",
        "200510": "4.03",
        "200511": "3.96",
        "200512": "4.13",
        "200601": "4.14",
        "200602": "3.94",
        "200603": "3.58",
        "200604": "3.91",
        "200605": "5.04",
        "200606": "4.48",
        "200607": "5.48",
        "200608": "5.67",
        "200609": "5.91",
        "200610": "6.07",
        "200611": "7.13",
        "200612": "7.93",
        "200701": "7.89",
        "200702": "7.84",
        "200703": "8.17",
        "200704": "8.88",
        "200705": "9.09",
        "200706": "9.10",
        "200707": "10.25",
        "200708": "9.46",
        "200709": "11.60",
        "200710": "11.04",
        "200711": "9.97",
        "200712": "8.88",
        "200801": "9.03",
        "200802": "9.56",
        "200803": "10.71",
        "200804": "10.85",
        "200805": "10.27",
        "200806": "8.70",
        "200807": "6.93",
        "200808": "6.46",
        "200809": "5.22",
        "200810": "4.09",
        "200811": "3.69",
        "200812": "3.75",
        "200901": "3.70",
        "200902": "3.45",
        "200903": "3.99",
        "200904": "5.13",
        "200905": "5.59",
        "200906": "5.48",
        "200907": "5.56",
        "200908": "5.75",
        "200909": "6.16",
        "200910": "7.01",
        "200911": "7.25",
        "200912": "7.75",
        "201001": "8.49",
        "201002": "7.57",
        "201003": "7.79",
        "201004": "8.44",
        "201005": "8.05",
        "201006": "7.89",
        "201007": "7.76",
        "201008": "8.43",
        "201009": "8.11",
        "201010": "8.87",
        "201011": "8.67",
        "201012": "8.74",
        "201101": "8.92",
        "201102": "8.79",
        "201103": "8.21",
        "201104": "8.44",
        "201105": "8.81",
        "201106": "8.92",
        "201107": "9.07",
        "201108": "8.35",
        "201109": "8.28",
        "201110": "7.75",
        "201111": "7.62",
        "201112": "7.23",
        "201201": "7.24",
        "201202": "8.05",
        "201203": "8.09",
        "201204": "7.44",
        "201205": "7.16",
        "201206": "6.98",
        "201207": "6.86",
        "201208": "7.12",
        "201209": "7.43",
        "201210": "7.29",
        "201211": "6.74",
        "201212": "6.92",
        "201301": "7.10",
        "201302": "7.03",
        "201303": "7.00",
        "201304": "6.93",
        "201305": "7.12",
        "201306": "7.18",
        "201307": "7.22",
        "201308": "7.17",
        "201309": "7.21",
        "201310": "8.26",
        "201311": "7.85",
        "201312": "8.08",
        "201401": "8.19",
        "201402": "8.13",
        "201403": "8.06",
        "201404": "7.96",
        "201405": "7.52",
        "201406": "7.59",
        "201407": "7.88",
        "201408": "7.83",
        "201409": "7.83",
        "201410": "7.79",
        "201411": "7.66",
        "201412": "7.97",
        "201501": "7.98",
        "201502": "7.91",
        "201503": "7.88",
        "201504": "8.06",
        "201505": "7.97",
        "201506": "7.82",
        "201507": "7.49",
        "201508": "6.74",
        "201509": "6.76",
        "201510": "7.13",
        "201511": "7.13",
        "201512": "6.99",
        "201601": "6.70",
        "201602": "6.62",
        "201603": "6.77",
        "201604": "6.73",
        "201605": "6.51",
        "201606": "6.32",
        "201607": "6.41",
        "201608": "6.62",
        "201609": "6.67",
        "201610": "6.56",
        "201611": "6.62",
        "201612": "6.86",
        "201701": "6.82",
        "201702": "7.47",
        "201703": "7.47",
        "201704": "7.04",
        "201705": "6.98",
        "201706": "7.05",
        "201707": "7.09",
        "201708": "7.15",
        "201709": "7.43",
        "201710": "7.59",
        "201711": "7.78",
        "201712": "8.26",
        "201801": "8.64",
        "201802": "8.22",
        "201803": "8.66",
        "201804": "10.63",
        "201805": "10.19",
        "201806": "10.06",
        "201807": "9.72",
        "201808": "10.33",
        "201809": "10.21",
        "201810": "10.36",
        "201811": "10.51",
        "201812": "10.42",
        "201901": "10.31",
        "201902": "10.32",
        "201903": "10.30",
        "201904": "10.09",
        "201905": "10.11",
        "201906": "10.38",
        "201907": "10.26",
        "201908": "10.35",
        "201909": "10.56",
        "201910": "10.58",
        "201911": "10.43",
        "201912": "10.36",
        "202001": "10.30",
        "202002": "10.19",
        "202003": "9.69",
        "202004": "10.31",
        "202005": "10.85",
        "202006": "12.46",
        "202007": "13.82",
        "202008": "14.31",
        "202009": "14.40",
        "202010": "14.73",
        "202011": "15.51",
        "202012": "15.42",
        "202101": "17.18",
        "202102": "17.32",
        "202103": "20.54",
        "202104": "21.95",
        "202105": "21.27",
        "202106": "21.74",
        "202107": "21.73",
        "202108": "20.10",
        "202109": "18.18",
        "202110": "17.50",
        "202111": "18.74",
        "202112": "19.81",
        "202201": "19.71",
        "202202": "19.78",
        "202203": "19.82",
        "202204": "19.80",
        "202205": "19.48",
        "202206": "19.55",
        "202207": "19.05",
        "202208": "18.95",
        "202209": "19.40",
        "202210": "19.32",
        "202211": "20.49",
        "202212": "20.04",
        "202301": "20.10",
        "202302": "20.42",
        "202303": "20.57",
        "202304": "21.03",
        "202305": "23.03",
        "202306": "23.28",
        "202307": "23.81",
        "202308": "23.64",
        "202309": "23.63",
        "202310": "26.78",
        "202311": "30.47",
        "202312": "31.10",
        "202401": "30.82",
        "202402": "30.93",
        "202403": "31.06"
    },
    "quarters": {
        "20011": {
            "year_quarter": 20011,
            "year": 2001,
            "quarter": 1,
            "eps": 0.12,
            "eps_growth_year": null,
            "eps_4q": 0.55,
            "eps_4q_growth_year": 79.9,
            "roe": 0.98,
            "roe_4q": 0.98,
            "gross_profit": 49725,
            "gross_margin": 8.93,
            "gross_margin_4q_avg": 8.93,
            "net_income": 21219,
            "net_income_4q": null,
            "revenue": 556912,
            "revenue_4q": null,
            "common_shares": 1793000,
            "book_valuer_per_share": 12.16,
            "book_valuer_per_share_4q_avg": 12.16,
            "equity": 2180773,
            "current_ratio": 288.04,
            "debt_ratio": 32.61,
            "inventory_turnover_ratio": 0.42,
            "account_receivable_turnover_ratio": null,
            "reinvestment_rate": null,
            "research_to_sale_ratio": null,
            "price_fair": 0,
            "eps_avg_yearly": 0,
            "eps_latest_yearly": 0,
            "eps_growth_yearly": 0
        },
        "20012": {
            "year_quarter": 20012,
            "year": 2001,
            "quarter": 2,
            "eps": 0.31,
            "eps_growth_year": 72.22,
            "eps_4q": 0.66,
            "eps_4q_growth_year": 225.71,
            "roe": 2.53,
            "roe_4q": 3.51,
            "gross_profit": 91771,
            "gross_margin": 11.52,
            "gross_margin_4q_avg": 10.23,
            "net_income": 56121,
            "net_income_4q": null,
            "revenue": 796276,
            "revenue_4q": null,
            "common_shares": 1793000,
            "book_valuer_per_share": 12.57,
            "book_valuer_per_share_4q_avg": 12.37,
            "equity": 2254633,
            "current_ratio": 325.75,
            "debt_ratio": 30.98,
            "inventory_turnover_ratio": 0.66,
            "account_receivable_turnover_ratio": null,
            "reinvestment_rate": null,
            "research_to_sale_ratio": null,
            "price_fair": 0,
            "eps_avg_yearly": 0,
            "eps_latest_yearly": 0,
            "eps_growth_yearly": 0
        },
        "20013": {
            "year_quarter": 20013,
            "year": 2001,
            "quarter": 3,
            "eps": 0.25,
            "eps_growth_year": 150,
            "eps_4q": 0.84,
            "eps_4q_growth_year": 127.23,
            "roe": 1.93,
            "roe_4q": 5.4399999999999995,
            "gross_profit": 76175,
            "gross_margin": 12,
            "gross_margin_4q_avg": 10.82,
            "net_income": 43946,
            "net_income_4q": null,
            "revenue": 634540,
            "revenue_4q": null,
            "common_shares": 1793000,
            "book_valuer_per_share": 12.84,
            "book_valuer_per_share_4q_avg": 12.52,
            "equity": 2302568,
            "current_ratio": 475.14,
            "debt_ratio": 25.42,
            "inventory_turnover_ratio": 0.66,
            "account_receivable_turnover_ratio": null,
            "reinvestment_rate": null,
            "research_to_sale_ratio": null,
            "price_fair": 0,
            "eps_avg_yearly": 0,
            "eps_latest_yearly": 0,
            "eps_growth_yearly": 0
        },
        "20014": {
            "year_quarter": 20014,
            "year": 2001,
            "quarter": 4,
            "eps": 0.01,
            "eps_growth_year": -92.86,
            "eps_4q": 0.69,
            "eps_4q_growth_year": 96.91,
            "roe": 0.1,
            "roe_4q": 5.539999999999999,
            "gross_profit": 25838,
            "gross_margin": 5.15,
            "gross_margin_4q_avg": 9.4,
            "net_income": 2386,
            "net_income_4q": null,
            "revenue": 501683,
            "revenue_4q": null,
            "common_shares": 1793000,
            "book_valuer_per_share": 12.87,
            "book_valuer_per_share_4q_avg": 12.61,
            "equity": 2306941,
            "current_ratio": 605.6,
            "debt_ratio": 22.82,
            "inventory_turnover_ratio": 0.57,
            "account_receivable_turnover_ratio": null,
            "reinvestment_rate": null,
            "research_to_sale_ratio": null,
            "price_fair": 0,
            "eps_avg_yearly": 0,
            "eps_latest_yearly": 0,
            "eps_growth_yearly": 0
        },
        "20021": {
            "year_quarter": 20021,
            "year": 2002,
            "quarter": 1,
            "eps": 0.18,
            "eps_growth_year": 50,
            "eps_4q": 0.75,
            "eps_4q_growth_year": 36.87,
            "roe": 1.4,
            "roe_4q": 5.959999999999999,
            "gross_profit": 70823,
            "gross_margin": 10.38,
            "gross_margin_4q_avg": 9.76,
            "net_income": 32585,
            "net_income_4q": null,
            "revenue": 682310,
            "revenue_4q": null,
            "common_shares": 1793000,
            "book_valuer_per_share": 13.09,
            "book_valuer_per_share_4q_avg": 12.84,
            "equity": 2347839,
            "current_ratio": 602.47,
            "debt_ratio": 22.85,
            "inventory_turnover_ratio": 0.67,
            "account_receivable_turnover_ratio": null,
            "reinvestment_rate": null,
            "research_to_sale_ratio": null,
            "price_fair": 25.2,
            "eps_avg_yearly": 0.72,
            "eps_latest_yearly": 0.72,
            "eps_growth_yearly": 6800
        },
        "20022": {
            "year_quarter": 20022,
            "year": 2002,
            "quarter": 2,
            "eps": 0.11,
            "eps_growth_year": -64.52,
            "eps_4q": 0.57,
            "eps_4q_growth_year": -14.13,
            "roe": 0.8,
            "roe_4q": 4.23,
            "gross_profit": 67991,
            "gross_margin": 10.19,
            "gross_margin_4q_avg": 9.43,
            "net_income": 18893,
            "net_income_4q": null,
            "revenue": 667504,
            "revenue_4q": null,
            "common_shares": 1793000,
            "book_valuer_per_share": 13.11,
            "book_valuer_per_share_4q_avg": 12.98,
            "equity": 2351064,
            "current_ratio": 772.1,
            "debt_ratio": 21.6,
            "inventory_turnover_ratio": 0.66,
            "account_receivable_turnover_ratio": null,
            "reinvestment_rate": null,
            "research_to_sale_ratio": null,
            "price_fair": 20.3,
            "eps_avg_yearly": 0.58,
            "eps_latest_yearly": 0.44,
            "eps_growth_yearly": 3322.22
        },
        "20023": {
            "year_quarter": 20023,
            "year": 2002,
            "quarter": 3,
            "eps": 0.07,
            "eps_growth_year": -72,
            "eps_4q": 0.39,
            "eps_4q_growth_year": -53.53,
            "roe": 0.5,
            "roe_4q": 2.8000000000000003,
            "gross_profit": 28954,
            "gross_margin": 5.7,
            "gross_margin_4q_avg": 7.86,
            "net_income": 11855,
            "net_income_4q": null,
            "revenue": 508229,
            "revenue_4q": null,
            "common_shares": 1793000,
            "book_valuer_per_share": 13.26,
            "book_valuer_per_share_4q_avg": 13.08,
            "equity": 2377483,
            "current_ratio": 541.69,
            "debt_ratio": 23.92,
            "inventory_turnover_ratio": 0.52,
            "account_receivable_turnover_ratio": null,
            "reinvestment_rate": null,
            "research_to_sale_ratio": null,
            "price_fair": 16.8,
            "eps_avg_yearly": 0.48,
            "eps_latest_yearly": 0.28,
            "eps_growth_yearly": 2166.33
        },
        "20024": {
            "year_quarter": 20024,
            "year": 2002,
            "quarter": 4,
            "eps": 0.39,
            "eps_growth_year": 3800,
            "eps_4q": 0.74,
            "eps_4q_growth_year": 7.24,
            "roe": 2.93,
            "roe_4q": 5.630000000000001,
            "gross_profit": 79863,
            "gross_margin": 11.71,
            "gross_margin_4q_avg": 9.5,
            "net_income": 70574,
            "net_income_4q": null,
            "revenue": 682037,
            "revenue_4q": null,
            "common_shares": 1793000,
            "book_valuer_per_share": 13.64,
            "book_valuer_per_share_4q_avg": 13.28,
            "equity": 2446447,
            "current_ratio": 295.87,
            "debt_ratio": 31.18,
            "inventory_turnover_ratio": 0.49,
            "account_receivable_turnover_ratio": null,
            "reinvestment_rate": -72.01,
            "research_to_sale_ratio": null,
            "price_fair": 26.25,
            "eps_avg_yearly": 0.75,
            "eps_latest_yearly": 1.56,
            "eps_growth_yearly": 2081.89
        },
        "20031": {
            "year_quarter": 20031,
            "year": 2003,
            "quarter": 1,
            "eps": 0.23,
            "eps_growth_year": 27.78,
            "eps_4q": 0.79,
            "eps_4q_growth_year": 6.48,
            "roe": 1.67,
            "roe_4q": 5.8999999999999995,
            "gross_profit": 68018,
            "gross_margin": 10.36,
            "gross_margin_4q_avg": 9.49,
            "net_income": 41300,
            "net_income_4q": null,
            "revenue": 656709,
            "revenue_4q": null,
            "common_shares": 1793000,
            "book_valuer_per_share": 13.87,
            "book_valuer_per_share_4q_avg": 13.47,
            "equity": 2487762,
            "current_ratio": 286.67,
            "debt_ratio": 32.05,
            "inventory_turnover_ratio": 0.37,
            "account_receivable_turnover_ratio": null,
            "reinvestment_rate": -61.41,
            "research_to_sale_ratio": null,
            "price_fair": 27.44,
            "eps_avg_yearly": 0.78,
            "eps_latest_yearly": 0.92,
            "eps_growth_yearly": 1632.69
        },
        "20032": {
            "year_quarter": 20032,
            "year": 2003,
            "quarter": 2,
            "eps": 0.05,
            "eps_growth_year": -54.55,
            "eps_4q": 0.69,
            "eps_4q_growth_year": 20.5,
            "roe": 0.4,
            "roe_4q": 5.5,
            "gross_profit": 22400,
            "gross_margin": 4.43,
            "gross_margin_4q_avg": 8.05,
            "net_income": 9724,
            "net_income_4q": null,
            "revenue": 505552,
            "revenue_4q": null,
            "common_shares": 1793000,
            "book_valuer_per_share": 13.37,
            "book_valuer_per_share_4q_avg": 13.54,
            "equity": 2397253,
            "current_ratio": 323.01,
            "debt_ratio": 29.99,
            "inventory_turnover_ratio": 0.3,
            "account_receivable_turnover_ratio": null,
            "reinvestment_rate": -65.56,
            "research_to_sale_ratio": null,
            "price_fair": 24.03,
            "eps_avg_yearly": 0.69,
            "eps_latest_yearly": 0.2,
            "eps_growth_yearly": 1308.4
        },
        "20033": {
            "year_quarter": 20033,
            "year": 2003,
            "quarter": 3,
            "eps": -0.11,
            "eps_growth_year": -257.14,
            "eps_4q": 0.57,
            "eps_4q_growth_year": 45.65,
            "roe": -0.85,
            "roe_4q": 4.15,
            "gross_profit": -16527,
            "gross_margin": -3.34,
            "gross_margin_4q_avg": 5.79,
            "net_income": -20260,
            "net_income_4q": null,
            "revenue": 495325,
            "revenue_4q": null,
            "common_shares": 1793000,
            "book_valuer_per_share": 13.21,
            "book_valuer_per_share_4q_avg": 13.52,
            "equity": 2367735,
            "current_ratio": 455.96,
            "debt_ratio": 25.62,
            "inventory_turnover_ratio": 0.35,
            "account_receivable_turnover_ratio": null,
            "reinvestment_rate": -66.04,
            "research_to_sale_ratio": null,
            "price_fair": 24.03,
            "eps_avg_yearly": 0.69,
            "eps_latest_yearly": 0.2,
            "eps_growth_yearly": 1308.4
        },
        "20034": {
            "year_quarter": 20034,
            "year": 2003,
            "quarter": 4,
            "eps": -0.23,
            "eps_growth_year": -158.97,
            "eps_4q": -0.06,
            "eps_4q_growth_year": -108.11,
            "roe": -1.74,
            "roe_4q": -0.52,
            "gross_profit": -29111,
            "gross_margin": -5.15,
            "gross_margin_4q_avg": 1.58,
            "net_income": -40915,
            "net_income_4q": null,
            "revenue": 565116,
            "revenue_4q": null,
            "common_shares": 1793000,
            "book_valuer_per_share": 12.99,
            "book_valuer_per_share_4q_avg": 13.36,
            "equity": 2329185,
            "current_ratio": 295.36,
            "debt_ratio": 32.08,
            "inventory_turnover_ratio": 0.41,
            "account_receivable_turnover_ratio": null,
            "reinvestment_rate": -78.97,
            "research_to_sale_ratio": null,
            "price_fair": 24.03,
            "eps_avg_yearly": 0.69,
            "eps_latest_yearly": 0.2,
            "eps_growth_yearly": 1308.4
        },
        "20041": {
            "year_quarter": 20041,
            "year": 2004,
            "quarter": 1,
            "eps": -0.06,
            "eps_growth_year": -126.09,
            "eps_4q": -0.34,
            "eps_4q_growth_year": -143.04,
            "roe": -0.47,
            "roe_4q": -2.66,
            "gross_profit": -3530,
            "gross_margin": -0.58,
            "gross_margin_4q_avg": -1.16,
            "net_income": -10952,
            "net_income_4q": null,
            "revenue": 606129,
            "revenue_4q": null,
            "common_shares": 1793000,
            "book_valuer_per_share": 12.87,
            "book_valuer_per_share_4q_avg": 13.11,
            "equity": 2307994,
            "current_ratio": 280.12,
            "debt_ratio": 33.4,
            "inventory_turnover_ratio": 0.4,
            "account_receivable_turnover_ratio": null,
            "reinvestment_rate": -78.38,
            "research_to_sale_ratio": null,
            "price_fair": 24.03,
            "eps_avg_yearly": 0.69,
            "eps_latest_yearly": 0.2,
            "eps_growth_yearly": 1308.4
        },
        "20042": {
            "year_quarter": 20042,
            "year": 2004,
            "quarter": 2,
            "eps": -0.28,
            "eps_growth_year": -660,
            "eps_4q": -0.68,
            "eps_4q_growth_year": -198.82,
            "roe": -2.16,
            "roe_4q": -5.22,
            "gross_profit": 307,
            "gross_margin": 0.04,
            "gross_margin_4q_avg": -2.26,
            "net_income": -49455,
            "net_income_4q": null,
            "revenue": 800560,
            "revenue_4q": null,
            "common_shares": 1793000,
            "book_valuer_per_share": 12.64,
            "book_valuer_per_share_4q_avg": 12.93,
            "equity": 2265636,
            "current_ratio": 366.21,
            "debt_ratio": 28.85,
            "inventory_turnover_ratio": 0.61,
            "account_receivable_turnover_ratio": null,
            "reinvestment_rate": -102.25,
            "research_to_sale_ratio": null,
            "price_fair": 24.03,
            "eps_avg_yearly": 0.69,
            "eps_latest_yearly": 0.2,
            "eps_growth_yearly": 1308.4
        },
        "20043": {
            "year_quarter": 20043,
            "year": 2004,
            "quarter": 3,
            "eps": 0.13,
            "eps_growth_year": null,
            "eps_4q": -0.44,
            "eps_4q_growth_year": -177.18,
            "roe": 1.02,
            "roe_4q": -3.35,
            "gross_profit": 19980,
            "gross_margin": 3.18,
            "gross_margin_4q_avg": -0.63,
            "net_income": 23262,
            "net_income_4q": null,
            "revenue": 627642,
            "revenue_4q": null,
            "common_shares": 1793000,
            "book_valuer_per_share": 12.77,
            "book_valuer_per_share_4q_avg": 12.82,
            "equity": 2290535,
            "current_ratio": 702.64,
            "debt_ratio": 22.69,
            "inventory_turnover_ratio": 0.52,
            "account_receivable_turnover_ratio": null,
            "reinvestment_rate": -100.8,
            "research_to_sale_ratio": null,
            "price_fair": 24.03,
            "eps_avg_yearly": 0.69,
            "eps_latest_yearly": 0.2,
            "eps_growth_yearly": 1308.4
        },
        "20044": {
            "year_quarter": 20044,
            "year": 2004,
            "quarter": 4,
            "eps": -0.05,
            "eps_growth_year": null,
            "eps_4q": -0.26,
            "eps_4q_growth_year": null,
            "roe": -0.42,
            "roe_4q": -2.0300000000000002,
            "gross_profit": 3835,
            "gross_margin": 0.72,
            "gross_margin_4q_avg": 0.84,
            "net_income": -9509,
            "net_income_4q": null,
            "revenue": 529757,
            "revenue_4q": null,
            "common_shares": 1793000,
            "book_valuer_per_share": 12.59,
            "book_valuer_per_share_4q_avg": 12.72,
            "equity": 2257446,
            "current_ratio": 448.16,
            "debt_ratio": 26.97,
            "inventory_turnover_ratio": 0.42,
            "account_receivable_turnover_ratio": null,
            "reinvestment_rate": -115.6,
            "research_to_sale_ratio": null,
            "price_fair": 24.03,
            "eps_avg_yearly": 0.69,
            "eps_latest_yearly": 0.2,
            "eps_growth_yearly": 1308.4
        },
        "20051": {
            "year_quarter": 20051,
            "year": 2005,
            "quarter": 1,
            "eps": -0.25,
            "eps_growth_year": null,
            "eps_4q": -0.45,
            "eps_4q_growth_year": null,
            "roe": -1.95,
            "roe_4q": -3.5100000000000002,
            "gross_profit": -2299,
            "gross_margin": -0.48,
            "gross_margin_4q_avg": 0.87,
            "net_income": -44966,
            "net_income_4q": null,
            "revenue": 483218,
            "revenue_4q": null,
            "common_shares": 1793000,
            "book_valuer_per_share": 13.18,
            "book_valuer_per_share_4q_avg": 12.8,
            "equity": 2363127,
            "current_ratio": 496.92,
            "debt_ratio": 21.03,
            "inventory_turnover_ratio": 0.38,
            "account_receivable_turnover_ratio": null,
            "reinvestment_rate": -169.55,
            "research_to_sale_ratio": null,
            "price_fair": 24.03,
            "eps_avg_yearly": 0.69,
            "eps_latest_yearly": 0.2,
            "eps_growth_yearly": 1308.4
        },
        "20052": {
            "year_quarter": 20052,
            "year": 2005,
            "quarter": 2,
            "eps": -0.02,
            "eps_growth_year": null,
            "eps_4q": -0.19,
            "eps_4q_growth_year": null,
            "roe": -0.15,
            "roe_4q": -1.5,
            "gross_profit": -6446,
            "gross_margin": -1,
            "gross_margin_4q_avg": 0.61,
            "net_income": -3581,
            "net_income_4q": null,
            "revenue": 645889,
            "revenue_4q": null,
            "common_shares": 1793000,
            "book_valuer_per_share": 13.17,
            "book_valuer_per_share_4q_avg": 12.93,
            "equity": 2361038,
            "current_ratio": 1516.07,
            "debt_ratio": 14.83,
            "inventory_turnover_ratio": 0.61,
            "account_receivable_turnover_ratio": null,
            "reinvestment_rate": -298.88,
            "research_to_sale_ratio": null,
            "price_fair": 24.03,
            "eps_avg_yearly": 0.69,
            "eps_latest_yearly": 0.2,
            "eps_growth_yearly": 1308.4
        },
        "20053": {
            "year_quarter": 20053,
            "year": 2005,
            "quarter": 3,
            "eps": 0.03,
            "eps_growth_year": -76.92,
            "eps_4q": -0.27,
            "eps_4q_growth_year": null,
            "roe": 0.25,
            "roe_4q": -2.27,
            "gross_profit": 1019,
            "gross_margin": 0.19,
            "gross_margin_4q_avg": -0.14,
            "net_income": 5828,
            "net_income_4q": null,
            "revenue": 526206,
            "revenue_4q": null,
            "common_shares": 1793000,
            "book_valuer_per_share": 13.35,
            "book_valuer_per_share_4q_avg": 13.07,
            "equity": 2394509,
            "current_ratio": 2765.03,
            "debt_ratio": 13.51,
            "inventory_turnover_ratio": 0.6,
            "account_receivable_turnover_ratio": null,
            "reinvestment_rate": -581.32,
            "research_to_sale_ratio": null,
            "price_fair": 24.03,
            "eps_avg_yearly": 0.69,
            "eps_latest_yearly": 0.2,
            "eps_growth_yearly": 1308.4
        },
        "20054": {
            "year_quarter": 20054,
            "year": 2005,
            "quarter": 4,
            "eps": 0.01,
            "eps_growth_year": null,
            "eps_4q": -0.22,
            "eps_4q_growth_year": null,
            "roe": 0.1,
            "roe_4q": -1.75,
            "gross_profit": 6524,
            "gross_margin": 1.59,
            "gross_margin_4q_avg": 0.08,
            "net_income": 2444,
            "net_income_4q": null,
            "revenue": 409050,
            "revenue_4q": null,
            "common_shares": 1793000,
            "book_valuer_per_share": 13.35,
            "book_valuer_per_share_4q_avg": 13.26,
            "equity": 2393859,
            "current_ratio": 2993.32,
            "debt_ratio": 12.47,
            "inventory_turnover_ratio": 0.48,
            "account_receivable_turnover_ratio": null,
            "reinvestment_rate": -572.58,
            "research_to_sale_ratio": null,
            "price_fair": 20.8,
            "eps_avg_yearly": 0.59,
            "eps_latest_yearly": 0.04,
            "eps_growth_yearly": 1083.39
        },
        "20061": {
            "year_quarter": 20061,
            "year": 2006,
            "quarter": 1,
            "eps": 0.12,
            "eps_growth_year": null,
            "eps_4q": 0.15,
            "eps_4q_growth_year": null,
            "roe": 0.9,
            "roe_4q": 1.1,
            "gross_profit": 968,
            "gross_margin": 0.2,
            "gross_margin_4q_avg": 0.25,
            "net_income": 21662,
            "net_income_4q": null,
            "revenue": 494574,
            "revenue_4q": null,
            "common_shares": 1793000,
            "book_valuer_per_share": 13.46,
            "book_valuer_per_share_4q_avg": 13.33,
            "equity": 2412674,
            "current_ratio": 2209.31,
            "debt_ratio": 12.99,
            "inventory_turnover_ratio": 0.59,
            "account_receivable_turnover_ratio": null,
            "reinvestment_rate": -763.92,
            "research_to_sale_ratio": null,
            "price_fair": 19.6,
            "eps_avg_yearly": 0.56,
            "eps_latest_yearly": 0.48,
            "eps_growth_yearly": 740.54
        },
        "20062": {
            "year_quarter": 20062,
            "year": 2006,
            "quarter": 2,
            "eps": 0.12,
            "eps_growth_year": null,
            "eps_4q": 0.29,
            "eps_4q_growth_year": null,
            "roe": 0.88,
            "roe_4q": 2.13,
            "gross_profit": 36206,
            "gross_margin": 5.95,
            "gross_margin_4q_avg": 1.98,
            "net_income": 21304,
            "net_income_4q": null,
            "revenue": 608708,
            "revenue_4q": null,
            "common_shares": 1793000,
            "book_valuer_per_share": 13.58,
            "book_valuer_per_share_4q_avg": 13.44,
            "equity": 2435150,
            "current_ratio": 1984.33,
            "debt_ratio": 13.19,
            "inventory_turnover_ratio": 0.76,
            "account_receivable_turnover_ratio": null,
            "reinvestment_rate": -616.54,
            "research_to_sale_ratio": null,
            "price_fair": 19.8,
            "eps_avg_yearly": 0.57,
            "eps_latest_yearly": 0.48,
            "eps_growth_yearly": 762.76
        },
        "20063": {
            "year_quarter": 20063,
            "year": 2006,
            "quarter": 3,
            "eps": 0.18,
            "eps_growth_year": 500,
            "eps_4q": 0.44,
            "eps_4q_growth_year": null,
            "roe": 1.28,
            "roe_4q": 3.16,
            "gross_profit": 38095,
            "gross_margin": 7.48,
            "gross_margin_4q_avg": 3.81,
            "net_income": 31406,
            "net_income_4q": null,
            "revenue": 509612,
            "revenue_4q": null,
            "common_shares": 1793000,
            "book_valuer_per_share": 13.83,
            "book_valuer_per_share_4q_avg": 13.56,
            "equity": 2479403,
            "current_ratio": 2342.48,
            "debt_ratio": 12.75,
            "inventory_turnover_ratio": 0.73,
            "account_receivable_turnover_ratio": null,
            "reinvestment_rate": -312.51,
            "research_to_sale_ratio": null,
            "price_fair": 22,
            "eps_avg_yearly": 0.63,
            "eps_latest_yearly": 0.72,
            "eps_growth_yearly": 812.11
        },
        "20064": {
            "year_quarter": 20064,
            "year": 2006,
            "quarter": 4,
            "eps": -0.22,
            "eps_growth_year": -2300,
            "eps_4q": 0.2,
            "eps_4q_growth_year": null,
            "roe": -1.57,
            "roe_4q": 1.49,
            "gross_profit": 43090,
            "gross_margin": 8.78,
            "gross_margin_4q_avg": 5.6,
            "net_income": -38654,
            "net_income_4q": null,
            "revenue": 490496,
            "revenue_4q": null,
            "common_shares": 1793000,
            "book_valuer_per_share": 13.61,
            "book_valuer_per_share_4q_avg": 13.62,
            "equity": 2440963,
            "current_ratio": 1789.1,
            "debt_ratio": 13.27,
            "inventory_turnover_ratio": 0.71,
            "account_receivable_turnover_ratio": null,
            "reinvestment_rate": null,
            "research_to_sale_ratio": null,
            "price_fair": 16.57,
            "eps_avg_yearly": 0.47,
            "eps_latest_yearly": 0.72,
            "eps_growth_yearly": 642.7
        },
        "20071": {
            "year_quarter": 20071,
            "year": 2007,
            "quarter": 1,
            "eps": 0.28,
            "eps_growth_year": 133.33,
            "eps_4q": 0.36,
            "eps_4q_growth_year": 146.39,
            "roe": 2,
            "roe_4q": 2.59,
            "gross_profit": 62872,
            "gross_margin": 10.31,
            "gross_margin_4q_avg": 8.13,
            "net_income": 49387,
            "net_income_4q": null,
            "revenue": 609539,
            "revenue_4q": null,
            "common_shares": 1793000,
            "book_valuer_per_share": 13.95,
            "book_valuer_per_share_4q_avg": 13.74,
            "equity": 2501109,
            "current_ratio": 3847.27,
            "debt_ratio": 12.86,
            "inventory_turnover_ratio": 0.83,
            "account_receivable_turnover_ratio": null,
            "reinvestment_rate": null,
            "research_to_sale_ratio": null,
            "price_fair": 13.44,
            "eps_avg_yearly": 0.38,
            "eps_latest_yearly": 0.72,
            "eps_growth_yearly": 804.06
        },
        "20072": {
            "year_quarter": 20072,
            "year": 2007,
            "quarter": 2,
            "eps": 0.48,
            "eps_growth_year": 300,
            "eps_4q": 0.71,
            "eps_4q_growth_year": 147.49,
            "roe": 3.39,
            "roe_4q": 5.1000000000000005,
            "gross_profit": 74780,
            "gross_margin": 11.05,
            "gross_margin_4q_avg": 9.41,
            "net_income": 86333,
            "net_income_4q": null,
            "revenue": 676834,
            "revenue_4q": null,
            "common_shares": 1793000,
            "book_valuer_per_share": 14.46,
            "book_valuer_per_share_4q_avg": 13.96,
            "equity": 2592653,
            "current_ratio": 3051.87,
            "debt_ratio": 11.99,
            "inventory_turnover_ratio": 0.83,
            "account_receivable_turnover_ratio": null,
            "reinvestment_rate": -2570.33,
            "research_to_sale_ratio": null,
            "price_fair": 25.48,
            "eps_avg_yearly": 0.73,
            "eps_latest_yearly": 1.92,
            "eps_growth_yearly": 923.81
        },
        "20073": {
            "year_quarter": 20073,
            "year": 2007,
            "quarter": 3,
            "eps": 0.23,
            "eps_growth_year": 27.78,
            "eps_4q": 0.77,
            "eps_4q_growth_year": 73.78,
            "roe": 1.6,
            "roe_4q": 5.42,
            "gross_profit": 63881,
            "gross_margin": 11.03,
            "gross_margin_4q_avg": 10.29,
            "net_income": 41724,
            "net_income_4q": null,
            "revenue": 579056,
            "revenue_4q": null,
            "common_shares": 1793000,
            "book_valuer_per_share": 14.71,
            "book_valuer_per_share_4q_avg": 14.18,
            "equity": 2637143,
            "current_ratio": 2064.11,
            "debt_ratio": 12.67,
            "inventory_turnover_ratio": 0.65,
            "account_receivable_turnover_ratio": null,
            "reinvestment_rate": -690.9,
            "research_to_sale_ratio": null,
            "price_fair": 26.6,
            "eps_avg_yearly": 0.76,
            "eps_latest_yearly": 0.92,
            "eps_growth_yearly": 735.12
        },
        "20074": {
            "year_quarter": 20074,
            "year": 2007,
            "quarter": 4,
            "eps": 0.07,
            "eps_growth_year": null,
            "eps_4q": 1.02,
            "eps_4q_growth_year": 411.09,
            "roe": 0.49,
            "roe_4q": 7.48,
            "gross_profit": 51566,
            "gross_margin": 9.65,
            "gross_margin_4q_avg": 10.51,
            "net_income": 13045,
            "net_income_4q": null,
            "revenue": 534547,
            "revenue_4q": null,
            "common_shares": 1793000,
            "book_valuer_per_share": 14.84,
            "book_valuer_per_share_4q_avg": 14.49,
            "equity": 2660531,
            "current_ratio": 1913.62,
            "debt_ratio": 12.91,
            "inventory_turnover_ratio": 0.55,
            "account_receivable_turnover_ratio": null,
            "reinvestment_rate": -415.65,
            "research_to_sale_ratio": null,
            "price_fair": 24.2,
            "eps_avg_yearly": 0.69,
            "eps_latest_yearly": 0.28,
            "eps_growth_yearly": 590.35
        },
        "20081": {
            "year_quarter": 20081,
            "year": 2008,
            "quarter": 1,
            "eps": -0.01,
            "eps_growth_year": -103.57,
            "eps_4q": 0.7,
            "eps_4q_growth_year": 95.34,
            "roe": -0.07,
            "roe_4q": 5.41,
            "gross_profit": 17252,
            "gross_margin": 3.58,
            "gross_margin_4q_avg": 8.83,
            "net_income": -1980,
            "net_income_4q": null,
            "revenue": 481450,
            "revenue_4q": null,
            "common_shares": 1793000,
            "book_valuer_per_share": 14.78,
            "book_valuer_per_share_4q_avg": 14.7,
            "equity": 2649406,
            "current_ratio": 1623.9,
            "debt_ratio": 13.46,
            "inventory_turnover_ratio": 0.48,
            "account_receivable_turnover_ratio": null,
            "reinvestment_rate": -384.19,
            "research_to_sale_ratio": null,
            "price_fair": 24.2,
            "eps_avg_yearly": 0.69,
            "eps_latest_yearly": 0.28,
            "eps_growth_yearly": 590.35
        },
        "20082": {
            "year_quarter": 20082,
            "year": 2008,
            "quarter": 2,
            "eps": -0.17,
            "eps_growth_year": -135.42,
            "eps_4q": 0.13,
            "eps_4q_growth_year": -82.49,
            "roe": -1.17,
            "roe_4q": 0.8500000000000001,
            "gross_profit": -23053,
            "gross_margin": -4.79,
            "gross_margin_4q_avg": 4.87,
            "net_income": -30363,
            "net_income_4q": null,
            "revenue": 481303,
            "revenue_4q": null,
            "common_shares": 1793000,
            "book_valuer_per_share": 14.09,
            "book_valuer_per_share_4q_avg": 14.61,
            "equity": 2526403,
            "current_ratio": 1195.18,
            "debt_ratio": 14.94,
            "inventory_turnover_ratio": 0.55,
            "account_receivable_turnover_ratio": null,
            "reinvestment_rate": -337.75,
            "research_to_sale_ratio": null,
            "price_fair": 24.2,
            "eps_avg_yearly": 0.69,
            "eps_latest_yearly": 0.28,
            "eps_growth_yearly": 590.35
        },
        "20083": {
            "year_quarter": 20083,
            "year": 2008,
            "quarter": 3,
            "eps": -0.06,
            "eps_growth_year": -126.09,
            "eps_4q": -0.17,
            "eps_4q_growth_year": -122.22,
            "roe": -0.44,
            "roe_4q": -1.19,
            "gross_profit": -16880,
            "gross_margin": -4.7,
            "gross_margin_4q_avg": 0.94,
            "net_income": -11181,
            "net_income_4q": null,
            "revenue": 359495,
            "revenue_4q": null,
            "common_shares": 1793000,
            "book_valuer_per_share": 14.04,
            "book_valuer_per_share_4q_avg": 14.44,
            "equity": 2517689,
            "current_ratio": 3985.4,
            "debt_ratio": 12.15,
            "inventory_turnover_ratio": 0.49,
            "account_receivable_turnover_ratio": null,
            "reinvestment_rate": -423.41,
            "research_to_sale_ratio": null,
            "price_fair": 24.2,
            "eps_avg_yearly": 0.69,
            "eps_latest_yearly": 0.28,
            "eps_growth_yearly": 590.35
        },
        "20084": {
            "year_quarter": 20084,
            "year": 2008,
            "quarter": 4,
            "eps": -1.01,
            "eps_growth_year": -1542.86,
            "eps_4q": -1.26,
            "eps_4q_growth_year": -223.27,
            "roe": -7.43,
            "roe_4q": -9.11,
            "gross_profit": -138233,
            "gross_margin": -57.51,
            "gross_margin_4q_avg": -15.86,
            "net_income": -180599,
            "net_income_4q": null,
            "revenue": 240378,
            "revenue_4q": null,
            "common_shares": 1750000,
            "book_valuer_per_share": 13.39,
            "book_valuer_per_share_4q_avg": 14.08,
            "equity": 2342644,
            "current_ratio": 2949.18,
            "debt_ratio": 13.01,
            "inventory_turnover_ratio": 0.55,
            "account_receivable_turnover_ratio": 14.14,
            "reinvestment_rate": null,
            "research_to_sale_ratio": null,
            "price_fair": 24.2,
            "eps_avg_yearly": 0.69,
            "eps_latest_yearly": 0.28,
            "eps_growth_yearly": 590.35
        },
        "20091": {
            "year_quarter": 20091,
            "year": 2009,
            "quarter": 1,
            "eps": -0.06,
            "eps_growth_year": null,
            "eps_4q": -1.33,
            "eps_4q_growth_year": -289.74,
            "roe": -0.48,
            "roe_4q": -9.52,
            "gross_profit": -14364,
            "gross_margin": -6.15,
            "gross_margin_4q_avg": -18.29,
            "net_income": -11168,
            "net_income_4q": null,
            "revenue": 233512,
            "revenue_4q": null,
            "common_shares": 1750000,
            "book_valuer_per_share": 13.42,
            "book_valuer_per_share_4q_avg": 13.74,
            "equity": 2347673,
            "current_ratio": 4254.25,
            "debt_ratio": 12.55,
            "inventory_turnover_ratio": 0.41,
            "account_receivable_turnover_ratio": 6.93,
            "reinvestment_rate": null,
            "research_to_sale_ratio": null,
            "price_fair": 24.2,
            "eps_avg_yearly": 0.69,
            "eps_latest_yearly": 0.28,
            "eps_growth_yearly": 590.35
        },
        "20092": {
            "year_quarter": 20092,
            "year": 2009,
            "quarter": 2,
            "eps": 0.16,
            "eps_growth_year": null,
            "eps_4q": -0.98,
            "eps_4q_growth_year": -886.09,
            "roe": 1.21,
            "roe_4q": -7.14,
            "gross_profit": 57422,
            "gross_margin": 23.95,
            "gross_margin_4q_avg": -11.1,
            "net_income": 28404,
            "net_income_4q": null,
            "revenue": 239718,
            "revenue_4q": null,
            "common_shares": 1750000,
            "book_valuer_per_share": 13.49,
            "book_valuer_per_share_4q_avg": 13.59,
            "equity": 2361107,
            "current_ratio": 5255.69,
            "debt_ratio": 12.33,
            "inventory_turnover_ratio": 0.34,
            "account_receivable_turnover_ratio": 7.7,
            "reinvestment_rate": -2009.05,
            "research_to_sale_ratio": null,
            "price_fair": 24.2,
            "eps_avg_yearly": 0.69,
            "eps_latest_yearly": 0.28,
            "eps_growth_yearly": 590.35
        },
        "20093": {
            "year_quarter": 20093,
            "year": 2009,
            "quarter": 3,
            "eps": 0.15,
            "eps_growth_year": null,
            "eps_4q": -0.8,
            "eps_4q_growth_year": null,
            "roe": 1.09,
            "roe_4q": -5.609999999999999,
            "gross_profit": 36222,
            "gross_margin": 14.52,
            "gross_margin_4q_avg": -6.3,
            "net_income": 25905,
            "net_income_4q": null,
            "revenue": 249532,
            "revenue_4q": null,
            "common_shares": 1750000,
            "book_valuer_per_share": 13.6,
            "book_valuer_per_share_4q_avg": 13.48,
            "equity": 2379452,
            "current_ratio": 4932.44,
            "debt_ratio": 12.31,
            "inventory_turnover_ratio": 0.43,
            "account_receivable_turnover_ratio": 5.47,
            "reinvestment_rate": -1159.98,
            "research_to_sale_ratio": null,
            "price_fair": 23.8,
            "eps_avg_yearly": 0.68,
            "eps_latest_yearly": 0.6,
            "eps_growth_yearly": 513.43
        },
        "20094": {
            "year_quarter": 20094,
            "year": 2009,
            "quarter": 4,
            "eps": 0.03,
            "eps_growth_year": null,
            "eps_4q": 0.28,
            "eps_4q_growth_year": null,
            "roe": 0.22,
            "roe_4q": 2.04,
            "gross_profit": 14105,
            "gross_margin": 6.77,
            "gross_margin_4q_avg": 9.77,
            "net_income": 5294,
            "net_income_4q": null,
            "revenue": 208405,
            "revenue_4q": null,
            "common_shares": 1750000,
            "book_valuer_per_share": 13.61,
            "book_valuer_per_share_4q_avg": 13.53,
            "equity": 2381105,
            "current_ratio": 4861.84,
            "debt_ratio": 12.35,
            "inventory_turnover_ratio": 0.4,
            "account_receivable_turnover_ratio": 9.76,
            "reinvestment_rate": -149.31,
            "research_to_sale_ratio": null,
            "price_fair": 24.15,
            "eps_avg_yearly": 0.69,
            "eps_latest_yearly": 0.12,
            "eps_growth_yearly": 506.77
        },
        "20101": {
            "year_quarter": 20101,
            "year": 2010,
            "quarter": 1,
            "eps": -0.04,
            "eps_growth_year": null,
            "eps_4q": 0.3,
            "eps_4q_growth_year": null,
            "roe": -0.33,
            "roe_4q": 2.19,
            "gross_profit": 5848,
            "gross_margin": 2.77,
            "gross_margin_4q_avg": 12,
            "net_income": -7927,
            "net_income_4q": null,
            "revenue": 211235,
            "revenue_4q": null,
            "common_shares": 1750000,
            "book_valuer_per_share": 13.54,
            "book_valuer_per_share_4q_avg": 13.56,
            "equity": 2370217,
            "current_ratio": 3731.44,
            "debt_ratio": 12.69,
            "inventory_turnover_ratio": 0.42,
            "account_receivable_turnover_ratio": 5.47,
            "reinvestment_rate": -387.55,
            "research_to_sale_ratio": null,
            "price_fair": 2.16,
            "eps_avg_yearly": 0.72,
            "eps_latest_yearly": 0.12,
            "eps_growth_yearly": -49.41
        },
        "20102": {
            "year_quarter": 20102,
            "year": 2010,
            "quarter": 2,
            "eps": -0.07,
            "eps_growth_year": -142.32,
            "eps_4q": 0.07,
            "eps_4q_growth_year": null,
            "roe": -0.5,
            "roe_4q": 0.48,
            "gross_profit": -5892,
            "gross_margin": -1.85,
            "gross_margin_4q_avg": 5.55,
            "net_income": -11850,
            "net_income_4q": null,
            "revenue": 318915,
            "revenue_4q": null,
            "common_shares": 1750000,
            "book_valuer_per_share": 13.53,
            "book_valuer_per_share_4q_avg": 13.57,
            "equity": 2367390,
            "current_ratio": 4866.03,
            "debt_ratio": 12.45,
            "inventory_turnover_ratio": 0.76,
            "account_receivable_turnover_ratio": 6.8,
            "reinvestment_rate": null,
            "research_to_sale_ratio": null,
            "price_fair": 2.28,
            "eps_avg_yearly": 0.76,
            "eps_latest_yearly": 0.12,
            "eps_growth_yearly": -57.65
        },
        "20103": {
            "year_quarter": 20103,
            "year": 2010,
            "quarter": 3,
            "eps": 0.03,
            "eps_growth_year": -78.35,
            "eps_4q": -0.05,
            "eps_4q_growth_year": null,
            "roe": 0.24,
            "roe_4q": -0.3700000000000001,
            "gross_profit": 5099,
            "gross_margin": 2.14,
            "gross_margin_4q_avg": 2.46,
            "net_income": 5682,
            "net_income_4q": null,
            "revenue": 238435,
            "revenue_4q": null,
            "common_shares": 1750000,
            "book_valuer_per_share": 13.52,
            "book_valuer_per_share_4q_avg": 13.55,
            "equity": 2366618,
            "current_ratio": 3974.02,
            "debt_ratio": 12.67,
            "inventory_turnover_ratio": 0.6,
            "account_receivable_turnover_ratio": 4.85,
            "reinvestment_rate": null,
            "research_to_sale_ratio": null,
            "price_fair": 2.3,
            "eps_avg_yearly": 0.77,
            "eps_latest_yearly": 0.12,
            "eps_growth_yearly": -109.18
        },
        "20104": {
            "year_quarter": 20104,
            "year": 2010,
            "quarter": 4,
            "eps": -0.01,
            "eps_growth_year": -133.47,
            "eps_4q": -0.09,
            "eps_4q_growth_year": -132.73,
            "roe": -0.07,
            "roe_4q": -0.66,
            "gross_profit": 15037,
            "gross_margin": 4.55,
            "gross_margin_4q_avg": 1.9,
            "net_income": -1757,
            "net_income_4q": null,
            "revenue": 330639,
            "revenue_4q": null,
            "common_shares": 1750000,
            "book_valuer_per_share": 13.35,
            "book_valuer_per_share_4q_avg": 13.49,
            "equity": 2336578,
            "current_ratio": 4056.01,
            "debt_ratio": 12.81,
            "inventory_turnover_ratio": 0.79,
            "account_receivable_turnover_ratio": 7.32,
            "reinvestment_rate": null,
            "research_to_sale_ratio": null,
            "price_fair": 2.3,
            "eps_avg_yearly": 0.77,
            "eps_latest_yearly": 0.12,
            "eps_growth_yearly": -109.18
        },
        "20111": {
            "year_quarter": 20111,
            "year": 2011,
            "quarter": 1,
            "eps": 0.1,
            "eps_growth_year": null,
            "eps_4q": 0.05,
            "eps_4q_growth_year": -82.45,
            "roe": 0.72,
            "roe_4q": 0.3899999999999999,
            "gross_profit": 30202,
            "gross_margin": 7.85,
            "gross_margin_4q_avg": 3.17,
            "net_income": 16993,
            "net_income_4q": null,
            "revenue": 384597,
            "revenue_4q": null,
            "common_shares": 1750000,
            "book_valuer_per_share": 13.45,
            "book_valuer_per_share_4q_avg": 13.46,
            "equity": 2353302,
            "current_ratio": 3809.73,
            "debt_ratio": 12.87,
            "inventory_turnover_ratio": 0.98,
            "account_receivable_turnover_ratio": 8.03,
            "reinvestment_rate": null,
            "research_to_sale_ratio": null,
            "price_fair": 2.3,
            "eps_avg_yearly": 0.77,
            "eps_latest_yearly": 0.12,
            "eps_growth_yearly": -109.18
        },
        "20112": {
            "year_quarter": 20112,
            "year": 2011,
            "quarter": 2,
            "eps": 0.25,
            "eps_growth_year": null,
            "eps_4q": 0.37,
            "eps_4q_growth_year": 466.15,
            "roe": 1.84,
            "roe_4q": 2.7300000000000004,
            "gross_profit": 64003,
            "gross_margin": 13.85,
            "gross_margin_4q_avg": 7.1,
            "net_income": 43748,
            "net_income_4q": null,
            "revenue": 462091,
            "revenue_4q": null,
            "common_shares": 1750000,
            "book_valuer_per_share": 13.72,
            "book_valuer_per_share_4q_avg": 13.51,
            "equity": 2401839,
            "current_ratio": 1239.38,
            "debt_ratio": 15.3,
            "inventory_turnover_ratio": 1.13,
            "account_receivable_turnover_ratio": 7.22,
            "reinvestment_rate": null,
            "research_to_sale_ratio": null,
            "price_fair": 1.75,
            "eps_avg_yearly": 0.58,
            "eps_latest_yearly": 1,
            "eps_growth_yearly": -46.32
        },
        "20113": {
            "year_quarter": 20113,
            "year": 2011,
            "quarter": 3,
            "eps": 0.06,
            "eps_growth_year": 83.28,
            "eps_4q": 0.4,
            "eps_4q_growth_year": null,
            "roe": 0.43,
            "roe_4q": 2.9200000000000004,
            "gross_profit": 17638,
            "gross_margin": 6.85,
            "gross_margin_4q_avg": 8.28,
            "net_income": 10414,
            "net_income_4q": null,
            "revenue": 257543,
            "revenue_4q": null,
            "common_shares": 1750000,
            "book_valuer_per_share": 13.78,
            "book_valuer_per_share_4q_avg": 13.58,
            "equity": 2411614,
            "current_ratio": 934.52,
            "debt_ratio": 16.65,
            "inventory_turnover_ratio": 0.46,
            "account_receivable_turnover_ratio": 4.9,
            "reinvestment_rate": null,
            "research_to_sale_ratio": null,
            "price_fair": 1.34,
            "eps_avg_yearly": 0.45,
            "eps_latest_yearly": 0.24,
            "eps_growth_yearly": -65.45
        },
        "20114": {
            "year_quarter": 20114,
            "year": 2011,
            "quarter": 4,
            "eps": -0.11,
            "eps_growth_year": null,
            "eps_4q": 0.3,
            "eps_4q_growth_year": null,
            "roe": -0.78,
            "roe_4q": 2.21,
            "gross_profit": -2405,
            "gross_margin": -0.82,
            "gross_margin_4q_avg": 6.93,
            "net_income": -18922,
            "net_income_4q": null,
            "revenue": 291694,
            "revenue_4q": null,
            "common_shares": 1750000,
            "book_valuer_per_share": 13.87,
            "book_valuer_per_share_4q_avg": 13.71,
            "equity": 2428062,
            "current_ratio": 1991.99,
            "debt_ratio": 13.6,
            "inventory_turnover_ratio": 0.39,
            "account_receivable_turnover_ratio": 9.17,
            "reinvestment_rate": null,
            "research_to_sale_ratio": null,
            "price_fair": 1.47,
            "eps_avg_yearly": 0.49,
            "eps_latest_yearly": 0.24,
            "eps_growth_yearly": -12.25
        },
        "20121": {
            "year_quarter": 20121,
            "year": 2012,
            "quarter": 1,
            "eps": 0.15,
            "eps_growth_year": 50,
            "eps_4q": 0.35,
            "eps_4q_growth_year": 570.19,
            "roe": 1.05,
            "roe_4q": 2.54,
            "gross_profit": 35393,
            "gross_margin": 11.96,
            "gross_margin_4q_avg": 7.96,
            "net_income": 25533,
            "net_income_4q": null,
            "revenue": 295996,
            "revenue_4q": null,
            "common_shares": 1750000,
            "book_valuer_per_share": 14.02,
            "book_valuer_per_share_4q_avg": 13.85,
            "equity": 2453883,
            "current_ratio": 5311.73,
            "debt_ratio": 12.05,
            "inventory_turnover_ratio": 0.3,
            "account_receivable_turnover_ratio": 9.86,
            "reinvestment_rate": null,
            "research_to_sale_ratio": null,
            "price_fair": 1.47,
            "eps_avg_yearly": 0.49,
            "eps_latest_yearly": 0.24,
            "eps_growth_yearly": -12.25
        },
        "20122": {
            "year_quarter": 20122,
            "year": 2012,
            "quarter": 2,
            "eps": -0.3,
            "eps_growth_year": -221.98,
            "eps_4q": -0.21,
            "eps_4q_growth_year": -156.19,
            "roe": -2.2,
            "roe_4q": -1.5000000000000002,
            "gross_profit": -29667,
            "gross_margin": -8.55,
            "gross_margin_4q_avg": 2.36,
            "net_income": -53362,
            "net_income_4q": null,
            "revenue": 347015,
            "revenue_4q": null,
            "common_shares": 1750000,
            "book_valuer_per_share": 13.67,
            "book_valuer_per_share_4q_avg": 13.84,
            "equity": 2392897,
            "current_ratio": 3974.41,
            "debt_ratio": 12.59,
            "inventory_turnover_ratio": 0.45,
            "account_receivable_turnover_ratio": 8.38,
            "reinvestment_rate": null,
            "research_to_sale_ratio": null,
            "price_fair": 1.47,
            "eps_avg_yearly": 0.49,
            "eps_latest_yearly": 0.24,
            "eps_growth_yearly": -12.25
        },
        "20123": {
            "year_quarter": 20123,
            "year": 2012,
            "quarter": 3,
            "eps": -0.36,
            "eps_growth_year": -711.21,
            "eps_4q": -0.63,
            "eps_4q_growth_year": -259.09,
            "roe": -2.7,
            "roe_4q": -4.630000000000001,
            "gross_profit": -70043,
            "gross_margin": -35.77,
            "gross_margin_4q_avg": -8.3,
            "net_income": -63652,
            "net_income_4q": null,
            "revenue": 195827,
            "revenue_4q": null,
            "common_shares": 1750000,
            "book_valuer_per_share": 13.31,
            "book_valuer_per_share_4q_avg": 13.72,
            "equity": 2329695,
            "current_ratio": 5175.51,
            "debt_ratio": 12.56,
            "inventory_turnover_ratio": 0.35,
            "account_receivable_turnover_ratio": 5.5,
            "reinvestment_rate": null,
            "research_to_sale_ratio": null,
            "price_fair": 1.47,
            "eps_avg_yearly": 0.49,
            "eps_latest_yearly": 0.24,
            "eps_growth_yearly": -12.25
        },
        "20124": {
            "year_quarter": 20124,
            "year": 2012,
            "quarter": 4,
            "eps": -0.04,
            "eps_growth_year": null,
            "eps_4q": -0.57,
            "eps_4q_growth_year": -290.01,
            "roe": -0.33,
            "roe_4q": -4.180000000000001,
            "gross_profit": 41128,
            "gross_margin": 20.25,
            "gross_margin_4q_avg": -3.03,
            "net_income": -7766,
            "net_income_4q": null,
            "revenue": 203087,
            "revenue_4q": null,
            "common_shares": 1750000,
            "book_valuer_per_share": 13.21,
            "book_valuer_per_share_4q_avg": 13.55,
            "equity": 2312474,
            "current_ratio": 4319.15,
            "debt_ratio": 12.69,
            "inventory_turnover_ratio": 0.22,
            "account_receivable_turnover_ratio": 11.48,
            "reinvestment_rate": null,
            "research_to_sale_ratio": null,
            "price_fair": 1.47,
            "eps_avg_yearly": 0.49,
            "eps_latest_yearly": 0.24,
            "eps_growth_yearly": -12.25
        },
        "20131": {
            "year_quarter": 20131,
            "year": 2013,
            "quarter": 1,
            "eps": 0.12,
            "eps_growth_year": -20,
            "eps_4q": -0.59,
            "eps_4q_growth_year": -270.5,
            "roe": 0.85,
            "roe_4q": -4.380000000000001,
            "gross_profit": 27290,
            "gross_margin": 11.73,
            "gross_margin_4q_avg": -3.09,
            "net_income": 21160,
            "net_income_4q": null,
            "revenue": 232654,
            "revenue_4q": null,
            "common_shares": 1750000,
            "book_valuer_per_share": 15.2,
            "book_valuer_per_share_4q_avg": 13.85,
            "equity": 2660445,
            "current_ratio": 5954.4,
            "debt_ratio": 8.33,
            "inventory_turnover_ratio": 0.28,
            "account_receivable_turnover_ratio": 6.65,
            "reinvestment_rate": 3446.58,
            "research_to_sale_ratio": null,
            "price_fair": 1.47,
            "eps_avg_yearly": 0.49,
            "eps_latest_yearly": 0.24,
            "eps_growth_yearly": -12.25
        },
        "20132": {
            "year_quarter": 20132,
            "year": 2013,
            "quarter": 2,
            "eps": -0.21,
            "eps_growth_year": null,
            "eps_4q": -0.5,
            "eps_4q_growth_year": null,
            "roe": -1.42,
            "roe_4q": -3.6,
            "gross_profit": -32164,
            "gross_margin": -15.07,
            "gross_margin_4q_avg": -4.72,
            "net_income": -37688,
            "net_income_4q": null,
            "revenue": 213464,
            "revenue_4q": null,
            "common_shares": 1750000,
            "book_valuer_per_share": 15.03,
            "book_valuer_per_share_4q_avg": 14.19,
            "equity": 2630453,
            "current_ratio": 5049.61,
            "debt_ratio": 8.54,
            "inventory_turnover_ratio": 0.37,
            "account_receivable_turnover_ratio": 5.57,
            "reinvestment_rate": null,
            "research_to_sale_ratio": null,
            "price_fair": 1.47,
            "eps_avg_yearly": 0.49,
            "eps_latest_yearly": 0.24,
            "eps_growth_yearly": -12.25
        },
        "20133": {
            "year_quarter": 20133,
            "year": 2013,
            "quarter": 3,
            "eps": -0.05,
            "eps_growth_year": null,
            "eps_4q": -0.19,
            "eps_4q_growth_year": null,
            "roe": -0.35,
            "roe_4q": -1.25,
            "gross_profit": 1932,
            "gross_margin": 0.86,
            "gross_margin_4q_avg": 4.44,
            "net_income": -9254,
            "net_income_4q": null,
            "revenue": 224476,
            "revenue_4q": null,
            "common_shares": 1750000,
            "book_valuer_per_share": 14.95,
            "book_valuer_per_share_4q_avg": 14.6,
            "equity": 2617122,
            "current_ratio": 6107.03,
            "debt_ratio": 8.43,
            "inventory_turnover_ratio": 0.36,
            "account_receivable_turnover_ratio": 8.26,
            "reinvestment_rate": null,
            "research_to_sale_ratio": null,
            "price_fair": 1.36,
            "eps_avg_yearly": 0.45,
            "eps_latest_yearly": 0.24,
            "eps_growth_yearly": -8
        },
        "20134": {
            "year_quarter": 20134,
            "year": 2013,
            "quarter": 4,
            "eps": 0.13,
            "eps_growth_year": null,
            "eps_4q": -0.02,
            "eps_4q_growth_year": null,
            "roe": 0.83,
            "roe_4q": -0.08999999999999997,
            "gross_profit": 32072,
            "gross_margin": 21.2,
            "gross_margin_4q_avg": 4.68,
            "net_income": 22055,
            "net_income_4q": null,
            "revenue": 151296,
            "revenue_4q": null,
            "common_shares": 1750000,
            "book_valuer_per_share": 15.26,
            "book_valuer_per_share_4q_avg": 15.11,
            "equity": 2671216,
            "current_ratio": 8172.74,
            "debt_ratio": 8.39,
            "inventory_turnover_ratio": 0.19,
            "account_receivable_turnover_ratio": 6.88,
            "reinvestment_rate": null,
            "research_to_sale_ratio": null,
            "price_fair": 21.7,
            "eps_avg_yearly": 0.62,
            "eps_latest_yearly": 0.24,
            "eps_growth_yearly": 148
        },
        "20141": {
            "year_quarter": 20141,
            "year": 2014,
            "quarter": 1,
            "eps": -0.24,
            "eps_growth_year": -300,
            "eps_4q": -0.38,
            "eps_4q_growth_year": null,
            "roe": -1.56,
            "roe_4q": -2.5,
            "gross_profit": -21641,
            "gross_margin": -14.14,
            "gross_margin_4q_avg": -1.79,
            "net_income": -41466,
            "net_income_4q": null,
            "revenue": 153081,
            "revenue_4q": null,
            "common_shares": 1750000,
            "book_valuer_per_share": 15.05,
            "book_valuer_per_share_4q_avg": 15.07,
            "equity": 2633608,
            "current_ratio": 9619.99,
            "debt_ratio": 8.42,
            "inventory_turnover_ratio": 0.27,
            "account_receivable_turnover_ratio": 8.58,
            "reinvestment_rate": null,
            "research_to_sale_ratio": null,
            "price_fair": 21.7,
            "eps_avg_yearly": 0.62,
            "eps_latest_yearly": 0.24,
            "eps_growth_yearly": 148
        },
        "20142": {
            "year_quarter": 20142,
            "year": 2014,
            "quarter": 2,
            "eps": -0.02,
            "eps_growth_year": null,
            "eps_4q": -0.18,
            "eps_4q_growth_year": null,
            "roe": -0.12,
            "roe_4q": -1.2000000000000002,
            "gross_profit": 8977,
            "gross_margin": 4.94,
            "gross_margin_4q_avg": 3.22,
            "net_income": -3179,
            "net_income_4q": null,
            "revenue": 181631,
            "revenue_4q": null,
            "common_shares": 1750000,
            "book_valuer_per_share": 15.05,
            "book_valuer_per_share_4q_avg": 15.08,
            "equity": 2634324,
            "current_ratio": 8590.02,
            "debt_ratio": 8.48,
            "inventory_turnover_ratio": 0.28,
            "account_receivable_turnover_ratio": 7.2,
            "reinvestment_rate": null,
            "research_to_sale_ratio": null,
            "price_fair": 21.7,
            "eps_avg_yearly": 0.62,
            "eps_latest_yearly": 0.24,
            "eps_growth_yearly": 148
        },
        "20143": {
            "year_quarter": 20143,
            "year": 2014,
            "quarter": 3,
            "eps": -0.12,
            "eps_growth_year": null,
            "eps_4q": -0.25,
            "eps_4q_growth_year": null,
            "roe": -0.78,
            "roe_4q": -1.63,
            "gross_profit": -7694,
            "gross_margin": -4,
            "gross_margin_4q_avg": 2,
            "net_income": -20481,
            "net_income_4q": null,
            "revenue": 192514,
            "revenue_4q": null,
            "common_shares": 1750000,
            "book_valuer_per_share": 15.02,
            "book_valuer_per_share_4q_avg": 15.1,
            "equity": 2628074,
            "current_ratio": 7691,
            "debt_ratio": 8.56,
            "inventory_turnover_ratio": 0.35,
            "account_receivable_turnover_ratio": 5.98,
            "reinvestment_rate": null,
            "research_to_sale_ratio": null,
            "price_fair": 21.7,
            "eps_avg_yearly": 0.62,
            "eps_latest_yearly": 0.24,
            "eps_growth_yearly": 148
        },
        "20144": {
            "year_quarter": 20144,
            "year": 2014,
            "quarter": 4,
            "eps": -0.06,
            "eps_growth_year": -143.67,
            "eps_4q": -0.43,
            "eps_4q_growth_year": null,
            "roe": -0.36,
            "roe_4q": -2.8200000000000003,
            "gross_profit": 7502,
            "gross_margin": 4.61,
            "gross_margin_4q_avg": -2.15,
            "net_income": -9523,
            "net_income_4q": null,
            "revenue": 162642,
            "revenue_4q": null,
            "common_shares": 1750000,
            "book_valuer_per_share": 15.1,
            "book_valuer_per_share_4q_avg": 15.06,
            "equity": 2613046,
            "current_ratio": 7206.77,
            "debt_ratio": 8.89,
            "inventory_turnover_ratio": 0.26,
            "account_receivable_turnover_ratio": 5.25,
            "reinvestment_rate": null,
            "research_to_sale_ratio": null,
            "price_fair": 21.7,
            "eps_avg_yearly": 0.62,
            "eps_latest_yearly": 0.24,
            "eps_growth_yearly": 148
        },
        "20151": {
            "year_quarter": 20151,
            "year": 2015,
            "quarter": 1,
            "eps": -0.11,
            "eps_growth_year": null,
            "eps_4q": -0.3,
            "eps_4q_growth_year": null,
            "roe": -0.71,
            "roe_4q": -1.9699999999999998,
            "gross_profit": -7685,
            "gross_margin": -4.92,
            "gross_margin_4q_avg": 0.16,
            "net_income": -18412,
            "net_income_4q": null,
            "revenue": 156067,
            "revenue_4q": null,
            "common_shares": 1750000,
            "book_valuer_per_share": 14.97,
            "book_valuer_per_share_4q_avg": 15.04,
            "equity": 2589242,
            "current_ratio": 5616.49,
            "debt_ratio": 9.13,
            "inventory_turnover_ratio": 0.26,
            "account_receivable_turnover_ratio": 5.42,
            "reinvestment_rate": null,
            "research_to_sale_ratio": null,
            "price_fair": 21.7,
            "eps_avg_yearly": 0.62,
            "eps_latest_yearly": 0.24,
            "eps_growth_yearly": 148
        },
        "20152": {
            "year_quarter": 20152,
            "year": 2015,
            "quarter": 2,
            "eps": 0.1,
            "eps_growth_year": null,
            "eps_4q": -0.19,
            "eps_4q_growth_year": null,
            "roe": 0.62,
            "roe_4q": -1.23,
            "gross_profit": 44728,
            "gross_margin": 22.28,
            "gross_margin_4q_avg": 4.49,
            "net_income": 16078,
            "net_income_4q": null,
            "revenue": 200784,
            "revenue_4q": null,
            "common_shares": 1730000,
            "book_valuer_per_share": 15.03,
            "book_valuer_per_share_4q_avg": 15.03,
            "equity": 2600030,
            "current_ratio": 8307.28,
            "debt_ratio": 8.86,
            "inventory_turnover_ratio": 0.25,
            "account_receivable_turnover_ratio": 8.43,
            "reinvestment_rate": null,
            "research_to_sale_ratio": null,
            "price_fair": 0.72,
            "eps_avg_yearly": 0.24,
            "eps_latest_yearly": 0.24,
            "eps_growth_yearly": -304
        },
        "20153": {
            "year_quarter": 20153,
            "year": 2015,
            "quarter": 3,
            "eps": -0.1,
            "eps_growth_year": null,
            "eps_4q": -0.17,
            "eps_4q_growth_year": null,
            "roe": -0.65,
            "roe_4q": -1.1,
            "gross_profit": -7702,
            "gross_margin": -5.82,
            "gross_margin_4q_avg": 4.04,
            "net_income": -16791,
            "net_income_4q": null,
            "revenue": 132363,
            "revenue_4q": null,
            "common_shares": 1730000,
            "book_valuer_per_share": 15.02,
            "book_valuer_per_share_4q_avg": 15.03,
            "equity": 2598779,
            "current_ratio": 6364.18,
            "debt_ratio": 9,
            "inventory_turnover_ratio": 0.22,
            "account_receivable_turnover_ratio": 5.71,
            "reinvestment_rate": null,
            "research_to_sale_ratio": null,
            "price_fair": 0,
            "eps_avg_yearly": 0,
            "eps_latest_yearly": 0,
            "eps_growth_yearly": 0
        },
        "20154": {
            "year_quarter": 20154,
            "year": 2015,
            "quarter": 4,
            "eps": -0.1,
            "eps_growth_year": null,
            "eps_4q": -0.21,
            "eps_4q_growth_year": null,
            "roe": -0.65,
            "roe_4q": -1.3900000000000001,
            "gross_profit": 26708,
            "gross_margin": 17.58,
            "gross_margin_4q_avg": 7.28,
            "net_income": -16885,
            "net_income_4q": null,
            "revenue": 151943,
            "revenue_4q": null,
            "common_shares": 1730000,
            "book_valuer_per_share": 14.92,
            "book_valuer_per_share_4q_avg": 14.99,
            "equity": 2580649,
            "current_ratio": 6941.6,
            "debt_ratio": 8.89,
            "inventory_turnover_ratio": 0.18,
            "account_receivable_turnover_ratio": 7.47,
            "reinvestment_rate": null,
            "research_to_sale_ratio": null,
            "price_fair": 0,
            "eps_avg_yearly": 0,
            "eps_latest_yearly": 0,
            "eps_growth_yearly": 0
        },
        "20161": {
            "year_quarter": 20161,
            "year": 2016,
            "quarter": 1,
            "eps": 0.03,
            "eps_growth_year": null,
            "eps_4q": -0.07,
            "eps_4q_growth_year": null,
            "roe": 0.19,
            "roe_4q": -0.4900000000000001,
            "gross_profit": 13616,
            "gross_margin": 8.4,
            "gross_margin_4q_avg": 10.61,
            "net_income": 4887,
            "net_income_4q": null,
            "revenue": 162036,
            "revenue_4q": null,
            "common_shares": 1730000,
            "book_valuer_per_share": 14.92,
            "book_valuer_per_share_4q_avg": 14.97,
            "equity": 2581565,
            "current_ratio": 7817.14,
            "debt_ratio": 7.83,
            "inventory_turnover_ratio": 0.21,
            "account_receivable_turnover_ratio": 5.17,
            "reinvestment_rate": null,
            "research_to_sale_ratio": null,
            "price_fair": 0,
            "eps_avg_yearly": 0,
            "eps_latest_yearly": 0,
            "eps_growth_yearly": 0
        },
        "20162": {
            "year_quarter": 20162,
            "year": 2016,
            "quarter": 2,
            "eps": 0.02,
            "eps_growth_year": -80,
            "eps_4q": -0.14,
            "eps_4q_growth_year": null,
            "roe": 0.17,
            "roe_4q": -0.9400000000000001,
            "gross_profit": 11443,
            "gross_margin": 6.83,
            "gross_margin_4q_avg": 6.75,
            "net_income": 4413,
            "net_income_4q": null,
            "revenue": 167503,
            "revenue_4q": null,
            "common_shares": 1730000,
            "book_valuer_per_share": 14.87,
            "book_valuer_per_share_4q_avg": 14.93,
            "equity": 2572168,
            "current_ratio": 7413.09,
            "debt_ratio": 7.9,
            "inventory_turnover_ratio": 0.22,
            "account_receivable_turnover_ratio": 4.44,
            "reinvestment_rate": null,
            "research_to_sale_ratio": null,
            "price_fair": 0.24,
            "eps_avg_yearly": 0.08,
            "eps_latest_yearly": 0.08,
            "eps_growth_yearly": -133.33
        },
        "20163": {
            "year_quarter": 20163,
            "year": 2016,
            "quarter": 3,
            "eps": 0.02,
            "eps_growth_year": null,
            "eps_4q": -0.02,
            "eps_4q_growth_year": null,
            "roe": 0.14,
            "roe_4q": -0.15000000000000002,
            "gross_profit": 7028,
            "gross_margin": 4.15,
            "gross_margin_4q_avg": 9.24,
            "net_income": 3477,
            "net_income_4q": null,
            "revenue": 169526,
            "revenue_4q": null,
            "common_shares": 1730000,
            "book_valuer_per_share": 14.88,
            "book_valuer_per_share_4q_avg": 14.9,
            "equity": 2573898,
            "current_ratio": 6548.03,
            "debt_ratio": 7.98,
            "inventory_turnover_ratio": 0.24,
            "account_receivable_turnover_ratio": 5.72,
            "reinvestment_rate": null,
            "research_to_sale_ratio": null,
            "price_fair": 0.24,
            "eps_avg_yearly": 0.08,
            "eps_latest_yearly": 0.08,
            "eps_growth_yearly": -66.67
        },
        "20164": {
            "year_quarter": 20164,
            "year": 2016,
            "quarter": 4,
            "eps": -0.04,
            "eps_growth_year": null,
            "eps_4q": 0.03,
            "eps_4q_growth_year": null,
            "roe": -0.3,
            "roe_4q": 0.20000000000000004,
            "gross_profit": 13261,
            "gross_margin": 8.63,
            "gross_margin_4q_avg": 7,
            "net_income": -7782,
            "net_income_4q": null,
            "revenue": 153747,
            "revenue_4q": null,
            "common_shares": 1730000,
            "book_valuer_per_share": 14.79,
            "book_valuer_per_share_4q_avg": 14.87,
            "equity": 2559447,
            "current_ratio": 5000.34,
            "debt_ratio": 8.34,
            "inventory_turnover_ratio": 0.21,
            "account_receivable_turnover_ratio": 4.62,
            "reinvestment_rate": null,
            "research_to_sale_ratio": null,
            "price_fair": 0.24,
            "eps_avg_yearly": 0.08,
            "eps_latest_yearly": 0.08,
            "eps_growth_yearly": -66.67
        },
        "20171": {
            "year_quarter": 20171,
            "year": 2017,
            "quarter": 1,
            "eps": 0.03,
            "eps_growth_year": 0,
            "eps_4q": 0.04,
            "eps_4q_growth_year": null,
            "roe": 0.23,
            "roe_4q": 0.24000000000000005,
            "gross_profit": 3458,
            "gross_margin": 2.43,
            "gross_margin_4q_avg": 5.51,
            "net_income": 5955,
            "net_income_4q": null,
            "revenue": 142548,
            "revenue_4q": null,
            "common_shares": 1730000,
            "book_valuer_per_share": 14.76,
            "book_valuer_per_share_4q_avg": 14.83,
            "equity": 2553103,
            "current_ratio": 6883.93,
            "debt_ratio": 8.13,
            "inventory_turnover_ratio": 0.22,
            "account_receivable_turnover_ratio": 4.14,
            "reinvestment_rate": null,
            "research_to_sale_ratio": null,
            "price_fair": 0.24,
            "eps_avg_yearly": 0.08,
            "eps_latest_yearly": 0.08,
            "eps_growth_yearly": -66.67
        },
        "20172": {
            "year_quarter": 20172,
            "year": 2017,
            "quarter": 2,
            "eps": 0.13,
            "eps_growth_year": 550,
            "eps_4q": 0.14,
            "eps_4q_growth_year": null,
            "roe": 0.86,
            "roe_4q": 0.93,
            "gross_profit": 14550,
            "gross_margin": 8.98,
            "gross_margin_4q_avg": 6.05,
            "net_income": 21980,
            "net_income_4q": null,
            "revenue": 161941,
            "revenue_4q": null,
            "common_shares": 1730000,
            "book_valuer_per_share": 14.88,
            "book_valuer_per_share_4q_avg": 14.83,
            "equity": 2573564,
            "current_ratio": 4637.62,
            "debt_ratio": 8.25,
            "inventory_turnover_ratio": 0.24,
            "account_receivable_turnover_ratio": 5.51,
            "reinvestment_rate": null,
            "research_to_sale_ratio": null,
            "price_fair": 7.93,
            "eps_avg_yearly": 0.23,
            "eps_latest_yearly": 0.52,
            "eps_growth_yearly": 400
        },
        "20173": {
            "year_quarter": 20173,
            "year": 2017,
            "quarter": 3,
            "eps": 0.1,
            "eps_growth_year": 400,
            "eps_4q": 0.21,
            "eps_4q_growth_year": null,
            "roe": 0.65,
            "roe_4q": 1.44,
            "gross_profit": 7437,
            "gross_margin": 6.12,
            "gross_margin_4q_avg": 6.54,
            "net_income": 16930,
            "net_income_4q": null,
            "revenue": 121517,
            "revenue_4q": null,
            "common_shares": 1730000,
            "book_valuer_per_share": 15.04,
            "book_valuer_per_share_4q_avg": 14.87,
            "equity": 2601677,
            "current_ratio": 5242.37,
            "debt_ratio": 8.06,
            "inventory_turnover_ratio": 0.19,
            "account_receivable_turnover_ratio": 3.6,
            "reinvestment_rate": null,
            "research_to_sale_ratio": null,
            "price_fair": 9.45,
            "eps_avg_yearly": 0.27,
            "eps_latest_yearly": 0.4,
            "eps_growth_yearly": 276.92
        },
        "20174": {
            "year_quarter": 20174,
            "year": 2017,
            "quarter": 4,
            "eps": 0.01,
            "eps_growth_year": null,
            "eps_4q": 0.27,
            "eps_4q_growth_year": 819.61,
            "roe": 0.04,
            "roe_4q": 1.78,
            "gross_profit": 13697,
            "gross_margin": 5.36,
            "gross_margin_4q_avg": 5.72,
            "net_income": 1070,
            "net_income_4q": null,
            "revenue": 255364,
            "revenue_4q": null,
            "common_shares": 1730000,
            "book_valuer_per_share": 15.11,
            "book_valuer_per_share_4q_avg": 14.95,
            "equity": 2613355,
            "current_ratio": 3959.62,
            "debt_ratio": 8.32,
            "inventory_turnover_ratio": 0.43,
            "account_receivable_turnover_ratio": 5.42,
            "reinvestment_rate": null,
            "research_to_sale_ratio": null,
            "price_fair": 7.84,
            "eps_avg_yearly": 0.22,
            "eps_latest_yearly": 0.04,
            "eps_growth_yearly": 149.54
        },
        "20181": {
            "year_quarter": 20181,
            "year": 2018,
            "quarter": 1,
            "eps": 0.1,
            "eps_growth_year": 233.33,
            "eps_4q": 0.33,
            "eps_4q_growth_year": 838.17,
            "roe": 0.64,
            "roe_4q": 2.19,
            "gross_profit": 11657,
            "gross_margin": 5.32,
            "gross_margin_4q_avg": 6.45,
            "net_income": 16901,
            "net_income_4q": null,
            "revenue": 218911,
            "revenue_4q": null,
            "common_shares": 1730000,
            "book_valuer_per_share": 15.23,
            "book_valuer_per_share_4q_avg": 15.07,
            "equity": 2633960,
            "current_ratio": 6834.41,
            "debt_ratio": 7.75,
            "inventory_turnover_ratio": 0.41,
            "account_receivable_turnover_ratio": 3.34,
            "reinvestment_rate": null,
            "research_to_sale_ratio": null,
            "price_fair": 8.87,
            "eps_avg_yearly": 0.25,
            "eps_latest_yearly": 0.4,
            "eps_growth_yearly": 724.62
        },
        "20182": {
            "year_quarter": 20182,
            "year": 2018,
            "quarter": 2,
            "eps": 0.2,
            "eps_growth_year": 53.85,
            "eps_4q": 0.41,
            "eps_4q_growth_year": 196.76,
            "roe": 1.32,
            "roe_4q": 2.65,
            "gross_profit": 22420,
            "gross_margin": 10.85,
            "gross_margin_4q_avg": 6.91,
            "net_income": 35223,
            "net_income_4q": null,
            "revenue": 206601,
            "revenue_4q": null,
            "common_shares": 1730000,
            "book_valuer_per_share": 15.63,
            "book_valuer_per_share_4q_avg": 15.25,
            "equity": 2704330,
            "current_ratio": 6591.03,
            "debt_ratio": 7.61,
            "inventory_turnover_ratio": 0.4,
            "account_receivable_turnover_ratio": 2.7,
            "reinvestment_rate": -1280.69,
            "research_to_sale_ratio": null,
            "price_fair": 11.6,
            "eps_avg_yearly": 0.33,
            "eps_latest_yearly": 0.8,
            "eps_growth_yearly": 678.24
        },
        "20183": {
            "year_quarter": 20183,
            "year": 2018,
            "quarter": 3,
            "eps": 0.24,
            "eps_growth_year": 140,
            "eps_4q": 0.66,
            "eps_4q_growth_year": 208.97,
            "roe": 1.51,
            "roe_4q": 3.5100000000000002,
            "gross_profit": 28437,
            "gross_margin": 16.8,
            "gross_margin_4q_avg": 9.58,
            "net_income": 38467,
            "net_income_4q": null,
            "revenue": 169242,
            "revenue_4q": null,
            "common_shares": 1384000,
            "book_valuer_per_share": 17.26,
            "book_valuer_per_share_4q_avg": 15.81,
            "equity": 2388988,
            "current_ratio": 429.22,
            "debt_ratio": 19.28,
            "inventory_turnover_ratio": 0.3,
            "account_receivable_turnover_ratio": 2.71,
            "reinvestment_rate": -509.15,
            "research_to_sale_ratio": null,
            "price_fair": 14.35,
            "eps_avg_yearly": 0.41,
            "eps_latest_yearly": 0.96,
            "eps_growth_yearly": 603.46
        },
        "20184": {
            "year_quarter": 20184,
            "year": 2018,
            "quarter": 4,
            "eps": 0.09,
            "eps_growth_year": 1310.86,
            "eps_4q": 0.74,
            "eps_4q_growth_year": 179.38,
            "roe": 0.51,
            "roe_4q": 3.98,
            "gross_profit": 14843,
            "gross_margin": 8.92,
            "gross_margin_4q_avg": 10.47,
            "net_income": 12077,
            "net_income_4q": null,
            "revenue": 166333,
            "revenue_4q": null,
            "common_shares": 1384000,
            "book_valuer_per_share": 17.27,
            "book_valuer_per_share_4q_avg": 16.35,
            "equity": 2390693,
            "current_ratio": 4043.81,
            "debt_ratio": 8.78,
            "inventory_turnover_ratio": 0.29,
            "account_receivable_turnover_ratio": 4.85,
            "reinvestment_rate": -411.5,
            "research_to_sale_ratio": null,
            "price_fair": 14.16,
            "eps_avg_yearly": 0.4,
            "eps_latest_yearly": 0.36,
            "eps_growth_yearly": 508.63
        },
        "20191": {
            "year_quarter": 20191,
            "year": 2019,
            "quarter": 1,
            "eps": 0.08,
            "eps_growth_year": -20,
            "eps_4q": 0.69,
            "eps_4q_growth_year": 111.3,
            "roe": 0.43,
            "roe_4q": 3.7700000000000005,
            "gross_profit": 13754,
            "gross_margin": 12.27,
            "gross_margin_4q_avg": 12.21,
            "net_income": 10383,
            "net_income_4q": null,
            "revenue": 112100,
            "revenue_4q": null,
            "common_shares": 1384000,
            "book_valuer_per_share": 17.39,
            "book_valuer_per_share_4q_avg": 16.89,
            "equity": 2406279,
            "current_ratio": 4612.52,
            "debt_ratio": 8.59,
            "inventory_turnover_ratio": 0.17,
            "account_receivable_turnover_ratio": 7.24,
            "reinvestment_rate": -319.33,
            "research_to_sale_ratio": null,
            "price_fair": 13.86,
            "eps_avg_yearly": 0.4,
            "eps_latest_yearly": 0.32,
            "eps_growth_yearly": 453.32
        },
        "20192": {
            "year_quarter": 20192,
            "year": 2019,
            "quarter": 2,
            "eps": -0.07,
            "eps_growth_year": -135,
            "eps_4q": 0.37,
            "eps_4q_growth_year": -7.78,
            "roe": -0.38,
            "roe_4q": 2.0700000000000003,
            "gross_profit": -10070,
            "gross_margin": -6.61,
            "gross_margin_4q_avg": 7.85,
            "net_income": -9190,
            "net_income_4q": null,
            "revenue": 152387,
            "revenue_4q": null,
            "common_shares": 1384000,
            "book_valuer_per_share": 17.27,
            "book_valuer_per_share_4q_avg": 17.3,
            "equity": 2390236,
            "current_ratio": 5339.68,
            "debt_ratio": 8.51,
            "inventory_turnover_ratio": 0.27,
            "account_receivable_turnover_ratio": 16.25,
            "reinvestment_rate": -365.53,
            "research_to_sale_ratio": null,
            "price_fair": 13.86,
            "eps_avg_yearly": 0.4,
            "eps_latest_yearly": 0.32,
            "eps_growth_yearly": 453.32
        },
        "20193": {
            "year_quarter": 20193,
            "year": 2019,
            "quarter": 3,
            "eps": -0.22,
            "eps_growth_year": -191.67,
            "eps_4q": -0.12,
            "eps_4q_growth_year": -118.03,
            "roe": -1.26,
            "roe_4q": -0.7000000000000002,
            "gross_profit": -42612,
            "gross_margin": -32.79,
            "gross_margin_4q_avg": -4.55,
            "net_income": -29794,
            "net_income_4q": null,
            "revenue": 129936,
            "revenue_4q": null,
            "common_shares": 1384000,
            "book_valuer_per_share": 17.01,
            "book_valuer_per_share_4q_avg": 17.24,
            "equity": 2353788,
            "current_ratio": 4672.98,
            "debt_ratio": 8.72,
            "inventory_turnover_ratio": 0.29,
            "account_receivable_turnover_ratio": 18.01,
            "reinvestment_rate": -414.51,
            "research_to_sale_ratio": null,
            "price_fair": 13.86,
            "eps_avg_yearly": 0.4,
            "eps_latest_yearly": 0.32,
            "eps_growth_yearly": 453.32
        },
        "20194": {
            "year_quarter": 20194,
            "year": 2019,
            "quarter": 4,
            "eps": -0.05,
            "eps_growth_year": -162.78,
            "eps_4q": -0.26,
            "eps_4q_growth_year": -135.24,
            "roe": -0.32,
            "roe_4q": -1.53,
            "gross_profit": -9944,
            "gross_margin": -16.39,
            "gross_margin_4q_avg": -10.88,
            "net_income": -7582,
            "net_income_4q": null,
            "revenue": 60668,
            "revenue_4q": null,
            "common_shares": 1384000,
            "book_valuer_per_share": 17.03,
            "book_valuer_per_share_4q_avg": 17.18,
            "equity": 2357157,
            "current_ratio": 5518.2,
            "debt_ratio": 8.56,
            "inventory_turnover_ratio": 0.12,
            "account_receivable_turnover_ratio": 49.93,
            "reinvestment_rate": -343.55,
            "research_to_sale_ratio": null,
            "price_fair": 13.86,
            "eps_avg_yearly": 0.4,
            "eps_latest_yearly": 0.32,
            "eps_growth_yearly": 453.32
        },
        "20201": {
            "year_quarter": 20201,
            "year": 2020,
            "quarter": 1,
            "eps": -0.33,
            "eps_growth_year": -512.5,
            "eps_4q": -0.67,
            "eps_4q_growth_year": -196.03,
            "roe": -1.96,
            "roe_4q": -3.92,
            "gross_profit": -48258,
            "gross_margin": -84.18,
            "gross_margin_4q_avg": -34.99,
            "net_income": -45764,
            "net_income_4q": null,
            "revenue": 57328,
            "revenue_4q": null,
            "common_shares": 1384000,
            "book_valuer_per_share": 16.67,
            "book_valuer_per_share_4q_avg": 17,
            "equity": 2307523,
            "current_ratio": 6272.5,
            "debt_ratio": 8.62,
            "inventory_turnover_ratio": 0.17,
            "account_receivable_turnover_ratio": 1364.95,
            "reinvestment_rate": -599.81,
            "research_to_sale_ratio": null,
            "price_fair": 13.86,
            "eps_avg_yearly": 0.4,
            "eps_latest_yearly": 0.32,
            "eps_growth_yearly": 453.32
        },
        "20202": {
            "year_quarter": 20202,
            "year": 2020,
            "quarter": 2,
            "eps": -0.25,
            "eps_growth_year": null,
            "eps_4q": -0.85,
            "eps_4q_growth_year": -328.67,
            "roe": -1.53,
            "roe_4q": -5.07,
            "gross_profit": -43799,
            "gross_margin": -67.07,
            "gross_margin_4q_avg": -50.11,
            "net_income": -35167,
            "net_income_4q": null,
            "revenue": 65303,
            "revenue_4q": null,
            "common_shares": 1384000,
            "book_valuer_per_share": 16.59,
            "book_valuer_per_share_4q_avg": 16.83,
            "equity": 2295771,
            "current_ratio": 5976.35,
            "debt_ratio": 8.67,
            "inventory_turnover_ratio": 0.18,
            "account_receivable_turnover_ratio": 1554.83,
            "reinvestment_rate": -1441.3,
            "research_to_sale_ratio": null,
            "price_fair": 15.09,
            "eps_avg_yearly": 0.43,
            "eps_latest_yearly": 0.32,
            "eps_growth_yearly": 518.51
        },
        "20203": {
            "year_quarter": 20203,
            "year": 2020,
            "quarter": 3,
            "eps": -0.25,
            "eps_growth_year": null,
            "eps_4q": -0.88,
            "eps_4q_growth_year": null,
            "roe": -1.48,
            "roe_4q": -5.29,
            "gross_profit": -50987,
            "gross_margin": -123.38,
            "gross_margin_4q_avg": -72.76,
            "net_income": -33699,
            "net_income_4q": null,
            "revenue": 41326,
            "revenue_4q": null,
            "common_shares": 1384000,
            "book_valuer_per_share": 16.25,
            "book_valuer_per_share_4q_avg": 16.64,
            "equity": 2248976,
            "current_ratio": 5128.24,
            "debt_ratio": 8.89,
            "inventory_turnover_ratio": 0.16,
            "account_receivable_turnover_ratio": 36.83,
            "reinvestment_rate": null,
            "research_to_sale_ratio": null,
            "price_fair": 16.63,
            "eps_avg_yearly": 0.48,
            "eps_latest_yearly": 0.32,
            "eps_growth_yearly": 583.32
        },
        "20204": {
            "year_quarter": 20204,
            "year": 2020,
            "quarter": 4,
            "eps": 3.39,
            "eps_growth_year": null,
            "eps_4q": 2.56,
            "eps_4q_growth_year": null,
            "roe": 17.85,
            "roe_4q": 12.880000000000003,
            "gross_profit": -4212,
            "gross_margin": -10.87,
            "gross_margin_4q_avg": -71.38,
            "net_income": 468653,
            "net_income_4q": null,
            "revenue": 38766,
            "revenue_4q": null,
            "common_shares": 1384000,
            "book_valuer_per_share": 21.7,
            "book_valuer_per_share_4q_avg": 17.8,
            "equity": 3003190,
            "current_ratio": 2287.35,
            "debt_ratio": 9.97,
            "inventory_turnover_ratio": 0.08,
            "account_receivable_turnover_ratio": 34.55,
            "reinvestment_rate": 42.56,
            "research_to_sale_ratio": null,
            "price_fair": 16.63,
            "eps_avg_yearly": 0.48,
            "eps_latest_yearly": 0.32,
            "eps_growth_yearly": 583.32
        },
        "20211": {
            "year_quarter": 20211,
            "year": 2021,
            "quarter": 1,
            "eps": 0.14,
            "eps_growth_year": null,
            "eps_4q": 3.03,
            "eps_4q_growth_year": null,
            "roe": 0.66,
            "roe_4q": 15.500000000000002,
            "gross_profit": 26840,
            "gross_margin": 49.78,
            "gross_margin_4q_avg": -37.89,
            "net_income": 19893,
            "net_income_4q": null,
            "revenue": 53920,
            "revenue_4q": null,
            "common_shares": 1384000,
            "book_valuer_per_share": 21.87,
            "book_valuer_per_share_4q_avg": 19.1,
            "equity": 3026550,
            "current_ratio": 3082.1,
            "debt_ratio": 9.93,
            "inventory_turnover_ratio": 0.05,
            "account_receivable_turnover_ratio": 37.38,
            "reinvestment_rate": -14.5,
            "research_to_sale_ratio": null,
            "price_fair": 16.96,
            "eps_avg_yearly": 0.48,
            "eps_latest_yearly": 0.56,
            "eps_growth_yearly": 475.9
        },
        "20212": {
            "year_quarter": 20212,
            "year": 2021,
            "quarter": 2,
            "eps": 1.11,
            "eps_growth_year": null,
            "eps_4q": 4.4,
            "eps_4q_growth_year": null,
            "roe": 4.86,
            "roe_4q": 21.89,
            "gross_profit": 4173,
            "gross_margin": 7.63,
            "gross_margin_4q_avg": -19.21,
            "net_income": 153630,
            "net_income_4q": null,
            "revenue": 54665,
            "revenue_4q": null,
            "common_shares": 1384000,
            "book_valuer_per_share": 23.8,
            "book_valuer_per_share_4q_avg": 20.91,
            "equity": 3293877,
            "current_ratio": 2790.5,
            "debt_ratio": 8.76,
            "inventory_turnover_ratio": 0.1,
            "account_receivable_turnover_ratio": 18.29,
            "reinvestment_rate": 22.01,
            "research_to_sale_ratio": null,
            "price_fair": 32.2,
            "eps_avg_yearly": 0.92,
            "eps_latest_yearly": 4.44,
            "eps_growth_yearly": 635.69
        },
        "20213": {
            "year_quarter": 20213,
            "year": 2021,
            "quarter": 3,
            "eps": -0.26,
            "eps_growth_year": null,
            "eps_4q": 4.38,
            "eps_4q_growth_year": null,
            "roe": -1.16,
            "roe_4q": 22.21,
            "gross_profit": -49925,
            "gross_margin": -173.16,
            "gross_margin_4q_avg": -31.66,
            "net_income": -36390,
            "net_income_4q": null,
            "revenue": 28831,
            "revenue_4q": null,
            "common_shares": 1384000,
            "book_valuer_per_share": 21.73,
            "book_valuer_per_share_4q_avg": 22.28,
            "equity": 3007435,
            "current_ratio": 1939.72,
            "debt_ratio": 9.59,
            "inventory_turnover_ratio": 0.17,
            "account_receivable_turnover_ratio": 11.62,
            "reinvestment_rate": 21.59,
            "research_to_sale_ratio": null,
            "price_fair": 34.48,
            "eps_avg_yearly": 0.99,
            "eps_latest_yearly": 4.44,
            "eps_growth_yearly": 726.69
        },
        "20214": {
            "year_quarter": 20214,
            "year": 2021,
            "quarter": 4,
            "eps": 0.12,
            "eps_growth_year": -96.41,
            "eps_4q": 1.11,
            "eps_4q_growth_year": -56.52,
            "roe": 0.55,
            "roe_4q": 4.91,
            "gross_profit": -9696,
            "gross_margin": -18.39,
            "gross_margin_4q_avg": -33.54,
            "net_income": 16809,
            "net_income_4q": null,
            "revenue": 52729,
            "revenue_4q": null,
            "common_shares": 1384000,
            "book_valuer_per_share": 22.49,
            "book_valuer_per_share_4q_avg": 22.47,
            "equity": 3113302,
            "current_ratio": 2216.77,
            "debt_ratio": 9.05,
            "inventory_turnover_ratio": 0.16,
            "account_receivable_turnover_ratio": 14.52,
            "reinvestment_rate": 17.75,
            "research_to_sale_ratio": null,
            "price_fair": 39.2,
            "eps_avg_yearly": 1.12,
            "eps_latest_yearly": 4.44,
            "eps_growth_yearly": 881.93
        },
        "20221": {
            "year_quarter": 20221,
            "year": 2022,
            "quarter": 1,
            "eps": 0.19,
            "eps_growth_year": 35.71,
            "eps_4q": 1.15,
            "eps_4q_growth_year": -61.96,
            "roe": 0.82,
            "roe_4q": 5.07,
            "gross_profit": 17875,
            "gross_margin": 29.55,
            "gross_margin_4q_avg": -38.59,
            "net_income": 25612,
            "net_income_4q": null,
            "revenue": 60492,
            "revenue_4q": null,
            "common_shares": 1384000,
            "book_valuer_per_share": 22.76,
            "book_valuer_per_share_4q_avg": 22.7,
            "equity": 3149924,
            "current_ratio": 1699.38,
            "debt_ratio": 8.77,
            "inventory_turnover_ratio": 0.12,
            "account_receivable_turnover_ratio": 16.82,
            "reinvestment_rate": 45.8,
            "research_to_sale_ratio": null,
            "price_fair": 41,
            "eps_avg_yearly": 1.17,
            "eps_latest_yearly": 0.76,
            "eps_growth_yearly": 400.98
        },
        "20222": {
            "year_quarter": 20222,
            "year": 2022,
            "quarter": 2,
            "eps": 0.11,
            "eps_growth_year": -90.09,
            "eps_4q": 0.15,
            "eps_4q_growth_year": -96.57,
            "roe": 0.48,
            "roe_4q": 0.69,
            "gross_profit": 596,
            "gross_margin": 1.43,
            "gross_margin_4q_avg": -40.14,
            "net_income": 14815,
            "net_income_4q": null,
            "revenue": 41635,
            "revenue_4q": null,
            "common_shares": 1384000,
            "book_valuer_per_share": 21.65,
            "book_valuer_per_share_4q_avg": 22.16,
            "equity": 2996342,
            "current_ratio": 770.78,
            "debt_ratio": 11.09,
            "inventory_turnover_ratio": 0.12,
            "account_receivable_turnover_ratio": 11.77,
            "reinvestment_rate": 46.51,
            "research_to_sale_ratio": null,
            "price_fair": 39.2,
            "eps_avg_yearly": 1.12,
            "eps_latest_yearly": 0.44,
            "eps_growth_yearly": 319.77
        },
        "20223": {
            "year_quarter": 20223,
            "year": 2022,
            "quarter": 3,
            "eps": 0.14,
            "eps_growth_year": null,
            "eps_4q": 0.55,
            "eps_4q_growth_year": -87.35,
            "roe": 0.64,
            "roe_4q": 2.49,
            "gross_profit": -35630,
            "gross_margin": -104.49,
            "gross_margin_4q_avg": -22.98,
            "net_income": 19378,
            "net_income_4q": null,
            "revenue": 34099,
            "revenue_4q": null,
            "common_shares": 1384000,
            "book_valuer_per_share": 21.82,
            "book_valuer_per_share_4q_avg": 22.18,
            "equity": 3020564,
            "current_ratio": 2596.24,
            "debt_ratio": 8.37,
            "inventory_turnover_ratio": 0.23,
            "account_receivable_turnover_ratio": 7.9,
            "reinvestment_rate": 50.54,
            "research_to_sale_ratio": null,
            "price_fair": 37.2,
            "eps_avg_yearly": 1.06,
            "eps_latest_yearly": 0.56,
            "eps_growth_yearly": 323.93
        },
        "20224": {
            "year_quarter": 20224,
            "year": 2022,
            "quarter": 4,
            "eps": 0.1,
            "eps_growth_year": -19.42,
            "eps_4q": 0.53,
            "eps_4q_growth_year": -52.35,
            "roe": 0.45,
            "roe_4q": 2.39,
            "gross_profit": 15726,
            "gross_margin": 39.6,
            "gross_margin_4q_avg": -8.48,
            "net_income": 13545,
            "net_income_4q": null,
            "revenue": 39716,
            "revenue_4q": null,
            "common_shares": 1384000,
            "book_valuer_per_share": 21.99,
            "book_valuer_per_share_4q_avg": 22.06,
            "equity": 3043922,
            "current_ratio": 2804.64,
            "debt_ratio": 8.34,
            "inventory_turnover_ratio": 0.09,
            "account_receivable_turnover_ratio": 7.13,
            "reinvestment_rate": 53.83,
            "research_to_sale_ratio": null,
            "price_fair": 37.4,
            "eps_avg_yearly": 1.07,
            "eps_latest_yearly": 0.4,
            "eps_growth_yearly": 343.32
        },
        "20231": {
            "year_quarter": 20231,
            "year": 2023,
            "quarter": 1,
            "eps": 0.21,
            "eps_growth_year": 10.53,
            "eps_4q": 0.56,
            "eps_4q_growth_year": -51.79,
            "roe": 0.96,
            "roe_4q": 2.53,
            "gross_profit": -6838,
            "gross_margin": -18.6,
            "gross_margin_4q_avg": -20.52,
            "net_income": 29227,
            "net_income_4q": null,
            "revenue": 36767,
            "revenue_4q": null,
            "common_shares": 1384000,
            "book_valuer_per_share": 22.06,
            "book_valuer_per_share_4q_avg": 21.88,
            "equity": 3053694,
            "current_ratio": 2471.35,
            "debt_ratio": 8.59,
            "inventory_turnover_ratio": 0.16,
            "account_receivable_turnover_ratio": 9.45,
            "reinvestment_rate": -31.86,
            "research_to_sale_ratio": null,
            "price_fair": 40,
            "eps_avg_yearly": 1.14,
            "eps_latest_yearly": 0.84,
            "eps_growth_yearly": 412.52
        },
        "20232": {
            "year_quarter": 20232,
            "year": 2023,
            "quarter": 2,
            "eps": -0.01,
            "eps_growth_year": -109.09,
            "eps_4q": 0.44,
            "eps_4q_growth_year": 192.82,
            "roe": -0.04,
            "roe_4q": 2.01,
            "gross_profit": -28078,
            "gross_margin": -108.88,
            "gross_margin_4q_avg": -48.09,
            "net_income": -1109,
            "net_income_4q": null,
            "revenue": 25787,
            "revenue_4q": null,
            "common_shares": 1384000,
            "book_valuer_per_share": 22.13,
            "book_valuer_per_share_4q_avg": 22,
            "equity": 3062943,
            "current_ratio": 1558.27,
            "debt_ratio": 9.44,
            "inventory_turnover_ratio": 0.22,
            "account_receivable_turnover_ratio": 10.32,
            "reinvestment_rate": -29.27,
            "research_to_sale_ratio": null,
            "price_fair": 40,
            "eps_avg_yearly": 1.14,
            "eps_latest_yearly": 0.84,
            "eps_growth_yearly": 412.52
        },
        "20233": {
            "year_quarter": 20233,
            "year": 2023,
            "quarter": 3,
            "eps": 0.45,
            "eps_growth_year": 221.43,
            "eps_4q": 0.95,
            "eps_4q_growth_year": 71.69,
            "roe": 1.82,
            "roe_4q": 3.1900000000000004,
            "gross_profit": -1568,
            "gross_margin": -5.46,
            "gross_margin_4q_avg": -23.34,
            "net_income": 53043,
            "net_income_4q": null,
            "revenue": 28721,
            "revenue_4q": null,
            "common_shares": 996480,
            "book_valuer_per_share": 27.64,
            "book_valuer_per_share_4q_avg": 23.46,
            "equity": 2753908,
            "current_ratio": 303.53,
            "debt_ratio": 19.86,
            "inventory_turnover_ratio": 0.13,
            "account_receivable_turnover_ratio": 6.42,
            "reinvestment_rate": -24.29,
            "research_to_sale_ratio": null,
            "price_fair": 40,
            "eps_avg_yearly": 1.14,
            "eps_latest_yearly": 0.84,
            "eps_growth_yearly": 412.52
        },
        "20234": {
            "year_quarter": 20234,
            "year": 2023,
            "quarter": 4,
            "eps": -0.11,
            "eps_growth_year": -208.98,
            "eps_4q": 0.71,
            "eps_4q_growth_year": 33.55,
            "roe": -0.38,
            "roe_4q": 2.36,
            "gross_profit": -2459,
            "gross_margin": -7.47,
            "gross_margin_4q_avg": -35.1,
            "net_income": -10628,
            "net_income_4q": null,
            "revenue": 32910,
            "revenue_4q": null,
            "common_shares": 996480,
            "book_valuer_per_share": 28.72,
            "book_valuer_per_share_4q_avg": 25.14,
            "equity": 2862140,
            "current_ratio": 1705.19,
            "debt_ratio": 8.99,
            "inventory_turnover_ratio": 0.16,
            "account_receivable_turnover_ratio": 16.68,
            "reinvestment_rate": -23.75,
            "research_to_sale_ratio": null,
            "price_fair": 40,
            "eps_avg_yearly": 1.14,
            "eps_latest_yearly": 0.84,
            "eps_growth_yearly": 412.52
        }
    },
    "months": {
        "2001-06": {
            "month": "2001-06",
            "price": "4.74",
            "revenue": 273583
        },
        "2001-07": {
            "month": "2001-07",
            "price": "4.99",
            "revenue": 264157
        },
        "2001-08": {
            "month": "2001-08",
            "price": "5.51",
            "revenue": 192515
        },
        "2001-09": {
            "month": "2001-09",
            "price": "5.61",
            "revenue": 177868
        },
        "2001-10": {
            "month": "2001-10",
            "price": "5.27",
            "revenue": 166331
        },
        "2001-11": {
            "month": "2001-11",
            "price": "5.42",
            "revenue": 149046
        },
        "2001-12": {
            "month": "2001-12",
            "price": "6.00",
            "revenue": 186306
        },
        "2002-01": {
            "month": "2002-01",
            "price": "6.21",
            "revenue": 237772
        },
        "2002-02": {
            "month": "2002-02",
            "price": "7.18",
            "revenue": 195659
        },
        "2002-03": {
            "month": "2002-03",
            "price": "8.19",
            "revenue": 248879
        },
        "2002-04": {
            "month": "2002-04",
            "price": "8.06",
            "revenue": 221622
        },
        "2002-05": {
            "month": "2002-05",
            "price": "7.12",
            "revenue": 235330
        },
        "2002-06": {
            "month": "2002-06",
            "price": "8.02",
            "revenue": 210552
        },
        "2002-07": {
            "month": "2002-07",
            "price": "7.80",
            "revenue": 182786
        },
        "2002-08": {
            "month": "2002-08",
            "price": "6.61",
            "revenue": 167323
        },
        "2002-09": {
            "month": "2002-09",
            "price": "5.14",
            "revenue": 158119
        },
        "2002-10": {
            "month": "2002-10",
            "price": "4.82",
            "revenue": 237962
        },
        "2002-11": {
            "month": "2002-11",
            "price": "6.60",
            "revenue": 200558
        },
        "2002-12": {
            "month": "2002-12",
            "price": "6.97",
            "revenue": 243517
        },
        "2003-01": {
            "month": "2003-01",
            "price": "9.21",
            "revenue": 228450
        },
        "2003-02": {
            "month": "2003-02",
            "price": "8.11",
            "revenue": 229155
        },
        "2003-03": {
            "month": "2003-03",
            "price": "7.73",
            "revenue": 199103
        },
        "2003-04": {
            "month": "2003-04",
            "price": "7.69",
            "revenue": 209986
        },
        "2003-05": {
            "month": "2003-05",
            "price": "7.03",
            "revenue": 131171
        },
        "2003-06": {
            "month": "2003-06",
            "price": "7.64",
            "revenue": 164396
        },
        "2003-07": {
            "month": "2003-07",
            "price": "7.74",
            "revenue": 193067
        },
        "2003-08": {
            "month": "2003-08",
            "price": "7.51",
            "revenue": 140085
        },
        "2003-09": {
            "month": "2003-09",
            "price": "7.49",
            "revenue": 162173
        },
        "2003-10": {
            "month": "2003-10",
            "price": "7.92",
            "revenue": 185076
        },
        "2003-11": {
            "month": "2003-11",
            "price": "7.71",
            "revenue": 184685
        },
        "2003-12": {
            "month": "2003-12",
            "price": "7.47",
            "revenue": 195355
        },
        "2004-01": {
            "month": "2004-01",
            "price": "8.43",
            "revenue": 148366
        },
        "2004-02": {
            "month": "2004-02",
            "price": "8.97",
            "revenue": 200827
        },
        "2004-03": {
            "month": "2004-03",
            "price": "8.25",
            "revenue": 256936
        },
        "2004-04": {
            "month": "2004-04",
            "price": "7.52",
            "revenue": 244130
        },
        "2004-05": {
            "month": "2004-05",
            "price": "5.99",
            "revenue": 254036
        },
        "2004-06": {
            "month": "2004-06",
            "price": "5.85",
            "revenue": 302393
        },
        "2004-07": {
            "month": "2004-07",
            "price": "5.60",
            "revenue": 269143
        },
        "2004-08": {
            "month": "2004-08",
            "price": "5.38",
            "revenue": 179045
        },
        "2004-09": {
            "month": "2004-09",
            "price": "5.79",
            "revenue": 179455
        },
        "2004-10": {
            "month": "2004-10",
            "price": "5.86",
            "revenue": 168625
        },
        "2004-11": {
            "month": "2004-11",
            "price": "5.68",
            "revenue": 201110
        },
        "2004-12": {
            "month": "2004-12",
            "price": "5.82",
            "revenue": 160022
        },
        "2005-01": {
            "month": "2005-01",
            "price": "6.09",
            "revenue": 185200
        },
        "2005-02": {
            "month": "2005-02",
            "price": "5.62",
            "revenue": 130146
        },
        "2005-03": {
            "month": "2005-03",
            "price": "5.28",
            "revenue": 167872
        },
        "2005-04": {
            "month": "2005-04",
            "price": "4.49",
            "revenue": 235282
        },
        "2005-05": {
            "month": "2005-05",
            "price": "4.13",
            "revenue": 196454
        },
        "2005-06": {
            "month": "2005-06",
            "price": "4.67",
            "revenue": 214153
        },
        "2005-07": {
            "month": "2005-07",
            "price": "4.61",
            "revenue": 192795
        },
        "2005-08": {
            "month": "2005-08",
            "price": "4.34",
            "revenue": 172845
        },
        "2005-09": {
            "month": "2005-09",
            "price": "4.12",
            "revenue": 160566
        },
        "2005-10": {
            "month": "2005-10",
            "price": "4.03",
            "revenue": 143950
        },
        "2005-11": {
            "month": "2005-11",
            "price": "3.96",
            "revenue": 155594
        },
        "2005-12": {
            "month": "2005-12",
            "price": "4.13",
            "revenue": 109506
        },
        "2006-01": {
            "month": "2006-01",
            "price": "4.14",
            "revenue": 138328
        },
        "2006-02": {
            "month": "2006-02",
            "price": "3.94",
            "revenue": 144437
        },
        "2006-03": {
            "month": "2006-03",
            "price": "3.58",
            "revenue": 211809
        },
        "2006-04": {
            "month": "2006-04",
            "price": "3.91",
            "revenue": 206666
        },
        "2006-05": {
            "month": "2006-05",
            "price": "5.04",
            "revenue": 183908
        },
        "2006-06": {
            "month": "2006-06",
            "price": "4.48",
            "revenue": 218134
        },
        "2006-07": {
            "month": "2006-07",
            "price": "5.48",
            "revenue": 179907
        },
        "2006-08": {
            "month": "2006-08",
            "price": "5.67",
            "revenue": 172136
        },
        "2006-09": {
            "month": "2006-09",
            "price": "5.91",
            "revenue": 157569
        },
        "2006-10": {
            "month": "2006-10",
            "price": "6.07",
            "revenue": 104072
        },
        "2006-11": {
            "month": "2006-11",
            "price": "7.13",
            "revenue": 167111
        },
        "2006-12": {
            "month": "2006-12",
            "price": "7.93",
            "revenue": 219313
        },
        "2007-01": {
            "month": "2007-01",
            "price": "7.89",
            "revenue": 232570
        },
        "2007-02": {
            "month": "2007-02",
            "price": "7.84",
            "revenue": 108880
        },
        "2007-03": {
            "month": "2007-03",
            "price": "8.17",
            "revenue": 268089
        },
        "2007-04": {
            "month": "2007-04",
            "price": "8.88",
            "revenue": 203400
        },
        "2007-05": {
            "month": "2007-05",
            "price": "9.09",
            "revenue": 202030
        },
        "2007-06": {
            "month": "2007-06",
            "price": "9.10",
            "revenue": 271404
        },
        "2007-07": {
            "month": "2007-07",
            "price": "10.25",
            "revenue": 228485
        },
        "2007-08": {
            "month": "2007-08",
            "price": "9.46",
            "revenue": 213631
        },
        "2007-09": {
            "month": "2007-09",
            "price": "11.60",
            "revenue": 136940
        },
        "2007-10": {
            "month": "2007-10",
            "price": "11.04",
            "revenue": 157711
        },
        "2007-11": {
            "month": "2007-11",
            "price": "9.97",
            "revenue": 205988
        },
        "2007-12": {
            "month": "2007-12",
            "price": "8.88",
            "revenue": 170848
        },
        "2008-01": {
            "month": "2008-01",
            "price": "9.03",
            "revenue": 162052
        },
        "2008-02": {
            "month": "2008-02",
            "price": "9.56",
            "revenue": 155497
        },
        "2008-03": {
            "month": "2008-03",
            "price": "10.71",
            "revenue": 163901
        },
        "2008-04": {
            "month": "2008-04",
            "price": "10.85",
            "revenue": 221356
        },
        "2008-05": {
            "month": "2008-05",
            "price": "10.27",
            "revenue": 117141
        },
        "2008-06": {
            "month": "2008-06",
            "price": "8.70",
            "revenue": 142806
        },
        "2008-07": {
            "month": "2008-07",
            "price": "6.93",
            "revenue": 121685
        },
        "2008-08": {
            "month": "2008-08",
            "price": "6.46",
            "revenue": 123053
        },
        "2008-09": {
            "month": "2008-09",
            "price": "5.22",
            "revenue": 114757
        },
        "2008-10": {
            "month": "2008-10",
            "price": "4.09",
            "revenue": 96312
        },
        "2008-11": {
            "month": "2008-11",
            "price": "3.69",
            "revenue": 76648
        },
        "2008-12": {
            "month": "2008-12",
            "price": "3.75",
            "revenue": 67418
        },
        "2009-01": {
            "month": "2009-01",
            "price": "3.70",
            "revenue": 72915
        },
        "2009-02": {
            "month": "2009-02",
            "price": "3.45",
            "revenue": 84970
        },
        "2009-03": {
            "month": "2009-03",
            "price": "3.99",
            "revenue": 75627
        },
        "2009-04": {
            "month": "2009-04",
            "price": "5.13",
            "revenue": 77375
        },
        "2009-05": {
            "month": "2009-05",
            "price": "5.59",
            "revenue": 68115
        },
        "2009-06": {
            "month": "2009-06",
            "price": "5.48",
            "revenue": 94228
        },
        "2009-07": {
            "month": "2009-07",
            "price": "5.56",
            "revenue": 75629
        },
        "2009-08": {
            "month": "2009-08",
            "price": "5.75",
            "revenue": 74506
        },
        "2009-09": {
            "month": "2009-09",
            "price": "6.16",
            "revenue": 99397
        },
        "2009-10": {
            "month": "2009-10",
            "price": "7.01",
            "revenue": 66606
        },
        "2009-11": {
            "month": "2009-11",
            "price": "7.25",
            "revenue": 74017
        },
        "2009-12": {
            "month": "2009-12",
            "price": "7.75",
            "revenue": 67783
        },
        "2010-01": {
            "month": "2010-01",
            "price": "8.49",
            "revenue": 63739
        },
        "2010-02": {
            "month": "2010-02",
            "price": "7.57",
            "revenue": 53753
        },
        "2010-03": {
            "month": "2010-03",
            "price": "7.79",
            "revenue": 93743
        },
        "2010-04": {
            "month": "2010-04",
            "price": "8.44",
            "revenue": 110119
        },
        "2010-05": {
            "month": "2010-05",
            "price": "8.05",
            "revenue": 117544
        },
        "2010-06": {
            "month": "2010-06",
            "price": "7.89",
            "revenue": 91252
        },
        "2010-07": {
            "month": "2010-07",
            "price": "7.76",
            "revenue": 84492
        },
        "2010-08": {
            "month": "2010-08",
            "price": "8.43",
            "revenue": 86342
        },
        "2010-09": {
            "month": "2010-09",
            "price": "8.11",
            "revenue": 67601
        },
        "2010-10": {
            "month": "2010-10",
            "price": "8.87",
            "revenue": 104081
        },
        "2010-11": {
            "month": "2010-11",
            "price": "8.67",
            "revenue": 109942
        },
        "2010-12": {
            "month": "2010-12",
            "price": "8.74",
            "revenue": 116616
        },
        "2011-01": {
            "month": "2011-01",
            "price": "8.92",
            "revenue": 129244
        },
        "2011-02": {
            "month": "2011-02",
            "price": "8.79",
            "revenue": 96667
        },
        "2011-03": {
            "month": "2011-03",
            "price": "8.21",
            "revenue": 158686
        },
        "2011-04": {
            "month": "2011-04",
            "price": "8.44",
            "revenue": 155290
        },
        "2011-05": {
            "month": "2011-05",
            "price": "8.81",
            "revenue": 155136
        },
        "2011-06": {
            "month": "2011-06",
            "price": "8.92",
            "revenue": 151665
        },
        "2011-07": {
            "month": "2011-07",
            "price": "9.07",
            "revenue": 97961
        },
        "2011-08": {
            "month": "2011-08",
            "price": "8.35",
            "revenue": 85898
        },
        "2011-09": {
            "month": "2011-09",
            "price": "8.28",
            "revenue": 73684
        },
        "2011-10": {
            "month": "2011-10",
            "price": "7.75",
            "revenue": 85646
        },
        "2011-11": {
            "month": "2011-11",
            "price": "7.62",
            "revenue": 111924
        },
        "2011-12": {
            "month": "2011-12",
            "price": "7.23",
            "revenue": 94123
        },
        "2012-01": {
            "month": "2012-01",
            "price": "7.24",
            "revenue": 82386
        },
        "2012-02": {
            "month": "2012-02",
            "price": "8.05",
            "revenue": 85944
        },
        "2012-03": {
            "month": "2012-03",
            "price": "8.09",
            "revenue": 127666
        },
        "2012-04": {
            "month": "2012-04",
            "price": "7.44",
            "revenue": 130441
        },
        "2012-05": {
            "month": "2012-05",
            "price": "7.16",
            "revenue": 115491
        },
        "2012-06": {
            "month": "2012-06",
            "price": "6.98",
            "revenue": 101082
        },
        "2012-07": {
            "month": "2012-07",
            "price": "6.86",
            "revenue": 77478
        },
        "2012-08": {
            "month": "2012-08",
            "price": "7.12",
            "revenue": 66860
        },
        "2012-09": {
            "month": "2012-09",
            "price": "7.43",
            "revenue": 51490
        },
        "2012-10": {
            "month": "2012-10",
            "price": "7.29",
            "revenue": 58874
        },
        "2012-11": {
            "month": "2012-11",
            "price": "6.74",
            "revenue": 75531
        },
        "2012-12": {
            "month": "2012-12",
            "price": "6.92",
            "revenue": 68682
        },
        "2013-01": {
            "month": "2013-01",
            "price": "7.10",
            "revenue": 91974
        },
        "2013-02": {
            "month": "2013-02",
            "price": "7.03",
            "revenue": 58438
        },
        "2013-03": {
            "month": "2013-03",
            "price": "7.00",
            "revenue": 82242
        },
        "2013-04": {
            "month": "2013-04",
            "price": "6.93",
            "revenue": 83387
        },
        "2013-05": {
            "month": "2013-05",
            "price": "7.12",
            "revenue": 80219
        },
        "2013-06": {
            "month": "2013-06",
            "price": "7.18",
            "revenue": 49858
        },
        "2013-07": {
            "month": "2013-07",
            "price": "7.22",
            "revenue": 61902
        },
        "2013-08": {
            "month": "2013-08",
            "price": "7.17",
            "revenue": 98063
        },
        "2013-09": {
            "month": "2013-09",
            "price": "7.21",
            "revenue": 64511
        },
        "2013-10": {
            "month": "2013-10",
            "price": "8.26",
            "revenue": 52170
        },
        "2013-11": {
            "month": "2013-11",
            "price": "7.85",
            "revenue": 48767
        },
        "2013-12": {
            "month": "2013-12",
            "price": "8.08",
            "revenue": 50359
        },
        "2014-01": {
            "month": "2014-01",
            "price": "8.19",
            "revenue": 67856
        },
        "2014-02": {
            "month": "2014-02",
            "price": "8.13",
            "revenue": 46689
        },
        "2014-03": {
            "month": "2014-03",
            "price": "8.06",
            "revenue": 38536
        },
        "2014-04": {
            "month": "2014-04",
            "price": "7.96",
            "revenue": 65637
        },
        "2014-05": {
            "month": "2014-05",
            "price": "7.52",
            "revenue": 42993
        },
        "2014-06": {
            "month": "2014-06",
            "price": "7.59",
            "revenue": 73001
        },
        "2014-07": {
            "month": "2014-07",
            "price": "7.88",
            "revenue": 70634
        },
        "2014-08": {
            "month": "2014-08",
            "price": "7.83",
            "revenue": 67580
        },
        "2014-09": {
            "month": "2014-09",
            "price": "7.83",
            "revenue": 54300
        },
        "2014-10": {
            "month": "2014-10",
            "price": "7.79",
            "revenue": 61312
        },
        "2014-11": {
            "month": "2014-11",
            "price": "7.66",
            "revenue": 45285
        },
        "2014-12": {
            "month": "2014-12",
            "price": "7.97",
            "revenue": 56044
        },
        "2015-01": {
            "month": "2015-01",
            "price": "7.98",
            "revenue": 57108
        },
        "2015-02": {
            "month": "2015-02",
            "price": "7.91",
            "revenue": 47541
        },
        "2015-03": {
            "month": "2015-03",
            "price": "7.88",
            "revenue": 51418
        },
        "2015-04": {
            "month": "2015-04",
            "price": "8.06",
            "revenue": 73609
        },
        "2015-05": {
            "month": "2015-05",
            "price": "7.97",
            "revenue": 67745
        },
        "2015-06": {
            "month": "2015-06",
            "price": "7.82",
            "revenue": 59431
        },
        "2015-07": {
            "month": "2015-07",
            "price": "7.49",
            "revenue": 45799
        },
        "2015-08": {
            "month": "2015-08",
            "price": "6.74",
            "revenue": 38282
        },
        "2015-09": {
            "month": "2015-09",
            "price": "6.76",
            "revenue": 48281
        },
        "2015-10": {
            "month": "2015-10",
            "price": "7.13",
            "revenue": 73042
        },
        "2015-11": {
            "month": "2015-11",
            "price": "7.13",
            "revenue": 37672
        },
        "2015-12": {
            "month": "2015-12",
            "price": "6.99",
            "revenue": 41229
        },
        "2016-01": {
            "month": "2016-01",
            "price": "6.70",
            "revenue": 54333
        },
        "2016-02": {
            "month": "2016-02",
            "price": "6.62",
            "revenue": 36699
        },
        "2016-03": {
            "month": "2016-03",
            "price": "6.77",
            "revenue": 71004
        },
        "2016-04": {
            "month": "2016-04",
            "price": "6.73",
            "revenue": 57965
        },
        "2016-05": {
            "month": "2016-05",
            "price": "6.51",
            "revenue": 62328
        },
        "2016-06": {
            "month": "2016-06",
            "price": "6.32",
            "revenue": 47210
        },
        "2016-07": {
            "month": "2016-07",
            "price": "6.41",
            "revenue": 72320
        },
        "2016-08": {
            "month": "2016-08",
            "price": "6.62",
            "revenue": 58904
        },
        "2016-09": {
            "month": "2016-09",
            "price": "6.67",
            "revenue": 38302
        },
        "2016-10": {
            "month": "2016-10",
            "price": "6.56",
            "revenue": 57829
        },
        "2016-11": {
            "month": "2016-11",
            "price": "6.62",
            "revenue": 45052
        },
        "2016-12": {
            "month": "2016-12",
            "price": "6.86",
            "revenue": 50866
        },
        "2017-01": {
            "month": "2017-01",
            "price": "6.82",
            "revenue": 35349
        },
        "2017-02": {
            "month": "2017-02",
            "price": "7.47",
            "revenue": 50473
        },
        "2017-03": {
            "month": "2017-03",
            "price": "7.47",
            "revenue": 56726
        },
        "2017-04": {
            "month": "2017-04",
            "price": "7.04",
            "revenue": 52494
        },
        "2017-05": {
            "month": "2017-05",
            "price": "6.98",
            "revenue": 56201
        },
        "2017-06": {
            "month": "2017-06",
            "price": "7.05",
            "revenue": 53246
        },
        "2017-07": {
            "month": "2017-07",
            "price": "7.09",
            "revenue": 29712
        },
        "2017-08": {
            "month": "2017-08",
            "price": "7.15",
            "revenue": 42314
        },
        "2017-09": {
            "month": "2017-09",
            "price": "7.43",
            "revenue": 49491
        },
        "2017-10": {
            "month": "2017-10",
            "price": "7.59",
            "revenue": 67146
        },
        "2017-11": {
            "month": "2017-11",
            "price": "7.78",
            "revenue": 95680
        },
        "2017-12": {
            "month": "2017-12",
            "price": "8.26",
            "revenue": 92538
        },
        "2018-01": {
            "month": "2018-01",
            "price": "8.64",
            "revenue": 75778
        },
        "2018-02": {
            "month": "2018-02",
            "price": "8.22",
            "revenue": 51334
        },
        "2018-03": {
            "month": "2018-03",
            "price": "8.66",
            "revenue": 91799
        },
        "2018-04": {
            "month": "2018-04",
            "price": "10.63",
            "revenue": 56840
        },
        "2018-05": {
            "month": "2018-05",
            "price": "10.19",
            "revenue": 87834
        },
        "2018-06": {
            "month": "2018-06",
            "price": "10.06",
            "revenue": 61927
        },
        "2018-07": {
            "month": "2018-07",
            "price": "9.72",
            "revenue": 52891
        },
        "2018-08": {
            "month": "2018-08",
            "price": "10.33",
            "revenue": 56376
        },
        "2018-09": {
            "month": "2018-09",
            "price": "10.21",
            "revenue": 59975
        },
        "2018-10": {
            "month": "2018-10",
            "price": "10.36",
            "revenue": 54597
        },
        "2018-11": {
            "month": "2018-11",
            "price": "10.51",
            "revenue": 74239
        },
        "2018-12": {
            "month": "2018-12",
            "price": "10.42",
            "revenue": 37497
        },
        "2019-01": {
            "month": "2019-01",
            "price": "10.31",
            "revenue": 42073
        },
        "2019-02": {
            "month": "2019-02",
            "price": "10.32",
            "revenue": 31127
        },
        "2019-03": {
            "month": "2019-03",
            "price": "10.30",
            "revenue": 38900
        },
        "2019-04": {
            "month": "2019-04",
            "price": "10.09",
            "revenue": 63594
        },
        "2019-05": {
            "month": "2019-05",
            "price": "10.11",
            "revenue": 50847
        },
        "2019-06": {
            "month": "2019-06",
            "price": "10.38",
            "revenue": 37946
        },
        "2019-07": {
            "month": "2019-07",
            "price": "10.26",
            "revenue": 49882
        },
        "2019-08": {
            "month": "2019-08",
            "price": "10.35",
            "revenue": 41673
        },
        "2019-09": {
            "month": "2019-09",
            "price": "10.56",
            "revenue": 38382
        },
        "2019-10": {
            "month": "2019-10",
            "price": "10.58",
            "revenue": 27475
        },
        "2019-11": {
            "month": "2019-11",
            "price": "10.43",
            "revenue": 21416
        },
        "2019-12": {
            "month": "2019-12",
            "price": "10.36",
            "revenue": 11776
        },
        "2020-01": {
            "month": "2020-01",
            "price": "10.30",
            "revenue": 12069
        },
        "2020-02": {
            "month": "2020-02",
            "price": "10.19",
            "revenue": 26244
        },
        "2020-03": {
            "month": "2020-03",
            "price": "9.69",
            "revenue": 19015
        },
        "2020-04": {
            "month": "2020-04",
            "price": "10.31",
            "revenue": 15837
        },
        "2020-05": {
            "month": "2020-05",
            "price": "10.85",
            "revenue": 18695
        },
        "2020-06": {
            "month": "2020-06",
            "price": "12.46",
            "revenue": 30771
        },
        "2020-07": {
            "month": "2020-07",
            "price": "13.82",
            "revenue": 14835
        },
        "2020-08": {
            "month": "2020-08",
            "price": "14.31",
            "revenue": 13614
        },
        "2020-09": {
            "month": "2020-09",
            "price": "14.40",
            "revenue": 12877
        },
        "2020-10": {
            "month": "2020-10",
            "price": "14.73",
            "revenue": 14604
        },
        "2020-11": {
            "month": "2020-11",
            "price": "15.51",
            "revenue": 12038
        },
        "2020-12": {
            "month": "2020-12",
            "price": "15.42",
            "revenue": 12124
        },
        "2021-01": {
            "month": "2021-01",
            "price": "17.18",
            "revenue": 17467
        },
        "2021-02": {
            "month": "2021-02",
            "price": "17.32",
            "revenue": 14184
        },
        "2021-03": {
            "month": "2021-03",
            "price": "20.54",
            "revenue": 22269
        },
        "2021-04": {
            "month": "2021-04",
            "price": "21.95",
            "revenue": 17732
        },
        "2021-05": {
            "month": "2021-05",
            "price": "21.27",
            "revenue": 16819
        },
        "2021-06": {
            "month": "2021-06",
            "price": "21.74",
            "revenue": 20114
        },
        "2021-07": {
            "month": "2021-07",
            "price": "21.73",
            "revenue": 8375
        },
        "2021-08": {
            "month": "2021-08",
            "price": "20.10",
            "revenue": 12666
        },
        "2021-09": {
            "month": "2021-09",
            "price": "18.18",
            "revenue": 7790
        },
        "2021-10": {
            "month": "2021-10",
            "price": "17.50",
            "revenue": 17597
        },
        "2021-11": {
            "month": "2021-11",
            "price": "18.74",
            "revenue": 14354
        },
        "2021-12": {
            "month": "2021-12",
            "price": "19.81",
            "revenue": 20778
        },
        "2022-01": {
            "month": "2022-01",
            "price": "19.71",
            "revenue": 18968
        },
        "2022-02": {
            "month": "2022-02",
            "price": "19.78",
            "revenue": 12381
        },
        "2022-03": {
            "month": "2022-03",
            "price": "19.82",
            "revenue": 29143
        },
        "2022-04": {
            "month": "2022-04",
            "price": "19.80",
            "revenue": 16530
        },
        "2022-05": {
            "month": "2022-05",
            "price": "19.48",
            "revenue": 15767
        },
        "2022-06": {
            "month": "2022-06",
            "price": "19.55",
            "revenue": 9338
        },
        "2022-07": {
            "month": "2022-07",
            "price": "19.05",
            "revenue": 10059
        },
        "2022-08": {
            "month": "2022-08",
            "price": "18.95",
            "revenue": 14789
        },
        "2022-09": {
            "month": "2022-09",
            "price": "19.40",
            "revenue": 9251
        },
        "2022-10": {
            "month": "2022-10",
            "price": "19.32",
            "revenue": 9328
        },
        "2022-11": {
            "month": "2022-11",
            "price": "20.49",
            "revenue": 16881
        },
        "2022-12": {
            "month": "2022-12",
            "price": "20.04",
            "revenue": 13507
        },
        "2023-01": {
            "month": "2023-01",
            "price": "20.10",
            "revenue": 8444
        },
        "2023-02": {
            "month": "2023-02",
            "price": "20.42",
            "revenue": 8359
        },
        "2023-03": {
            "month": "2023-03",
            "price": "20.57",
            "revenue": 19964
        },
        "2023-04": {
            "month": "2023-04",
            "price": "21.03",
            "revenue": 9825
        },
        "2023-05": {
            "month": "2023-05",
            "price": "23.03",
            "revenue": 6951
        },
        "2023-06": {
            "month": "2023-06",
            "price": "23.28",
            "revenue": 9011
        },
        "2023-07": {
            "month": "2023-07",
            "price": "23.81",
            "revenue": 10996
        },
        "2023-08": {
            "month": "2023-08",
            "price": "23.64",
            "revenue": 11088
        },
        "2023-09": {
            "month": "2023-09",
            "price": "23.63",
            "revenue": 6637
        },
        "2023-10": {
            "month": "2023-10",
            "price": "26.78",
            "revenue": 9973
        },
        "2023-11": {
            "month": "2023-11",
            "price": "30.47",
            "revenue": 15233
        },
        "2023-12": {
            "month": "2023-12",
            "price": "31.10",
            "revenue": 7704
        },
        "2024-01": {
            "month": "2024-01",
            "price": "30.82",
            "revenue": 12357
        },
        "2024-02": {
            "month": "2024-02",
            "price": "30.93",
            "revenue": 15335
        }
    }
}
