{
    "summary": {
        "stock_name": "大魯閣",
        "stock_id": "1432",
        "category": "運動休閒",
        "main_business": "商場開發<br>休閒育樂<br>策略事業",
        "website_url": "https://www.taroko.com.tw/",
        "ceo": "王盈之",
        "pe_ratio": 29,
        "report_year_from": 2001,
        "report_year_to": 2023,
        "age": 23,
        "eps_negative_percentage": 74,
        "eps_growth_avg": {
            "last_all": -59.25,
            "last_2y": -100,
            "last_4y": -100,
            "last_8y": -100,
            "last_12y": -49.06,
            "last_16y": -59.25,
            "last_20y": -59.25,
            "at_2006_last_3y": null,
            "at_2007_last_3y": null,
            "at_2008_last_3y": -100,
            "at_2009_last_3y": -100,
            "at_2010_last_3y": -100,
            "at_2011_last_3y": -98.11,
            "at_2012_last_3y": 1.89,
            "at_2013_last_3y": -32.08,
            "at_2014_last_3y": -32.08,
            "at_2015_last_3y": 0,
            "at_2016_last_3y": -100,
            "at_2017_last_3y": null,
            "at_2018_last_3y": null,
            "at_2019_last_3y": null,
            "at_2020_last_3y": null,
            "at_2021_last_3y": -100,
            "at_2022_last_3y": -100,
            "at_2023_last_3y": -100,
            "at_2024_last_3y": -100,
            "at_2006_last_all": null,
            "at_2007_last_all": null,
            "at_2008_last_all": -100,
            "at_2009_last_all": -100,
            "at_2010_last_all": -100,
            "at_2011_last_all": -98.11,
            "at_2012_last_all": -32.08,
            "at_2013_last_all": -49.06,
            "at_2014_last_all": -49.06,
            "at_2015_last_all": -49.06,
            "at_2016_last_all": -49.06,
            "at_2017_last_all": -49.06,
            "at_2018_last_all": -49.06,
            "at_2019_last_all": -49.06,
            "at_2020_last_all": -49.06,
            "at_2021_last_all": -59.25,
            "at_2022_last_all": -59.25,
            "at_2023_last_all": -59.25,
            "at_2024_last_all": -59.25
        },
        "latest_eps": 0.67,
        "latest_price": 19.2,
        "latest_roe": 7.24,
        "latest_gross_margin": 42.19,
        "latest_equity": 789157,
        "latest_revenue": 309793,
        "latest_gross_profit": 130688,
        "latest_net_income": -8461,
        "latest_debt_ratio": 83.8,
        "latest_current_ratio": 68.51,
        "latest_account_receivable_turnover_ratio": 5.48,
        "latest_inventory_turnover_ratio": 0.61,
        "latest_reinvestment_rate": null,
        "latest_research_to_sale_ratio": null
    },
    "eps_dividends": {
        "1991": {
            "cash": 0,
            "stock": 1.4,
            "eps": 0
        },
        "1992": {
            "cash": 0,
            "stock": 1,
            "eps": 0
        },
        "1998": {
            "cash": 0,
            "stock": 0.3,
            "eps": 0
        },
        "2001": {
            "cash": 0,
            "stock": 0,
            "eps": -1.01
        },
        "2002": {
            "cash": 0,
            "stock": 0,
            "eps": -1.42
        },
        "2003": {
            "cash": 0,
            "stock": 0,
            "eps": -0.61
        },
        "2004": {
            "cash": 0,
            "stock": 0,
            "eps": -2.53
        },
        "2005": {
            "cash": 0,
            "stock": 0,
            "eps": -1.4
        },
        "2006": {
            "cash": 0,
            "stock": 0,
            "eps": -1.99
        },
        "2007": {
            "cash": 0,
            "stock": 0,
            "eps": 3.9
        },
        "2008": {
            "cash": 0,
            "stock": 0,
            "eps": -1.08
        },
        "2009": {
            "cash": 0,
            "stock": 0,
            "eps": -1.33
        },
        "2010": {
            "cash": 0,
            "stock": 0,
            "eps": 9.54
        },
        "2011": {
            "cash": 0,
            "stock": 0,
            "eps": 0.36
        },
        "2012": {
            "cash": 0,
            "stock": 0,
            "eps": 6.58
        },
        "2013": {
            "cash": 0,
            "stock": 4,
            "eps": -1.05
        },
        "2014": {
            "cash": 0,
            "stock": 0,
            "eps": -0.87
        },
        "2015": {
            "cash": 0,
            "stock": 0,
            "eps": -0.75
        },
        "2016": {
            "cash": 0,
            "stock": 0,
            "eps": -0.84
        },
        "2017": {
            "cash": 0,
            "stock": 0,
            "eps": -0.85
        },
        "2018": {
            "cash": 0,
            "stock": 0,
            "eps": -1.09
        },
        "2019": {
            "cash": 0,
            "stock": 0,
            "eps": -3.04
        },
        "2020": {
            "cash": 4,
            "stock": 0,
            "eps": 0.14
        },
        "2021": {
            "cash": 0,
            "stock": 0,
            "eps": -2.01
        },
        "2022": {
            "cash": 0,
            "stock": 0,
            "eps": -0.35
        },
        "2023": {
            "cash": 0,
            "stock": 0,
            "eps": 0.68
        }
    },
    "dividends": {
        "1991-05-28": {
            "cash": 0,
            "stock": 1.4
        },
        "1992-04-23": {
            "cash": 0,
            "stock": 1
        },
        "1998-06-12": {
            "cash": 0,
            "stock": 0.3
        },
        "2013-05-06": {
            "cash": 0,
            "stock": 4
        },
        "2020-12-04": {
            "cash": 4,
            "stock": 0
        }
    },
    "prices": {
        "200101": "7.96",
        "200102": "8.26",
        "200103": "8.32",
        "200104": "8.15",
        "200105": "7.81",
        "200106": "7.92",
        "200107": "7.78",
        "200108": "7.85",
        "200109": "6.99",
        "200110": "6.23",
        "200111": "7.02",
        "200112": "7.79",
        "200201": "6.86",
        "200202": "6.55",
        "200203": "7.20",
        "200204": "7.60",
        "200205": "6.55",
        "200206": "6.39",
        "200207": "5.74",
        "200208": "5.38",
        "200209": "5.07",
        "200210": "4.90",
        "200211": "4.86",
        "200212": "5.51",
        "200301": "6.90",
        "200302": "8.30",
        "200303": "10.70",
        "200304": "10.09",
        "200305": "7.25",
        "200306": "7.74",
        "200307": "7.88",
        "200308": "8.11",
        "200309": "7.77",
        "200310": "7.30",
        "200311": "7.42",
        "200312": "7.10",
        "200401": "7.41",
        "200402": "8.24",
        "200403": "7.63",
        "200404": "7.63",
        "200405": "7.27",
        "200406": "6.64",
        "200407": "6.48",
        "200408": "6.94",
        "200409": "6.68",
        "200410": "6.71",
        "200411": "6.36",
        "200412": "6.45",
        "200501": "6.92",
        "200502": "6.81",
        "200503": "6.08",
        "200504": "6.06",
        "200505": "無",
        "200506": "無",
        "200507": "無",
        "200508": "無",
        "200509": "6.42",
        "200510": "3.90",
        "200511": "1.08",
        "200512": "1.38",
        "200601": "2.42",
        "200602": "1.85",
        "200603": "1.37",
        "200604": "2.51",
        "200605": "3.78",
        "200606": "6.99",
        "200607": "6.84",
        "200608": "7.01",
        "200609": "6.21",
        "200610": "6.88",
        "200611": "7.32",
        "200612": "7.73",
        "200701": "7.16",
        "200702": "6.34",
        "200703": "6.11",
        "200704": "7.39",
        "200705": "6.86",
        "200706": "6.96",
        "200707": "8.13",
        "200708": "7.63",
        "200709": "5.18",
        "200710": "6.80",
        "200711": "7.32",
        "200712": "7.61",
        "200801": "5.75",
        "200802": "5.76",
        "200803": "6.87",
        "200804": "5.93",
        "200805": "5.90",
        "200806": "6.28",
        "200807": "無",
        "200808": "無",
        "200809": "4.70",
        "200810": "無",
        "200811": "1.64",
        "200812": "1.27",
        "200901": "1.29",
        "200902": "1.14",
        "200903": "1.56",
        "200904": "3.29",
        "200905": "2.52",
        "200906": "3.61",
        "200907": "6.03",
        "200908": "6.63",
        "200909": "7.00",
        "200910": "7.44",
        "200911": "8.49",
        "200912": "6.88",
        "201001": "6.61",
        "201002": "7.72",
        "201003": "9.18",
        "201004": "8.63",
        "201005": "7.78",
        "201006": "9.08",
        "201007": "8.54",
        "201008": "9.99",
        "201009": "10.09",
        "201010": "10.15",
        "201011": "14.73",
        "201012": "14.61",
        "201101": "18.52",
        "201102": "16.69",
        "201103": "15.46",
        "201104": "14.95",
        "201105": "14.11",
        "201106": "13.13",
        "201107": "12.95",
        "201108": "12.92",
        "201109": "11.89",
        "201110": "11.28",
        "201111": "10.01",
        "201112": "7.73",
        "201201": "8.42",
        "201202": "9.50",
        "201203": "9.76",
        "201204": "9.06",
        "201205": "10.71",
        "201206": "11.93",
        "201207": "11.60",
        "201208": "11.66",
        "201209": "12.52",
        "201210": "11.99",
        "201211": "10.62",
        "201212": "11.77",
        "201301": "12.90",
        "201302": "15.04",
        "201303": "19.42",
        "201304": "23.92",
        "201305": "27.75",
        "201306": "35.36",
        "201307": "34.28",
        "201308": "34.51",
        "201309": "26.74",
        "201310": "23.69",
        "201311": "20.63",
        "201312": "21.77",
        "201401": "22.97",
        "201402": "25.65",
        "201403": "25.55",
        "201404": "24.60",
        "201405": "24.44",
        "201406": "24.62",
        "201407": "23.65",
        "201408": "23.43",
        "201409": "23.60",
        "201410": "20.13",
        "201411": "20.45",
        "201412": "19.70",
        "201501": "19.88",
        "201502": "19.60",
        "201503": "19.39",
        "201504": "19.90",
        "201505": "18.45",
        "201506": "17.12",
        "201507": "17.04",
        "201508": "16.38",
        "201509": "17.58",
        "201510": "19.72",
        "201511": "20.02",
        "201512": "20.21",
        "201601": "20.17",
        "201602": "20.68",
        "201603": "22.08",
        "201604": "22.93",
        "201605": "20.16",
        "201606": "21.04",
        "201607": "21.63",
        "201608": "20.17",
        "201609": "18.78",
        "201610": "17.16",
        "201611": "16.28",
        "201612": "16.60",
        "201701": "16.10",
        "201702": "16.10",
        "201703": "15.69",
        "201704": "14.94",
        "201705": "13.92",
        "201706": "14.18",
        "201707": "15.80",
        "201708": "14.68",
        "201709": "14.35",
        "201710": "14.12",
        "201711": "14.10",
        "201712": "13.10",
        "201801": "13.72",
        "201802": "12.08",
        "201803": "11.65",
        "201804": "11.11",
        "201805": "10.14",
        "201806": "10.23",
        "201807": "9.59",
        "201808": "9.24",
        "201809": "8.89",
        "201810": "7.81",
        "201811": "8.46",
        "201812": "9.74",
        "201901": "8.02",
        "201902": "7.98",
        "201903": "9.13",
        "201904": "8.88",
        "201905": "8.06",
        "201906": "7.25",
        "201907": "7.47",
        "201908": "7.20",
        "201909": "7.13",
        "201910": "7.04",
        "201911": "6.92",
        "201912": "6.78",
        "202001": "6.78",
        "202002": "5.80",
        "202003": "4.85",
        "202004": "4.85",
        "202005": "5.74",
        "202006": "6.20",
        "202007": "5.79",
        "202008": "7.46",
        "202009": "13.97",
        "202010": "19.10",
        "202011": "19.44",
        "202012": "15.16",
        "202101": "13.42",
        "202102": "13.89",
        "202103": "15.18",
        "202104": "16.26",
        "202105": "14.06",
        "202106": "13.76",
        "202107": "14.13",
        "202108": "12.92",
        "202109": "12.79",
        "202110": "12.92",
        "202111": "12.98",
        "202112": "12.54",
        "202201": "11.45",
        "202202": "11.34",
        "202203": "13.55",
        "202204": "12.43",
        "202205": "11.58",
        "202206": "12.48",
        "202207": "12.18",
        "202208": "12.70",
        "202209": "12.46",
        "202210": "11.76",
        "202211": "11.99",
        "202212": "12.00",
        "202301": "12.51",
        "202302": "16.71",
        "202303": "17.75",
        "202304": "15.91",
        "202305": "15.88",
        "202306": "18.38",
        "202307": "17.50",
        "202308": "17.07",
        "202309": "16.72",
        "202310": "16.00",
        "202311": "17.47",
        "202312": "18.17",
        "202401": "19.71",
        "202402": "21.98",
        "202403": "20.28"
    },
    "quarters": {
        "20011": {
            "year_quarter": 20011,
            "year": 2001,
            "quarter": 1,
            "eps": 0.03,
            "eps_growth_year": -95.31,
            "eps_4q": -1.87,
            "eps_4q_growth_year": null,
            "roe": 0.45,
            "roe_4q": 0.45,
            "gross_profit": 38774,
            "gross_margin": 9.9,
            "gross_margin_4q_avg": 9.9,
            "net_income": 6273,
            "net_income_4q": null,
            "revenue": 391760,
            "revenue_4q": null,
            "common_shares": 2077654,
            "book_valuer_per_share": 6.16,
            "book_valuer_per_share_4q_avg": 6.16,
            "equity": 1279850,
            "current_ratio": 80.91,
            "debt_ratio": 74.83,
            "inventory_turnover_ratio": 0.16,
            "account_receivable_turnover_ratio": null,
            "reinvestment_rate": null,
            "research_to_sale_ratio": null,
            "price_fair": 0,
            "eps_avg_yearly": 0,
            "eps_latest_yearly": 0,
            "eps_growth_yearly": 0
        },
        "20012": {
            "year_quarter": 20012,
            "year": 2001,
            "quarter": 2,
            "eps": -0.4,
            "eps_growth_year": null,
            "eps_4q": -1.75,
            "eps_4q_growth_year": null,
            "roe": -6.76,
            "roe_4q": -6.31,
            "gross_profit": 71616,
            "gross_margin": 15.69,
            "gross_margin_4q_avg": 12.8,
            "net_income": -82751,
            "net_income_4q": null,
            "revenue": 456442,
            "revenue_4q": null,
            "common_shares": 2077654,
            "book_valuer_per_share": 5.63,
            "book_valuer_per_share_4q_avg": 5.9,
            "equity": 1169142,
            "current_ratio": 82.29,
            "debt_ratio": 76.59,
            "inventory_turnover_ratio": 0.19,
            "account_receivable_turnover_ratio": null,
            "reinvestment_rate": null,
            "research_to_sale_ratio": null,
            "price_fair": 0,
            "eps_avg_yearly": 0,
            "eps_latest_yearly": 0,
            "eps_growth_yearly": 0
        },
        "20013": {
            "year_quarter": 20013,
            "year": 2001,
            "quarter": 3,
            "eps": -0.3,
            "eps_growth_year": null,
            "eps_4q": -1.17,
            "eps_4q_growth_year": null,
            "roe": -5.36,
            "roe_4q": -11.670000000000002,
            "gross_profit": 57949,
            "gross_margin": 14.93,
            "gross_margin_4q_avg": 13.51,
            "net_income": -62223,
            "net_income_4q": null,
            "revenue": 388135,
            "revenue_4q": null,
            "common_shares": 2077654,
            "book_valuer_per_share": 5.56,
            "book_valuer_per_share_4q_avg": 5.78,
            "equity": 1154503,
            "current_ratio": 78.92,
            "debt_ratio": 76.64,
            "inventory_turnover_ratio": 0.16,
            "account_receivable_turnover_ratio": null,
            "reinvestment_rate": null,
            "research_to_sale_ratio": null,
            "price_fair": 0,
            "eps_avg_yearly": 0,
            "eps_latest_yearly": 0,
            "eps_growth_yearly": 0
        },
        "20014": {
            "year_quarter": 20014,
            "year": 2001,
            "quarter": 4,
            "eps": -0.34,
            "eps_growth_year": null,
            "eps_4q": -1.31,
            "eps_4q_growth_year": null,
            "roe": -5.42,
            "roe_4q": -17.09,
            "gross_profit": 48810,
            "gross_margin": 14.64,
            "gross_margin_4q_avg": 13.79,
            "net_income": -70259,
            "net_income_4q": null,
            "revenue": 333393,
            "revenue_4q": null,
            "common_shares": 2077654,
            "book_valuer_per_share": 5.52,
            "book_valuer_per_share_4q_avg": 5.72,
            "equity": 1439458,
            "current_ratio": 89.07,
            "debt_ratio": 73.83,
            "inventory_turnover_ratio": 0.13,
            "account_receivable_turnover_ratio": null,
            "reinvestment_rate": null,
            "research_to_sale_ratio": null,
            "price_fair": 0,
            "eps_avg_yearly": 0,
            "eps_latest_yearly": 0,
            "eps_growth_yearly": 0
        },
        "20021": {
            "year_quarter": 20021,
            "year": 2002,
            "quarter": 1,
            "eps": -0.16,
            "eps_growth_year": -633.33,
            "eps_4q": -1.3,
            "eps_4q_growth_year": null,
            "roe": -2.47,
            "roe_4q": -20.009999999999998,
            "gross_profit": -7185,
            "gross_margin": -3.12,
            "gross_margin_4q_avg": 10.54,
            "net_income": -30118,
            "net_income_4q": null,
            "revenue": 230242,
            "revenue_4q": null,
            "common_shares": 2077654,
            "book_valuer_per_share": 4.82,
            "book_valuer_per_share_4q_avg": 5.38,
            "equity": 1000476,
            "current_ratio": 80.15,
            "debt_ratio": 79.02,
            "inventory_turnover_ratio": 0.1,
            "account_receivable_turnover_ratio": null,
            "reinvestment_rate": null,
            "research_to_sale_ratio": null,
            "price_fair": 0,
            "eps_avg_yearly": 0,
            "eps_latest_yearly": 0,
            "eps_growth_yearly": 0
        },
        "20022": {
            "year_quarter": 20022,
            "year": 2002,
            "quarter": 2,
            "eps": -0.21,
            "eps_growth_year": null,
            "eps_4q": -0.98,
            "eps_4q_growth_year": null,
            "roe": -4.05,
            "roe_4q": -17.3,
            "gross_profit": 38623,
            "gross_margin": 9.98,
            "gross_margin_4q_avg": 9.11,
            "net_income": -40411,
            "net_income_4q": null,
            "revenue": 387123,
            "revenue_4q": null,
            "common_shares": 2077654,
            "book_valuer_per_share": 4.78,
            "book_valuer_per_share_4q_avg": 5.17,
            "equity": 993554,
            "current_ratio": 82.21,
            "debt_ratio": 79.97,
            "inventory_turnover_ratio": 0.16,
            "account_receivable_turnover_ratio": null,
            "reinvestment_rate": null,
            "research_to_sale_ratio": null,
            "price_fair": 0,
            "eps_avg_yearly": 0,
            "eps_latest_yearly": 0,
            "eps_growth_yearly": 0
        },
        "20023": {
            "year_quarter": 20023,
            "year": 2002,
            "quarter": 3,
            "eps": -0.52,
            "eps_growth_year": null,
            "eps_4q": -1.16,
            "eps_4q_growth_year": null,
            "roe": -9.71,
            "roe_4q": -21.65,
            "gross_profit": 13893,
            "gross_margin": 4.46,
            "gross_margin_4q_avg": 6.49,
            "net_income": -99891,
            "net_income_4q": null,
            "revenue": 311269,
            "revenue_4q": null,
            "common_shares": 2077654,
            "book_valuer_per_share": 5.12,
            "book_valuer_per_share_4q_avg": 5.06,
            "equity": 1064254,
            "current_ratio": 78.12,
            "debt_ratio": 79.15,
            "inventory_turnover_ratio": 0.14,
            "account_receivable_turnover_ratio": null,
            "reinvestment_rate": null,
            "research_to_sale_ratio": null,
            "price_fair": 0,
            "eps_avg_yearly": 0,
            "eps_latest_yearly": 0,
            "eps_growth_yearly": 0
        },
        "20024": {
            "year_quarter": 20024,
            "year": 2002,
            "quarter": 4,
            "eps": -0.53,
            "eps_growth_year": null,
            "eps_4q": -1.63,
            "eps_4q_growth_year": null,
            "roe": -6.77,
            "roe_4q": -23,
            "gross_profit": 30133,
            "gross_margin": 5.3,
            "gross_margin_4q_avg": 4.16,
            "net_income": -84529,
            "net_income_4q": null,
            "revenue": 568763,
            "revenue_4q": null,
            "common_shares": 1703676,
            "book_valuer_per_share": 5.64,
            "book_valuer_per_share_4q_avg": 5.09,
            "equity": 1432289,
            "current_ratio": 87.51,
            "debt_ratio": 74.08,
            "inventory_turnover_ratio": 0.27,
            "account_receivable_turnover_ratio": null,
            "reinvestment_rate": null,
            "research_to_sale_ratio": null,
            "price_fair": 0,
            "eps_avg_yearly": 0,
            "eps_latest_yearly": 0,
            "eps_growth_yearly": 0
        },
        "20031": {
            "year_quarter": 20031,
            "year": 2003,
            "quarter": 1,
            "eps": -0.37,
            "eps_growth_year": null,
            "eps_4q": -1.78,
            "eps_4q_growth_year": null,
            "roe": -5.07,
            "roe_4q": -25.6,
            "gross_profit": 17690,
            "gross_margin": 6.71,
            "gross_margin_4q_avg": 6.61,
            "net_income": -59153,
            "net_income_4q": null,
            "revenue": 263474,
            "revenue_4q": null,
            "common_shares": 1703676,
            "book_valuer_per_share": 5.29,
            "book_valuer_per_share_4q_avg": 5.21,
            "equity": 901710,
            "current_ratio": 70.95,
            "debt_ratio": 80.67,
            "inventory_turnover_ratio": 0.15,
            "account_receivable_turnover_ratio": null,
            "reinvestment_rate": null,
            "research_to_sale_ratio": null,
            "price_fair": 0,
            "eps_avg_yearly": 0,
            "eps_latest_yearly": 0,
            "eps_growth_yearly": 0
        },
        "20032": {
            "year_quarter": 20032,
            "year": 2003,
            "quarter": 2,
            "eps": -0.08,
            "eps_growth_year": null,
            "eps_4q": -1.5,
            "eps_4q_growth_year": null,
            "roe": -1.37,
            "roe_4q": -22.92,
            "gross_profit": 64740,
            "gross_margin": 14.38,
            "gross_margin_4q_avg": 7.71,
            "net_income": -12531,
            "net_income_4q": null,
            "revenue": 450218,
            "revenue_4q": null,
            "common_shares": 1703676,
            "book_valuer_per_share": 5.43,
            "book_valuer_per_share_4q_avg": 5.37,
            "equity": 925638,
            "current_ratio": 69.58,
            "debt_ratio": 80.11,
            "inventory_turnover_ratio": 0.29,
            "account_receivable_turnover_ratio": null,
            "reinvestment_rate": null,
            "research_to_sale_ratio": null,
            "price_fair": 0,
            "eps_avg_yearly": 0,
            "eps_latest_yearly": 0,
            "eps_growth_yearly": 0
        },
        "20033": {
            "year_quarter": 20033,
            "year": 2003,
            "quarter": 3,
            "eps": 0.2,
            "eps_growth_year": null,
            "eps_4q": -0.81,
            "eps_4q_growth_year": null,
            "roe": 3.34,
            "roe_4q": -9.870000000000001,
            "gross_profit": 62554,
            "gross_margin": 4.99,
            "gross_margin_4q_avg": 7.85,
            "net_income": 30966,
            "net_income_4q": null,
            "revenue": 1254424,
            "revenue_4q": null,
            "common_shares": 1703676,
            "book_valuer_per_share": 5.45,
            "book_valuer_per_share_4q_avg": 5.45,
            "equity": 927717,
            "current_ratio": 72.91,
            "debt_ratio": 76.39,
            "inventory_turnover_ratio": 1,
            "account_receivable_turnover_ratio": null,
            "reinvestment_rate": null,
            "research_to_sale_ratio": null,
            "price_fair": 0,
            "eps_avg_yearly": 0,
            "eps_latest_yearly": 0,
            "eps_growth_yearly": 0
        },
        "20034": {
            "year_quarter": 20034,
            "year": 2003,
            "quarter": 4,
            "eps": -0.36,
            "eps_growth_year": null,
            "eps_4q": -0.65,
            "eps_4q_growth_year": null,
            "roe": -5.06,
            "roe_4q": -8.16,
            "gross_profit": 30405,
            "gross_margin": 9.83,
            "gross_margin_4q_avg": 8.98,
            "net_income": -56876,
            "net_income_4q": null,
            "revenue": 309365,
            "revenue_4q": null,
            "common_shares": 1703676,
            "book_valuer_per_share": 5.12,
            "book_valuer_per_share_4q_avg": 5.32,
            "equity": 1322432,
            "current_ratio": 86.09,
            "debt_ratio": 71.88,
            "inventory_turnover_ratio": 0.21,
            "account_receivable_turnover_ratio": null,
            "reinvestment_rate": null,
            "research_to_sale_ratio": null,
            "price_fair": 0,
            "eps_avg_yearly": 0,
            "eps_latest_yearly": 0,
            "eps_growth_yearly": 0
        },
        "20041": {
            "year_quarter": 20041,
            "year": 2004,
            "quarter": 1,
            "eps": -0.19,
            "eps_growth_year": null,
            "eps_4q": -0.42,
            "eps_4q_growth_year": null,
            "roe": -2.96,
            "roe_4q": -6.05,
            "gross_profit": 10894,
            "gross_margin": 4.98,
            "gross_margin_4q_avg": 8.55,
            "net_income": -31620,
            "net_income_4q": null,
            "revenue": 218740,
            "revenue_4q": null,
            "common_shares": 1703676,
            "book_valuer_per_share": 4.77,
            "book_valuer_per_share_4q_avg": 5.19,
            "equity": 813179,
            "current_ratio": 60.01,
            "debt_ratio": 78.9,
            "inventory_turnover_ratio": 0.17,
            "account_receivable_turnover_ratio": null,
            "reinvestment_rate": null,
            "research_to_sale_ratio": null,
            "price_fair": 0,
            "eps_avg_yearly": 0,
            "eps_latest_yearly": 0,
            "eps_growth_yearly": 0
        },
        "20042": {
            "year_quarter": 20042,
            "year": 2004,
            "quarter": 2,
            "eps": -0.12,
            "eps_growth_year": null,
            "eps_4q": -0.45,
            "eps_4q_growth_year": null,
            "roe": -2.32,
            "roe_4q": -7,
            "gross_profit": -6132,
            "gross_margin": 2.87,
            "gross_margin_4q_avg": 5.67,
            "net_income": -18748,
            "net_income_4q": null,
            "revenue": -213978,
            "revenue_4q": null,
            "common_shares": 1703676,
            "book_valuer_per_share": 4.73,
            "book_valuer_per_share_4q_avg": 5.02,
            "equity": 805343,
            "current_ratio": 54.57,
            "debt_ratio": 79.42,
            "inventory_turnover_ratio": -0.24,
            "account_receivable_turnover_ratio": null,
            "reinvestment_rate": null,
            "research_to_sale_ratio": null,
            "price_fair": 0,
            "eps_avg_yearly": 0,
            "eps_latest_yearly": 0,
            "eps_growth_yearly": 0
        },
        "20043": {
            "year_quarter": 20043,
            "year": 2004,
            "quarter": 3,
            "eps": -0.31,
            "eps_growth_year": -255,
            "eps_4q": -1.03,
            "eps_4q_growth_year": null,
            "roe": -5.28,
            "roe_4q": -15.619999999999997,
            "gross_profit": 2381,
            "gross_margin": 100,
            "gross_margin_4q_avg": 29.42,
            "net_income": -41299,
            "net_income_4q": null,
            "revenue": 2381,
            "revenue_4q": null,
            "common_shares": 1448125,
            "book_valuer_per_share": 5.23,
            "book_valuer_per_share_4q_avg": 4.96,
            "equity": 758043,
            "current_ratio": 51.24,
            "debt_ratio": 80.2,
            "inventory_turnover_ratio": 0,
            "account_receivable_turnover_ratio": null,
            "reinvestment_rate": null,
            "research_to_sale_ratio": null,
            "price_fair": 0,
            "eps_avg_yearly": 0,
            "eps_latest_yearly": 0,
            "eps_growth_yearly": 0
        },
        "20044": {
            "year_quarter": 20044,
            "year": 2004,
            "quarter": 4,
            "eps": -1.91,
            "eps_growth_year": null,
            "eps_4q": -2.67,
            "eps_4q_growth_year": null,
            "roe": -29.44,
            "roe_4q": -40,
            "gross_profit": 2381,
            "gross_margin": 100,
            "gross_margin_4q_avg": 51.96,
            "net_income": -257673,
            "net_income_4q": null,
            "revenue": 2381,
            "revenue_4q": null,
            "common_shares": 1448125,
            "book_valuer_per_share": 4.15,
            "book_valuer_per_share_4q_avg": 4.72,
            "equity": 992701,
            "current_ratio": 76.34,
            "debt_ratio": 77.19,
            "inventory_turnover_ratio": 0,
            "account_receivable_turnover_ratio": null,
            "reinvestment_rate": null,
            "research_to_sale_ratio": null,
            "price_fair": 0,
            "eps_avg_yearly": 0,
            "eps_latest_yearly": 0,
            "eps_growth_yearly": 0
        },
        "20051": {
            "year_quarter": 20051,
            "year": 2005,
            "quarter": 1,
            "eps": -0.48,
            "eps_growth_year": null,
            "eps_4q": -2.83,
            "eps_4q_growth_year": null,
            "roe": -8.53,
            "roe_4q": -45.57,
            "gross_profit": 17266,
            "gross_margin": 8.71,
            "gross_margin_4q_avg": 52.9,
            "net_income": -64775,
            "net_income_4q": null,
            "revenue": 198245,
            "revenue_4q": null,
            "common_shares": 1448124,
            "book_valuer_per_share": 3.63,
            "book_valuer_per_share_4q_avg": 4.44,
            "equity": 526193,
            "current_ratio": 57.09,
            "debt_ratio": 84.98,
            "inventory_turnover_ratio": 0.12,
            "account_receivable_turnover_ratio": null,
            "reinvestment_rate": null,
            "research_to_sale_ratio": null,
            "price_fair": 0,
            "eps_avg_yearly": 0,
            "eps_latest_yearly": 0,
            "eps_growth_yearly": 0
        },
        "20052": {
            "year_quarter": 20052,
            "year": 2005,
            "quarter": 2,
            "eps": -1.92,
            "eps_growth_year": null,
            "eps_4q": -4.3,
            "eps_4q_growth_year": null,
            "roe": -66.17,
            "roe_4q": -109.42,
            "gross_profit": -11552,
            "gross_margin": 6,
            "gross_margin_4q_avg": 53.68,
            "net_income": -258795,
            "net_income_4q": null,
            "revenue": -192531,
            "revenue_4q": null,
            "common_shares": 1448125,
            "book_valuer_per_share": 1.77,
            "book_valuer_per_share_4q_avg": 3.7,
            "equity": 255994,
            "current_ratio": 45.26,
            "debt_ratio": 91.97,
            "inventory_turnover_ratio": -0.17,
            "account_receivable_turnover_ratio": null,
            "reinvestment_rate": null,
            "research_to_sale_ratio": null,
            "price_fair": 0,
            "eps_avg_yearly": 0,
            "eps_latest_yearly": 0,
            "eps_growth_yearly": 0
        },
        "20053": {
            "year_quarter": 20053,
            "year": 2005,
            "quarter": 3,
            "eps": -0.28,
            "eps_growth_year": null,
            "eps_4q": -4.27,
            "eps_4q_growth_year": null,
            "roe": -15.89,
            "roe_4q": -120.03,
            "gross_profit": 2857,
            "gross_margin": 100,
            "gross_margin_4q_avg": 53.68,
            "net_income": -37612,
            "net_income_4q": null,
            "revenue": 2857,
            "revenue_4q": null,
            "common_shares": 1448125,
            "book_valuer_per_share": 1.5,
            "book_valuer_per_share_4q_avg": 2.76,
            "equity": 217431,
            "current_ratio": 45.89,
            "debt_ratio": 92.73,
            "inventory_turnover_ratio": 0,
            "account_receivable_turnover_ratio": null,
            "reinvestment_rate": null,
            "research_to_sale_ratio": null,
            "price_fair": 0,
            "eps_avg_yearly": 0,
            "eps_latest_yearly": 0,
            "eps_growth_yearly": 0
        },
        "20054": {
            "year_quarter": 20054,
            "year": 2005,
            "quarter": 4,
            "eps": 1.28,
            "eps_growth_year": null,
            "eps_4q": -5.92,
            "eps_4q_growth_year": null,
            "roe": 12.63,
            "roe_4q": -77.96000000000001,
            "gross_profit": 2887,
            "gross_margin": 100,
            "gross_margin_4q_avg": 53.68,
            "net_income": 64221,
            "net_income_4q": null,
            "revenue": 2887,
            "revenue_4q": null,
            "common_shares": 538703,
            "book_valuer_per_share": 6.14,
            "book_valuer_per_share_4q_avg": 3.26,
            "equity": 799851,
            "current_ratio": 70.34,
            "debt_ratio": 82.09,
            "inventory_turnover_ratio": 0,
            "account_receivable_turnover_ratio": null,
            "reinvestment_rate": null,
            "research_to_sale_ratio": null,
            "price_fair": 0,
            "eps_avg_yearly": 0,
            "eps_latest_yearly": 0,
            "eps_growth_yearly": 0
        },
        "20061": {
            "year_quarter": 20061,
            "year": 2006,
            "quarter": 1,
            "eps": 0.61,
            "eps_growth_year": null,
            "eps_4q": -4.05,
            "eps_4q_growth_year": null,
            "roe": 5.08,
            "roe_4q": -64.35,
            "gross_profit": 3052,
            "gross_margin": 100,
            "gross_margin_4q_avg": 76.5,
            "net_income": 30361,
            "net_income_4q": null,
            "revenue": 3052,
            "revenue_4q": null,
            "common_shares": 538703,
            "book_valuer_per_share": 7.35,
            "book_valuer_per_share_4q_avg": 4.19,
            "equity": 396042,
            "current_ratio": 48.73,
            "debt_ratio": 87.52,
            "inventory_turnover_ratio": 0,
            "account_receivable_turnover_ratio": null,
            "reinvestment_rate": null,
            "research_to_sale_ratio": null,
            "price_fair": 7.32,
            "eps_avg_yearly": 2.44,
            "eps_latest_yearly": 2.44,
            "eps_growth_yearly": -209.38
        },
        "20062": {
            "year_quarter": 20062,
            "year": 2006,
            "quarter": 2,
            "eps": -1.48,
            "eps_growth_year": null,
            "eps_4q": -0.32,
            "eps_4q_growth_year": null,
            "roe": -21.3,
            "roe_4q": -19.479999999999997,
            "gross_profit": -67964,
            "gross_margin": -13.17,
            "gross_margin_4q_avg": 71.71,
            "net_income": -74386,
            "net_income_4q": null,
            "revenue": 516025,
            "revenue_4q": null,
            "common_shares": 538703,
            "book_valuer_per_share": 5.61,
            "book_valuer_per_share_4q_avg": 5.15,
            "equity": 302387,
            "current_ratio": 54.01,
            "debt_ratio": 88.4,
            "inventory_turnover_ratio": 0.62,
            "account_receivable_turnover_ratio": null,
            "reinvestment_rate": null,
            "research_to_sale_ratio": null,
            "price_fair": 7.32,
            "eps_avg_yearly": 2.44,
            "eps_latest_yearly": 2.44,
            "eps_growth_yearly": -209.38
        },
        "20063": {
            "year_quarter": 20063,
            "year": 2006,
            "quarter": 3,
            "eps": -0.4,
            "eps_growth_year": null,
            "eps_4q": 0,
            "eps_4q_growth_year": null,
            "roe": -6.62,
            "roe_4q": -10.210000000000003,
            "gross_profit": 6731,
            "gross_margin": 14.67,
            "gross_margin_4q_avg": 50.38,
            "net_income": -20082,
            "net_income_4q": null,
            "revenue": 45895,
            "revenue_4q": null,
            "common_shares": 538702,
            "book_valuer_per_share": 5.64,
            "book_valuer_per_share_4q_avg": 6.19,
            "equity": 304047,
            "current_ratio": 53.81,
            "debt_ratio": 88.31,
            "inventory_turnover_ratio": 0.04,
            "account_receivable_turnover_ratio": null,
            "reinvestment_rate": null,
            "research_to_sale_ratio": null,
            "price_fair": 7.32,
            "eps_avg_yearly": 2.44,
            "eps_latest_yearly": 2.44,
            "eps_growth_yearly": -209.38
        },
        "20064": {
            "year_quarter": 20064,
            "year": 2006,
            "quarter": 4,
            "eps": -0.72,
            "eps_growth_year": -156.25,
            "eps_4q": -1.93,
            "eps_4q_growth_year": null,
            "roe": -6.88,
            "roe_4q": -29.72,
            "gross_profit": 3967,
            "gross_margin": 13.8,
            "gross_margin_4q_avg": 28.83,
            "net_income": -36147,
            "net_income_4q": null,
            "revenue": 28756,
            "revenue_4q": null,
            "common_shares": 538703,
            "book_valuer_per_share": 4.66,
            "book_valuer_per_share_4q_avg": 5.82,
            "equity": 746427,
            "current_ratio": 81.28,
            "debt_ratio": 79.98,
            "inventory_turnover_ratio": 0.02,
            "account_receivable_turnover_ratio": null,
            "reinvestment_rate": null,
            "research_to_sale_ratio": null,
            "price_fair": 7.32,
            "eps_avg_yearly": 2.44,
            "eps_latest_yearly": 2.44,
            "eps_growth_yearly": -209.38
        },
        "20071": {
            "year_quarter": 20071,
            "year": 2007,
            "quarter": 1,
            "eps": -0.04,
            "eps_growth_year": -106.56,
            "eps_4q": -2.39,
            "eps_4q_growth_year": null,
            "roe": -0.38,
            "roe_4q": -35.18,
            "gross_profit": 6150,
            "gross_margin": 26.01,
            "gross_margin_4q_avg": 10.33,
            "net_income": -2227,
            "net_income_4q": null,
            "revenue": 23646,
            "revenue_4q": null,
            "common_shares": 885642,
            "book_valuer_per_share": 4.83,
            "book_valuer_per_share_4q_avg": 5.19,
            "equity": 427563,
            "current_ratio": 61.18,
            "debt_ratio": 84.46,
            "inventory_turnover_ratio": 0.01,
            "account_receivable_turnover_ratio": null,
            "reinvestment_rate": null,
            "research_to_sale_ratio": null,
            "price_fair": 7.32,
            "eps_avg_yearly": 2.44,
            "eps_latest_yearly": 2.44,
            "eps_growth_yearly": -209.38
        },
        "20072": {
            "year_quarter": 20072,
            "year": 2007,
            "quarter": 2,
            "eps": -0.44,
            "eps_growth_year": null,
            "eps_4q": -1,
            "eps_4q_growth_year": null,
            "roe": -7.31,
            "roe_4q": -21.19,
            "gross_profit": 1564,
            "gross_margin": 37.55,
            "gross_margin_4q_avg": 23.01,
            "net_income": -29811,
            "net_income_4q": null,
            "revenue": 4165,
            "revenue_4q": null,
            "common_shares": 885642,
            "book_valuer_per_share": 4.38,
            "book_valuer_per_share_4q_avg": 4.88,
            "equity": 387631,
            "current_ratio": 42.27,
            "debt_ratio": 84.82,
            "inventory_turnover_ratio": 0,
            "account_receivable_turnover_ratio": null,
            "reinvestment_rate": null,
            "research_to_sale_ratio": null,
            "price_fair": 7.32,
            "eps_avg_yearly": 2.44,
            "eps_latest_yearly": 2.44,
            "eps_growth_yearly": -209.38
        },
        "20073": {
            "year_quarter": 20073,
            "year": 2007,
            "quarter": 3,
            "eps": 4.56,
            "eps_growth_year": null,
            "eps_4q": 3.63,
            "eps_4q_growth_year": 171436.25,
            "roe": 60.42,
            "roe_4q": 45.849999999999994,
            "gross_profit": 366839,
            "gross_margin": 55.22,
            "gross_margin_4q_avg": 33.15,
            "net_income": 334221,
            "net_income_4q": null,
            "revenue": 664298,
            "revenue_4q": null,
            "common_shares": 885642,
            "book_valuer_per_share": 8.11,
            "book_valuer_per_share_4q_avg": 5.5,
            "equity": 718681,
            "current_ratio": 54.59,
            "debt_ratio": 68.88,
            "inventory_turnover_ratio": 0.49,
            "account_receivable_turnover_ratio": null,
            "reinvestment_rate": null,
            "research_to_sale_ratio": null,
            "price_fair": 7.32,
            "eps_avg_yearly": 2.44,
            "eps_latest_yearly": 2.44,
            "eps_growth_yearly": -209.38
        },
        "20074": {
            "year_quarter": 20074,
            "year": 2007,
            "quarter": 4,
            "eps": -0.18,
            "eps_growth_year": null,
            "eps_4q": 3.59,
            "eps_4q_growth_year": null,
            "roe": -1.44,
            "roe_4q": 51.29,
            "gross_profit": 1890,
            "gross_margin": 4.38,
            "gross_margin_4q_avg": 30.79,
            "net_income": -13607,
            "net_income_4q": null,
            "revenue": 43142,
            "revenue_4q": null,
            "common_shares": 885642,
            "book_valuer_per_share": 7.82,
            "book_valuer_per_share_4q_avg": 6.29,
            "equity": 1176713,
            "current_ratio": 93.31,
            "debt_ratio": 68.09,
            "inventory_turnover_ratio": 0.04,
            "account_receivable_turnover_ratio": null,
            "reinvestment_rate": null,
            "research_to_sale_ratio": null,
            "price_fair": 7.32,
            "eps_avg_yearly": 2.44,
            "eps_latest_yearly": 2.44,
            "eps_growth_yearly": -209.38
        },
        "20081": {
            "year_quarter": 20081,
            "year": 2008,
            "quarter": 1,
            "eps": -0.15,
            "eps_growth_year": null,
            "eps_4q": 3.07,
            "eps_4q_growth_year": null,
            "roe": -1.19,
            "roe_4q": 50.48,
            "gross_profit": 28917,
            "gross_margin": 7.46,
            "gross_margin_4q_avg": 26.15,
            "net_income": -13589,
            "net_income_4q": null,
            "revenue": 387676,
            "revenue_4q": null,
            "common_shares": 885642,
            "book_valuer_per_share": 7.26,
            "book_valuer_per_share_4q_avg": 6.89,
            "equity": 1101993,
            "current_ratio": 94.15,
            "debt_ratio": 69.62,
            "inventory_turnover_ratio": 0.26,
            "account_receivable_turnover_ratio": null,
            "reinvestment_rate": null,
            "research_to_sale_ratio": null,
            "price_fair": 7.32,
            "eps_avg_yearly": 2.44,
            "eps_latest_yearly": 2.44,
            "eps_growth_yearly": -209.38
        },
        "20082": {
            "year_quarter": 20082,
            "year": 2008,
            "quarter": 2,
            "eps": -0.1,
            "eps_growth_year": null,
            "eps_4q": 3.38,
            "eps_4q_growth_year": null,
            "roe": -0.6,
            "roe_4q": 57.190000000000005,
            "gross_profit": 58765,
            "gross_margin": 9.98,
            "gross_margin_4q_avg": 19.26,
            "net_income": -6563,
            "net_income_4q": null,
            "revenue": 589119,
            "revenue_4q": null,
            "common_shares": 885642,
            "book_valuer_per_share": 7.22,
            "book_valuer_per_share_4q_avg": 7.6,
            "equity": 1092700,
            "current_ratio": 93.84,
            "debt_ratio": 70.89,
            "inventory_turnover_ratio": 0.38,
            "account_receivable_turnover_ratio": null,
            "reinvestment_rate": null,
            "research_to_sale_ratio": null,
            "price_fair": 7.32,
            "eps_avg_yearly": 2.44,
            "eps_latest_yearly": 2.44,
            "eps_growth_yearly": -209.38
        },
        "20083": {
            "year_quarter": 20083,
            "year": 2008,
            "quarter": 3,
            "eps": 0.79,
            "eps_growth_year": -82.68,
            "eps_4q": 0.47,
            "eps_4q_growth_year": -87.04,
            "roe": 4.62,
            "roe_4q": 1.3900000000000006,
            "gross_profit": 2787,
            "gross_margin": 0.55,
            "gross_margin_4q_avg": 5.59,
            "net_income": 53281,
            "net_income_4q": null,
            "revenue": 503576,
            "revenue_4q": null,
            "common_shares": 885642,
            "book_valuer_per_share": 8.45,
            "book_valuer_per_share_4q_avg": 7.69,
            "equity": 1216223,
            "current_ratio": 89.63,
            "debt_ratio": 67.3,
            "inventory_turnover_ratio": 0.36,
            "account_receivable_turnover_ratio": null,
            "reinvestment_rate": null,
            "research_to_sale_ratio": null,
            "price_fair": 7.32,
            "eps_avg_yearly": 2.44,
            "eps_latest_yearly": 2.44,
            "eps_growth_yearly": -209.38
        },
        "20084": {
            "year_quarter": 20084,
            "year": 2008,
            "quarter": 4,
            "eps": -1.62,
            "eps_growth_year": null,
            "eps_4q": -0.57,
            "eps_4q_growth_year": -115.82,
            "roe": -18.82,
            "roe_4q": -15.989999999999998,
            "gross_profit": -59216,
            "gross_margin": -15.56,
            "gross_margin_4q_avg": 0.61,
            "net_income": -210398,
            "net_income_4q": null,
            "revenue": 380635,
            "revenue_4q": null,
            "common_shares": 885642,
            "book_valuer_per_share": 6.97,
            "book_valuer_per_share_4q_avg": 7.48,
            "equity": 1020181,
            "current_ratio": 82.75,
            "debt_ratio": 70.96,
            "inventory_turnover_ratio": 0.34,
            "account_receivable_turnover_ratio": 3.28,
            "reinvestment_rate": null,
            "research_to_sale_ratio": null,
            "price_fair": 7.32,
            "eps_avg_yearly": 2.44,
            "eps_latest_yearly": 2.44,
            "eps_growth_yearly": -209.38
        },
        "20091": {
            "year_quarter": 20091,
            "year": 2009,
            "quarter": 1,
            "eps": -0.57,
            "eps_growth_year": null,
            "eps_4q": -1.45,
            "eps_4q_growth_year": -147.14,
            "roe": -6.2,
            "roe_4q": -21,
            "gross_profit": -19649,
            "gross_margin": -5.03,
            "gross_margin_4q_avg": -2.52,
            "net_income": -62432,
            "net_income_4q": null,
            "revenue": 390419,
            "revenue_4q": null,
            "common_shares": 885642,
            "book_valuer_per_share": 6.69,
            "book_valuer_per_share_4q_avg": 7.33,
            "equity": 993633,
            "current_ratio": 80.69,
            "debt_ratio": 70.93,
            "inventory_turnover_ratio": 0.34,
            "account_receivable_turnover_ratio": 1.82,
            "reinvestment_rate": null,
            "research_to_sale_ratio": null,
            "price_fair": 7.32,
            "eps_avg_yearly": 2.44,
            "eps_latest_yearly": 2.44,
            "eps_growth_yearly": -209.38
        },
        "20092": {
            "year_quarter": 20092,
            "year": 2009,
            "quarter": 2,
            "eps": -0.52,
            "eps_growth_year": null,
            "eps_4q": -1.85,
            "eps_4q_growth_year": -154.64,
            "roe": -8.66,
            "roe_4q": -29.06,
            "gross_profit": 58449,
            "gross_margin": 13.14,
            "gross_margin_4q_avg": -1.73,
            "net_income": -80921,
            "net_income_4q": null,
            "revenue": 444893,
            "revenue_4q": null,
            "common_shares": 885642,
            "book_valuer_per_share": 5.93,
            "book_valuer_per_share_4q_avg": 7.01,
            "equity": 876085,
            "current_ratio": 100.38,
            "debt_ratio": 74.3,
            "inventory_turnover_ratio": 0.4,
            "account_receivable_turnover_ratio": 2.5,
            "reinvestment_rate": null,
            "research_to_sale_ratio": null,
            "price_fair": 7.32,
            "eps_avg_yearly": 2.44,
            "eps_latest_yearly": 2.44,
            "eps_growth_yearly": -209.38
        },
        "20093": {
            "year_quarter": 20093,
            "year": 2009,
            "quarter": 3,
            "eps": 0.28,
            "eps_growth_year": -64.56,
            "eps_4q": -0.71,
            "eps_4q_growth_year": -250.69,
            "roe": 11.72,
            "roe_4q": -21.96,
            "gross_profit": 38435,
            "gross_margin": -106.83,
            "gross_margin_4q_avg": -28.57,
            "net_income": 81687,
            "net_income_4q": null,
            "revenue": -35978,
            "revenue_4q": null,
            "common_shares": 885642,
            "book_valuer_per_share": 4.91,
            "book_valuer_per_share_4q_avg": 6.13,
            "equity": 518253,
            "current_ratio": 76.19,
            "debt_ratio": 78.7,
            "inventory_turnover_ratio": -0.1,
            "account_receivable_turnover_ratio": -0.22,
            "reinvestment_rate": 1052.25,
            "research_to_sale_ratio": null,
            "price_fair": 7.32,
            "eps_avg_yearly": 2.44,
            "eps_latest_yearly": 2.44,
            "eps_growth_yearly": -209.38
        },
        "20094": {
            "year_quarter": 20094,
            "year": 2009,
            "quarter": 4,
            "eps": -0.52,
            "eps_growth_year": null,
            "eps_4q": -1.34,
            "eps_4q_growth_year": null,
            "roe": -20.78,
            "roe_4q": -23.919999999999998,
            "gross_profit": -4945,
            "gross_margin": -1.31,
            "gross_margin_4q_avg": -25.01,
            "net_income": -102657,
            "net_income_4q": null,
            "revenue": 377102,
            "revenue_4q": null,
            "common_shares": 885642,
            "book_valuer_per_share": 4.59,
            "book_valuer_per_share_4q_avg": 5.53,
            "equity": 469656,
            "current_ratio": 69.55,
            "debt_ratio": 79.02,
            "inventory_turnover_ratio": 0.5,
            "account_receivable_turnover_ratio": 7.04,
            "reinvestment_rate": null,
            "research_to_sale_ratio": null,
            "price_fair": 7.32,
            "eps_avg_yearly": 2.44,
            "eps_latest_yearly": 2.44,
            "eps_growth_yearly": -209.38
        },
        "20101": {
            "year_quarter": 20101,
            "year": 2010,
            "quarter": 1,
            "eps": -0.42,
            "eps_growth_year": null,
            "eps_4q": -1.19,
            "eps_4q_growth_year": null,
            "roe": -9.39,
            "roe_4q": -27.110000000000003,
            "gross_profit": -10534,
            "gross_margin": -8.53,
            "gross_margin_4q_avg": -25.88,
            "net_income": -42014,
            "net_income_4q": null,
            "revenue": 123564,
            "revenue_4q": null,
            "common_shares": 885642,
            "book_valuer_per_share": 4.14,
            "book_valuer_per_share_4q_avg": 4.89,
            "equity": 425420,
            "current_ratio": 70.72,
            "debt_ratio": 81.96,
            "inventory_turnover_ratio": 0.17,
            "account_receivable_turnover_ratio": 1.24,
            "reinvestment_rate": null,
            "research_to_sale_ratio": 1.45,
            "price_fair": 0,
            "eps_avg_yearly": 0,
            "eps_latest_yearly": 0,
            "eps_growth_yearly": 0
        },
        "20102": {
            "year_quarter": 20102,
            "year": 2010,
            "quarter": 2,
            "eps": 7.17,
            "eps_growth_year": null,
            "eps_4q": 6.5,
            "eps_4q_growth_year": null,
            "roe": 96.86,
            "roe_4q": 78.41,
            "gross_profit": 658518,
            "gross_margin": 45.34,
            "gross_margin_4q_avg": -17.83,
            "net_income": 616476,
            "net_income_4q": null,
            "revenue": 1452338,
            "revenue_4q": null,
            "common_shares": 885642,
            "book_valuer_per_share": 8.98,
            "book_valuer_per_share_4q_avg": 5.66,
            "equity": 847499,
            "current_ratio": 122.76,
            "debt_ratio": 56.96,
            "inventory_turnover_ratio": 1.36,
            "account_receivable_turnover_ratio": 10.57,
            "reinvestment_rate": 238.62,
            "research_to_sale_ratio": 0.11,
            "price_fair": 0,
            "eps_avg_yearly": 0,
            "eps_latest_yearly": 0,
            "eps_growth_yearly": 0
        },
        "20103": {
            "year_quarter": 20103,
            "year": 2010,
            "quarter": 3,
            "eps": 0.31,
            "eps_growth_year": 9.24,
            "eps_4q": 6.53,
            "eps_4q_growth_year": null,
            "roe": 4.18,
            "roe_4q": 70.86999999999999,
            "gross_profit": 73451,
            "gross_margin": 23.05,
            "gross_margin_4q_avg": 14.64,
            "net_income": 35447,
            "net_income_4q": null,
            "revenue": 318651,
            "revenue_4q": null,
            "common_shares": 885642,
            "book_valuer_per_share": 9.23,
            "book_valuer_per_share_4q_avg": 6.74,
            "equity": 848796,
            "current_ratio": 116.21,
            "debt_ratio": 57.18,
            "inventory_turnover_ratio": 0.68,
            "account_receivable_turnover_ratio": 1.73,
            "reinvestment_rate": 237.78,
            "research_to_sale_ratio": 0.58,
            "price_fair": 3.72,
            "eps_avg_yearly": 1.24,
            "eps_latest_yearly": 1.24,
            "eps_growth_yearly": -382.71
        },
        "20104": {
            "year_quarter": 20104,
            "year": 2010,
            "quarter": 4,
            "eps": 2.48,
            "eps_growth_year": null,
            "eps_4q": 9.53,
            "eps_4q_growth_year": null,
            "roe": 22.79,
            "roe_4q": 114.44,
            "gross_profit": 245459,
            "gross_margin": 40.53,
            "gross_margin_4q_avg": 25.1,
            "net_income": 209367,
            "net_income_4q": null,
            "revenue": 605571,
            "revenue_4q": null,
            "common_shares": 885642,
            "book_valuer_per_share": 11.4,
            "book_valuer_per_share_4q_avg": 8.44,
            "equity": 988676,
            "current_ratio": 143.04,
            "debt_ratio": 50.46,
            "inventory_turnover_ratio": 1.04,
            "account_receivable_turnover_ratio": 4.05,
            "reinvestment_rate": 47.8,
            "research_to_sale_ratio": 0.36,
            "price_fair": 195.3,
            "eps_avg_yearly": 5.58,
            "eps_latest_yearly": 9.92,
            "eps_growth_yearly": 1208.65
        },
        "20111": {
            "year_quarter": 20111,
            "year": 2011,
            "quarter": 1,
            "eps": -0.18,
            "eps_growth_year": null,
            "eps_4q": 9.68,
            "eps_4q_growth_year": null,
            "roe": -1.74,
            "roe_4q": 122.09,
            "gross_profit": 17544,
            "gross_margin": 9.68,
            "gross_margin_4q_avg": 29.65,
            "net_income": -17357,
            "net_income_4q": null,
            "revenue": 181219,
            "revenue_4q": null,
            "common_shares": 885642,
            "book_valuer_per_share": 11.56,
            "book_valuer_per_share_4q_avg": 10.29,
            "equity": 1010292,
            "current_ratio": 106.17,
            "debt_ratio": 55.92,
            "inventory_turnover_ratio": 0.34,
            "account_receivable_turnover_ratio": 1.74,
            "reinvestment_rate": 103.6,
            "research_to_sale_ratio": 1.12,
            "price_fair": 195.3,
            "eps_avg_yearly": 5.58,
            "eps_latest_yearly": 9.92,
            "eps_growth_yearly": 1208.65
        },
        "20112": {
            "year_quarter": 20112,
            "year": 2011,
            "quarter": 2,
            "eps": 0.69,
            "eps_growth_year": -90.39,
            "eps_4q": 3.19,
            "eps_4q_growth_year": -50.85,
            "roe": 6,
            "roe_4q": 31.229999999999997,
            "gross_profit": 92385,
            "gross_margin": 21.5,
            "gross_margin_4q_avg": 23.69,
            "net_income": 62704,
            "net_income_4q": null,
            "revenue": 429661,
            "revenue_4q": null,
            "common_shares": 885642,
            "book_valuer_per_share": 12.06,
            "book_valuer_per_share_4q_avg": 11.06,
            "equity": 1078996,
            "current_ratio": 121.48,
            "debt_ratio": 55.05,
            "inventory_turnover_ratio": 0.54,
            "account_receivable_turnover_ratio": 2.5,
            "reinvestment_rate": 59.16,
            "research_to_sale_ratio": 0.19,
            "price_fair": 195.3,
            "eps_avg_yearly": 5.58,
            "eps_latest_yearly": 9.92,
            "eps_growth_yearly": 1208.65
        },
        "20113": {
            "year_quarter": 20113,
            "year": 2011,
            "quarter": 3,
            "eps": 0.23,
            "eps_growth_year": -25.56,
            "eps_4q": 3.12,
            "eps_4q_growth_year": -52.17,
            "roe": 1.86,
            "roe_4q": 28.91,
            "gross_profit": 74149,
            "gross_margin": 18.98,
            "gross_margin_4q_avg": 22.67,
            "net_income": 20510,
            "net_income_4q": null,
            "revenue": 390688,
            "revenue_4q": null,
            "common_shares": 885642,
            "book_valuer_per_share": 12.82,
            "book_valuer_per_share_4q_avg": 11.96,
            "equity": 1125975,
            "current_ratio": 123.9,
            "debt_ratio": 52.99,
            "inventory_turnover_ratio": 0.52,
            "account_receivable_turnover_ratio": 1.55,
            "reinvestment_rate": 145.83,
            "research_to_sale_ratio": 0,
            "price_fair": 140.93,
            "eps_avg_yearly": 4.03,
            "eps_latest_yearly": 0.92,
            "eps_growth_yearly": 716.88
        },
        "20114": {
            "year_quarter": 20114,
            "year": 2011,
            "quarter": 4,
            "eps": -0.38,
            "eps_growth_year": -115.45,
            "eps_4q": 0.34,
            "eps_4q_growth_year": -96.41,
            "roe": -3.04,
            "roe_4q": 3.08,
            "gross_profit": -3490,
            "gross_margin": -2.22,
            "gross_margin_4q_avg": 11.99,
            "net_income": -33629,
            "net_income_4q": null,
            "revenue": 156932,
            "revenue_4q": null,
            "common_shares": 885642,
            "book_valuer_per_share": 12.39,
            "book_valuer_per_share_4q_avg": 12.21,
            "equity": 1087604,
            "current_ratio": 114.72,
            "debt_ratio": 53.3,
            "inventory_turnover_ratio": 0.27,
            "account_receivable_turnover_ratio": 0.94,
            "reinvestment_rate": -32.54,
            "research_to_sale_ratio": 0,
            "price_fair": 140.93,
            "eps_avg_yearly": 4.03,
            "eps_latest_yearly": 0.92,
            "eps_growth_yearly": 716.88
        },
        "20121": {
            "year_quarter": 20121,
            "year": 2012,
            "quarter": 1,
            "eps": -0.48,
            "eps_growth_year": null,
            "eps_4q": 0.05,
            "eps_4q_growth_year": -99.49,
            "roe": -4.01,
            "roe_4q": 0.8100000000000005,
            "gross_profit": -10824,
            "gross_margin": -7.41,
            "gross_margin_4q_avg": 7.71,
            "net_income": -42747,
            "net_income_4q": null,
            "revenue": 145985,
            "revenue_4q": null,
            "common_shares": 885642,
            "book_valuer_per_share": 11.73,
            "book_valuer_per_share_4q_avg": 12.25,
            "equity": 1044923,
            "current_ratio": 107.28,
            "debt_ratio": 57.05,
            "inventory_turnover_ratio": 0.25,
            "account_receivable_turnover_ratio": 1.59,
            "reinvestment_rate": -23.77,
            "research_to_sale_ratio": 0,
            "price_fair": 140.93,
            "eps_avg_yearly": 4.03,
            "eps_latest_yearly": 0.92,
            "eps_growth_yearly": 716.88
        },
        "20122": {
            "year_quarter": 20122,
            "year": 2012,
            "quarter": 2,
            "eps": -0.13,
            "eps_growth_year": -118.17,
            "eps_4q": -0.76,
            "eps_4q_growth_year": -123.92,
            "roe": -1.08,
            "roe_4q": -6.269999999999999,
            "gross_profit": 35641,
            "gross_margin": 11.1,
            "gross_margin_4q_avg": 5.11,
            "net_income": -11284,
            "net_income_4q": null,
            "revenue": 321123,
            "revenue_4q": null,
            "common_shares": 885642,
            "book_valuer_per_share": 11.66,
            "book_valuer_per_share_4q_avg": 12.15,
            "equity": 1038036,
            "current_ratio": 129.25,
            "debt_ratio": 59.32,
            "inventory_turnover_ratio": 0.44,
            "account_receivable_turnover_ratio": 1.98,
            "reinvestment_rate": -43.35,
            "research_to_sale_ratio": 0,
            "price_fair": 140.93,
            "eps_avg_yearly": 4.03,
            "eps_latest_yearly": 0.92,
            "eps_growth_yearly": 716.88
        },
        "20123": {
            "year_quarter": 20123,
            "year": 2012,
            "quarter": 3,
            "eps": -0.13,
            "eps_growth_year": -154.96,
            "eps_4q": -1.12,
            "eps_4q_growth_year": -135.77,
            "roe": -1.02,
            "roe_4q": -9.149999999999999,
            "gross_profit": 34446,
            "gross_margin": 11.08,
            "gross_margin_4q_avg": 3.14,
            "net_income": -10456,
            "net_income_4q": null,
            "revenue": 310860,
            "revenue_4q": null,
            "common_shares": 885642,
            "book_valuer_per_share": 11.4,
            "book_valuer_per_share_4q_avg": 11.8,
            "equity": 1016897,
            "current_ratio": 112.23,
            "debt_ratio": 57.89,
            "inventory_turnover_ratio": 0.47,
            "account_receivable_turnover_ratio": 1.4,
            "reinvestment_rate": -93.04,
            "research_to_sale_ratio": 0,
            "price_fair": 140.93,
            "eps_avg_yearly": 4.03,
            "eps_latest_yearly": 0.92,
            "eps_growth_yearly": 716.88
        },
        "20124": {
            "year_quarter": 20124,
            "year": 2012,
            "quarter": 4,
            "eps": 7.32,
            "eps_growth_year": null,
            "eps_4q": 6.58,
            "eps_4q_growth_year": 1821.05,
            "roe": 51.3,
            "roe_4q": 45.19,
            "gross_profit": 31379,
            "gross_margin": 23.11,
            "gross_margin_4q_avg": 9.47,
            "net_income": 642077,
            "net_income_4q": null,
            "revenue": 135783,
            "revenue_4q": null,
            "common_shares": 885642,
            "book_valuer_per_share": 16.78,
            "book_valuer_per_share_4q_avg": 12.89,
            "equity": 1486168,
            "current_ratio": 436.96,
            "debt_ratio": 17.98,
            "inventory_turnover_ratio": 0.2,
            "account_receivable_turnover_ratio": 0.87,
            "reinvestment_rate": -24.88,
            "research_to_sale_ratio": 0,
            "price_fair": 140.93,
            "eps_avg_yearly": 4.03,
            "eps_latest_yearly": 0.92,
            "eps_growth_yearly": 716.88
        },
        "20131": {
            "year_quarter": 20131,
            "year": 2013,
            "quarter": 1,
            "eps": -0.66,
            "eps_growth_year": null,
            "eps_4q": 6.41,
            "eps_4q_growth_year": 12853.58,
            "roe": -3.92,
            "roe_4q": 45.279999999999994,
            "gross_profit": 8196,
            "gross_margin": 6.95,
            "gross_margin_4q_avg": 13.06,
            "net_income": -58305,
            "net_income_4q": null,
            "revenue": 117900,
            "revenue_4q": null,
            "common_shares": 885642,
            "book_valuer_per_share": 16.85,
            "book_valuer_per_share_4q_avg": 14.17,
            "equity": 1491955,
            "current_ratio": 365.43,
            "debt_ratio": 22.76,
            "inventory_turnover_ratio": 0.2,
            "account_receivable_turnover_ratio": 1.26,
            "reinvestment_rate": -54.49,
            "research_to_sale_ratio": null,
            "price_fair": 140.93,
            "eps_avg_yearly": 4.03,
            "eps_latest_yearly": 0.92,
            "eps_growth_yearly": 716.88
        },
        "20132": {
            "year_quarter": 20132,
            "year": 2013,
            "quarter": 2,
            "eps": -0.05,
            "eps_growth_year": null,
            "eps_4q": 4.59,
            "eps_4q_growth_year": null,
            "roe": -0.3,
            "roe_4q": 46.059999999999995,
            "gross_profit": 57532,
            "gross_margin": 15.64,
            "gross_margin_4q_avg": 14.2,
            "net_income": -4516,
            "net_income_4q": null,
            "revenue": 367865,
            "revenue_4q": null,
            "common_shares": 885642,
            "book_valuer_per_share": 16.88,
            "book_valuer_per_share_4q_avg": 15.48,
            "equity": 1507981,
            "current_ratio": 266.97,
            "debt_ratio": 31.95,
            "inventory_turnover_ratio": 0.53,
            "account_receivable_turnover_ratio": 1.9,
            "reinvestment_rate": -11.42,
            "research_to_sale_ratio": null,
            "price_fair": 140.93,
            "eps_avg_yearly": 4.03,
            "eps_latest_yearly": 0.92,
            "eps_growth_yearly": 716.88
        },
        "20133": {
            "year_quarter": 20133,
            "year": 2013,
            "quarter": 3,
            "eps": -0.11,
            "eps_growth_year": null,
            "eps_4q": 4.56,
            "eps_4q_growth_year": null,
            "roe": -0.87,
            "roe_4q": 46.209999999999994,
            "gross_profit": 49786,
            "gross_margin": 16.32,
            "gross_margin_4q_avg": 15.51,
            "net_income": -13022,
            "net_income_4q": null,
            "revenue": 304989,
            "revenue_4q": null,
            "common_shares": 1239899,
            "book_valuer_per_share": 11.87,
            "book_valuer_per_share_4q_avg": 15.6,
            "equity": 1486571,
            "current_ratio": 291.83,
            "debt_ratio": 29.84,
            "inventory_turnover_ratio": 0.47,
            "account_receivable_turnover_ratio": 1.2,
            "reinvestment_rate": -12.91,
            "research_to_sale_ratio": null,
            "price_fair": 140.93,
            "eps_avg_yearly": 4.03,
            "eps_latest_yearly": 0.92,
            "eps_growth_yearly": 716.88
        },
        "20134": {
            "year_quarter": 20134,
            "year": 2013,
            "quarter": 4,
            "eps": -0.23,
            "eps_growth_year": -103.12,
            "eps_4q": -0.7,
            "eps_4q_growth_year": -110.6,
            "roe": -2.05,
            "roe_4q": -7.14,
            "gross_profit": 23428,
            "gross_margin": 21.86,
            "gross_margin_4q_avg": 15.19,
            "net_income": -38130,
            "net_income_4q": null,
            "revenue": 107183,
            "revenue_4q": null,
            "common_shares": 1639899,
            "book_valuer_per_share": 13.54,
            "book_valuer_per_share_4q_avg": 14.79,
            "equity": 2232738,
            "current_ratio": 613.93,
            "debt_ratio": 19.44,
            "inventory_turnover_ratio": 0.16,
            "account_receivable_turnover_ratio": 0.74,
            "reinvestment_rate": -57.41,
            "research_to_sale_ratio": null,
            "price_fair": 140.93,
            "eps_avg_yearly": 4.03,
            "eps_latest_yearly": 0.92,
            "eps_growth_yearly": 716.88
        },
        "20141": {
            "year_quarter": 20141,
            "year": 2014,
            "quarter": 1,
            "eps": -0.37,
            "eps_growth_year": null,
            "eps_4q": -0.71,
            "eps_4q_growth_year": -111.15,
            "roe": -2.75,
            "roe_4q": -5.97,
            "gross_profit": -15880,
            "gross_margin": -10.77,
            "gross_margin_4q_avg": 10.76,
            "net_income": -60630,
            "net_income_4q": null,
            "revenue": 147495,
            "revenue_4q": null,
            "common_shares": 1639899,
            "book_valuer_per_share": 13.17,
            "book_valuer_per_share_4q_avg": 13.87,
            "equity": 2172628,
            "current_ratio": 447.7,
            "debt_ratio": 22.36,
            "inventory_turnover_ratio": 0.3,
            "account_receivable_turnover_ratio": 1.59,
            "reinvestment_rate": -47.47,
            "research_to_sale_ratio": null,
            "price_fair": 140.93,
            "eps_avg_yearly": 4.03,
            "eps_latest_yearly": 0.92,
            "eps_growth_yearly": 716.88
        },
        "20142": {
            "year_quarter": 20142,
            "year": 2014,
            "quarter": 2,
            "eps": -0.29,
            "eps_growth_year": null,
            "eps_4q": -0.97,
            "eps_4q_growth_year": -121.23,
            "roe": -2.18,
            "roe_4q": -7.85,
            "gross_profit": 34781,
            "gross_margin": 12.32,
            "gross_margin_4q_avg": 9.93,
            "net_income": -46774,
            "net_income_4q": null,
            "revenue": 282330,
            "revenue_4q": null,
            "common_shares": 1639899,
            "book_valuer_per_share": 12.83,
            "book_valuer_per_share_4q_avg": 12.85,
            "equity": 2118110,
            "current_ratio": 258.26,
            "debt_ratio": 27.62,
            "inventory_turnover_ratio": 0.44,
            "account_receivable_turnover_ratio": 1.75,
            "reinvestment_rate": -92.51,
            "research_to_sale_ratio": null,
            "price_fair": 140.93,
            "eps_avg_yearly": 4.03,
            "eps_latest_yearly": 0.92,
            "eps_growth_yearly": 716.88
        },
        "20143": {
            "year_quarter": 20143,
            "year": 2014,
            "quarter": 3,
            "eps": 0.29,
            "eps_growth_year": null,
            "eps_4q": -0.6,
            "eps_4q_growth_year": -113.2,
            "roe": 2.06,
            "roe_4q": -4.92,
            "gross_profit": 24139,
            "gross_margin": 9.97,
            "gross_margin_4q_avg": 8.35,
            "net_income": 46457,
            "net_income_4q": null,
            "revenue": 242020,
            "revenue_4q": null,
            "common_shares": 1639899,
            "book_valuer_per_share": 13.7,
            "book_valuer_per_share_4q_avg": 13.31,
            "equity": 2394951,
            "current_ratio": 290.19,
            "debt_ratio": 25.98,
            "inventory_turnover_ratio": 0.4,
            "account_receivable_turnover_ratio": 1.2,
            "reinvestment_rate": -20.48,
            "research_to_sale_ratio": null,
            "price_fair": 189.7,
            "eps_avg_yearly": 5.42,
            "eps_latest_yearly": 0.92,
            "eps_growth_yearly": 1266.67
        },
        "20144": {
            "year_quarter": 20144,
            "year": 2014,
            "quarter": 4,
            "eps": -0.5,
            "eps_growth_year": null,
            "eps_4q": -0.89,
            "eps_4q_growth_year": null,
            "roe": -3.61,
            "roe_4q": -6.48,
            "gross_profit": 19407,
            "gross_margin": -3.59,
            "gross_margin_4q_avg": 1.98,
            "net_income": -84857,
            "net_income_4q": null,
            "revenue": -540013,
            "revenue_4q": null,
            "common_shares": 1639899,
            "book_valuer_per_share": 13.51,
            "book_valuer_per_share_4q_avg": 13.3,
            "equity": 2311775,
            "current_ratio": 184.52,
            "debt_ratio": 34.28,
            "inventory_turnover_ratio": -1.3,
            "account_receivable_turnover_ratio": -4.8,
            "reinvestment_rate": 33.6,
            "research_to_sale_ratio": null,
            "price_fair": 2.76,
            "eps_avg_yearly": 0.92,
            "eps_latest_yearly": 0.92,
            "eps_growth_yearly": -266.67
        },
        "20151": {
            "year_quarter": 20151,
            "year": 2015,
            "quarter": 1,
            "eps": -0.48,
            "eps_growth_year": null,
            "eps_4q": -0.98,
            "eps_4q_growth_year": null,
            "roe": -3.43,
            "roe_4q": -7.16,
            "gross_profit": 8628,
            "gross_margin": 14.16,
            "gross_margin_4q_avg": 8.22,
            "net_income": -79840,
            "net_income_4q": null,
            "revenue": 60945,
            "revenue_4q": null,
            "common_shares": 1645123,
            "book_valuer_per_share": 13.26,
            "book_valuer_per_share_4q_avg": 13.33,
            "equity": 2338903,
            "current_ratio": 188.24,
            "debt_ratio": 42.9,
            "inventory_turnover_ratio": 0.16,
            "account_receivable_turnover_ratio": 1.75,
            "reinvestment_rate": 418.27,
            "research_to_sale_ratio": null,
            "price_fair": 2.76,
            "eps_avg_yearly": 0.92,
            "eps_latest_yearly": 0.92,
            "eps_growth_yearly": -266.67
        },
        "20152": {
            "year_quarter": 20152,
            "year": 2015,
            "quarter": 2,
            "eps": 0.28,
            "eps_growth_year": null,
            "eps_4q": -0.4,
            "eps_4q_growth_year": null,
            "roe": 1.87,
            "roe_4q": -3.11,
            "gross_profit": 10629,
            "gross_margin": 19.49,
            "gross_margin_4q_avg": 10.01,
            "net_income": 43860,
            "net_income_4q": null,
            "revenue": 54533,
            "revenue_4q": null,
            "common_shares": 1662834,
            "book_valuer_per_share": 13.17,
            "book_valuer_per_share_4q_avg": 13.41,
            "equity": 2348375,
            "current_ratio": 153.41,
            "debt_ratio": 48.38,
            "inventory_turnover_ratio": 0.13,
            "account_receivable_turnover_ratio": 2.08,
            "reinvestment_rate": 679.86,
            "research_to_sale_ratio": null,
            "price_fair": 2.76,
            "eps_avg_yearly": 0.92,
            "eps_latest_yearly": 0.92,
            "eps_growth_yearly": -266.67
        },
        "20153": {
            "year_quarter": 20153,
            "year": 2015,
            "quarter": 3,
            "eps": -0.02,
            "eps_growth_year": -106.9,
            "eps_4q": -0.71,
            "eps_4q_growth_year": null,
            "roe": -0.23,
            "roe_4q": -5.4,
            "gross_profit": 79601,
            "gross_margin": 58.2,
            "gross_margin_4q_avg": 22.07,
            "net_income": -5533,
            "net_income_4q": null,
            "revenue": 136770,
            "revenue_4q": null,
            "common_shares": 1662834,
            "book_valuer_per_share": 13.2,
            "book_valuer_per_share_4q_avg": 13.29,
            "equity": 2481925,
            "current_ratio": 100.68,
            "debt_ratio": 52.45,
            "inventory_turnover_ratio": 0.17,
            "account_receivable_turnover_ratio": 6.17,
            "reinvestment_rate": 1041.94,
            "research_to_sale_ratio": null,
            "price_fair": 0,
            "eps_avg_yearly": 0,
            "eps_latest_yearly": 0,
            "eps_growth_yearly": 0
        },
        "20154": {
            "year_quarter": 20154,
            "year": 2015,
            "quarter": 4,
            "eps": -0.53,
            "eps_growth_year": null,
            "eps_4q": -0.74,
            "eps_4q_growth_year": null,
            "roe": -3.63,
            "roe_4q": -5.42,
            "gross_profit": 125853,
            "gross_margin": 94.19,
            "gross_margin_4q_avg": 46.51,
            "net_income": -96426,
            "net_income_4q": null,
            "revenue": 133617,
            "revenue_4q": null,
            "common_shares": 1665272,
            "book_valuer_per_share": 13.88,
            "book_valuer_per_share_4q_avg": 13.38,
            "equity": 2837865,
            "current_ratio": 84.36,
            "debt_ratio": 54.82,
            "inventory_turnover_ratio": 0.02,
            "account_receivable_turnover_ratio": 4.88,
            "reinvestment_rate": 1731.75,
            "research_to_sale_ratio": null,
            "price_fair": 0,
            "eps_avg_yearly": 0,
            "eps_latest_yearly": 0,
            "eps_growth_yearly": 0
        },
        "20161": {
            "year_quarter": 20161,
            "year": 2016,
            "quarter": 1,
            "eps": 0.59,
            "eps_growth_year": null,
            "eps_4q": 0.34,
            "eps_4q_growth_year": null,
            "roe": 3.16,
            "roe_4q": 1.1700000000000004,
            "gross_profit": 89408,
            "gross_margin": 65.53,
            "gross_margin_4q_avg": 59.35,
            "net_income": 89289,
            "net_income_4q": null,
            "revenue": 136443,
            "revenue_4q": null,
            "common_shares": 1680197,
            "book_valuer_per_share": 14.09,
            "book_valuer_per_share_4q_avg": 13.59,
            "equity": 2811167,
            "current_ratio": 53.49,
            "debt_ratio": 58.92,
            "inventory_turnover_ratio": 0.12,
            "account_receivable_turnover_ratio": 6.38,
            "reinvestment_rate": 1251.42,
            "research_to_sale_ratio": null,
            "price_fair": 0,
            "eps_avg_yearly": 0,
            "eps_latest_yearly": 0,
            "eps_growth_yearly": 0
        },
        "20162": {
            "year_quarter": 20162,
            "year": 2016,
            "quarter": 2,
            "eps": -0.28,
            "eps_growth_year": -200,
            "eps_4q": -0.22,
            "eps_4q_growth_year": null,
            "roe": -2.07,
            "roe_4q": -2.7699999999999996,
            "gross_profit": 205237,
            "gross_margin": 82.27,
            "gross_margin_4q_avg": 75.05,
            "net_income": -58369,
            "net_income_4q": null,
            "revenue": 249463,
            "revenue_4q": null,
            "common_shares": 1714376,
            "book_valuer_per_share": 13.95,
            "book_valuer_per_share_4q_avg": 13.78,
            "equity": 2825258,
            "current_ratio": 70.29,
            "debt_ratio": 61.78,
            "inventory_turnover_ratio": 0.11,
            "account_receivable_turnover_ratio": 7.99,
            "reinvestment_rate": 1589.16,
            "research_to_sale_ratio": null,
            "price_fair": 0,
            "eps_avg_yearly": 0,
            "eps_latest_yearly": 0,
            "eps_growth_yearly": 0
        },
        "20163": {
            "year_quarter": 20163,
            "year": 2016,
            "quarter": 3,
            "eps": -0.89,
            "eps_growth_year": null,
            "eps_4q": -1.1,
            "eps_4q_growth_year": null,
            "roe": -6.17,
            "roe_4q": -8.71,
            "gross_profit": 251741,
            "gross_margin": 83.66,
            "gross_margin_4q_avg": 81.41,
            "net_income": -168319,
            "net_income_4q": null,
            "revenue": 300918,
            "revenue_4q": null,
            "common_shares": 1714376,
            "book_valuer_per_share": 12.89,
            "book_valuer_per_share_4q_avg": 13.7,
            "equity": 2629235,
            "current_ratio": 58.31,
            "debt_ratio": 63.72,
            "inventory_turnover_ratio": 0.13,
            "account_receivable_turnover_ratio": 6.2,
            "reinvestment_rate": 2960.73,
            "research_to_sale_ratio": null,
            "price_fair": 0,
            "eps_avg_yearly": 0,
            "eps_latest_yearly": 0,
            "eps_growth_yearly": 0
        },
        "20164": {
            "year_quarter": 20164,
            "year": 2016,
            "quarter": 4,
            "eps": -0.26,
            "eps_growth_year": null,
            "eps_4q": -0.84,
            "eps_4q_growth_year": null,
            "roe": -1.75,
            "roe_4q": -6.83,
            "gross_profit": 261468,
            "gross_margin": 84.15,
            "gross_margin_4q_avg": 78.9,
            "net_income": -45355,
            "net_income_4q": null,
            "revenue": 310717,
            "revenue_4q": null,
            "common_shares": 1714376,
            "book_valuer_per_share": 12.48,
            "book_valuer_per_share_4q_avg": 13.35,
            "equity": 2558169,
            "current_ratio": 86.48,
            "debt_ratio": 68.57,
            "inventory_turnover_ratio": 0.13,
            "account_receivable_turnover_ratio": 6.47,
            "reinvestment_rate": null,
            "research_to_sale_ratio": null,
            "price_fair": 0,
            "eps_avg_yearly": 0,
            "eps_latest_yearly": 0,
            "eps_growth_yearly": 0
        },
        "20171": {
            "year_quarter": 20171,
            "year": 2017,
            "quarter": 1,
            "eps": -0.46,
            "eps_growth_year": -177.97,
            "eps_4q": -1.89,
            "eps_4q_growth_year": -658.96,
            "roe": -3.39,
            "roe_4q": -13.38,
            "gross_profit": 274062,
            "gross_margin": 89.41,
            "gross_margin_4q_avg": 84.87,
            "net_income": -85092,
            "net_income_4q": null,
            "revenue": 306509,
            "revenue_4q": null,
            "common_shares": 1714376,
            "book_valuer_per_share": 11.93,
            "book_valuer_per_share_4q_avg": 12.81,
            "equity": 2456964,
            "current_ratio": 67.28,
            "debt_ratio": 68.3,
            "inventory_turnover_ratio": 0.09,
            "account_receivable_turnover_ratio": 7.59,
            "reinvestment_rate": null,
            "research_to_sale_ratio": null,
            "price_fair": 0,
            "eps_avg_yearly": 0,
            "eps_latest_yearly": 0,
            "eps_growth_yearly": 0
        },
        "20172": {
            "year_quarter": 20172,
            "year": 2017,
            "quarter": 2,
            "eps": -0.5,
            "eps_growth_year": null,
            "eps_4q": -2.11,
            "eps_4q_growth_year": null,
            "roe": -3.97,
            "roe_4q": -15.28,
            "gross_profit": 268199,
            "gross_margin": 91.38,
            "gross_margin_4q_avg": 87.15,
            "net_income": -95663,
            "net_income_4q": null,
            "revenue": 293506,
            "revenue_4q": null,
            "common_shares": 1714376,
            "book_valuer_per_share": 11.45,
            "book_valuer_per_share_4q_avg": 12.19,
            "equity": 2364888,
            "current_ratio": 58.76,
            "debt_ratio": 69.07,
            "inventory_turnover_ratio": 0.07,
            "account_receivable_turnover_ratio": 8.33,
            "reinvestment_rate": null,
            "research_to_sale_ratio": null,
            "price_fair": 0,
            "eps_avg_yearly": 0,
            "eps_latest_yearly": 0,
            "eps_growth_yearly": 0
        },
        "20173": {
            "year_quarter": 20173,
            "year": 2017,
            "quarter": 3,
            "eps": -0.45,
            "eps_growth_year": null,
            "eps_4q": -1.67,
            "eps_4q_growth_year": null,
            "roe": -3.77,
            "roe_4q": -12.88,
            "gross_profit": 286354,
            "gross_margin": 90.02,
            "gross_margin_4q_avg": 88.74,
            "net_income": -86052,
            "net_income_4q": null,
            "revenue": 318108,
            "revenue_4q": null,
            "common_shares": 1714376,
            "book_valuer_per_share": 10.98,
            "book_valuer_per_share_4q_avg": 11.71,
            "equity": 2198998,
            "current_ratio": 130.05,
            "debt_ratio": 70.7,
            "inventory_turnover_ratio": 0.08,
            "account_receivable_turnover_ratio": 13,
            "reinvestment_rate": null,
            "research_to_sale_ratio": null,
            "price_fair": 0,
            "eps_avg_yearly": 0,
            "eps_latest_yearly": 0,
            "eps_growth_yearly": 0
        },
        "20174": {
            "year_quarter": 20174,
            "year": 2017,
            "quarter": 4,
            "eps": 0.56,
            "eps_growth_year": null,
            "eps_4q": -0.85,
            "eps_4q_growth_year": null,
            "roe": 4.25,
            "roe_4q": -6.880000000000001,
            "gross_profit": 225052,
            "gross_margin": 91.54,
            "gross_margin_4q_avg": 90.59,
            "net_income": 88604,
            "net_income_4q": null,
            "revenue": 245863,
            "revenue_4q": null,
            "common_shares": 1679376,
            "book_valuer_per_share": 11.51,
            "book_valuer_per_share_4q_avg": 11.47,
            "equity": 1966551,
            "current_ratio": 193.04,
            "debt_ratio": 36.94,
            "inventory_turnover_ratio": 0.06,
            "account_receivable_turnover_ratio": 9.92,
            "reinvestment_rate": null,
            "research_to_sale_ratio": null,
            "price_fair": 0,
            "eps_avg_yearly": 0,
            "eps_latest_yearly": 0,
            "eps_growth_yearly": 0
        },
        "20181": {
            "year_quarter": 20181,
            "year": 2018,
            "quarter": 1,
            "eps": -0.33,
            "eps_growth_year": null,
            "eps_4q": -0.72,
            "eps_4q_growth_year": null,
            "roe": -3.12,
            "roe_4q": -6.61,
            "gross_profit": 157107,
            "gross_margin": 77.83,
            "gross_margin_4q_avg": 87.69,
            "net_income": -62818,
            "net_income_4q": null,
            "revenue": 201861,
            "revenue_4q": null,
            "common_shares": 1679376,
            "book_valuer_per_share": 11.3,
            "book_valuer_per_share_4q_avg": 11.31,
            "equity": 2066601,
            "current_ratio": 159.29,
            "debt_ratio": 31.75,
            "inventory_turnover_ratio": 0.12,
            "account_receivable_turnover_ratio": 6.82,
            "reinvestment_rate": null,
            "research_to_sale_ratio": null,
            "price_fair": 0,
            "eps_avg_yearly": 0,
            "eps_latest_yearly": 0,
            "eps_growth_yearly": 0
        },
        "20182": {
            "year_quarter": 20182,
            "year": 2018,
            "quarter": 2,
            "eps": -0.33,
            "eps_growth_year": null,
            "eps_4q": -0.55,
            "eps_4q_growth_year": null,
            "roe": -3.28,
            "roe_4q": -5.92,
            "gross_profit": 171060,
            "gross_margin": 82.27,
            "gross_margin_4q_avg": 85.42,
            "net_income": -66072,
            "net_income_4q": null,
            "revenue": 207915,
            "revenue_4q": null,
            "common_shares": 1679376,
            "book_valuer_per_share": 10.76,
            "book_valuer_per_share_4q_avg": 11.14,
            "equity": 1966595,
            "current_ratio": 142.37,
            "debt_ratio": 30.03,
            "inventory_turnover_ratio": 0.1,
            "account_receivable_turnover_ratio": 6.23,
            "reinvestment_rate": null,
            "research_to_sale_ratio": null,
            "price_fair": 0,
            "eps_avg_yearly": 0,
            "eps_latest_yearly": 0,
            "eps_growth_yearly": 0
        },
        "20183": {
            "year_quarter": 20183,
            "year": 2018,
            "quarter": 3,
            "eps": -0.05,
            "eps_growth_year": null,
            "eps_4q": -0.16,
            "eps_4q_growth_year": null,
            "roe": -0.86,
            "roe_4q": -3.01,
            "gross_profit": 229668,
            "gross_margin": 57.18,
            "gross_margin_4q_avg": 77.21,
            "net_income": -16852,
            "net_income_4q": null,
            "revenue": 401679,
            "revenue_4q": null,
            "common_shares": 1679376,
            "book_valuer_per_share": 10.71,
            "book_valuer_per_share_4q_avg": 11.07,
            "equity": 1949957,
            "current_ratio": 151.36,
            "debt_ratio": 28.18,
            "inventory_turnover_ratio": 0.54,
            "account_receivable_turnover_ratio": 9.84,
            "reinvestment_rate": null,
            "research_to_sale_ratio": null,
            "price_fair": 0,
            "eps_avg_yearly": 0,
            "eps_latest_yearly": 0,
            "eps_growth_yearly": 0
        },
        "20184": {
            "year_quarter": 20184,
            "year": 2018,
            "quarter": 4,
            "eps": -0.38,
            "eps_growth_year": -167.19,
            "eps_4q": -1.1,
            "eps_4q_growth_year": null,
            "roe": -3.79,
            "roe_4q": -11.05,
            "gross_profit": 176036,
            "gross_margin": 84.06,
            "gross_margin_4q_avg": 75.34,
            "net_income": -71890,
            "net_income_4q": null,
            "revenue": 209414,
            "revenue_4q": null,
            "common_shares": 1679376,
            "book_valuer_per_share": 10.13,
            "book_valuer_per_share_4q_avg": 10.73,
            "equity": 1845053,
            "current_ratio": 150.56,
            "debt_ratio": 27.11,
            "inventory_turnover_ratio": 0.13,
            "account_receivable_turnover_ratio": 4.74,
            "reinvestment_rate": null,
            "research_to_sale_ratio": null,
            "price_fair": 0,
            "eps_avg_yearly": 0,
            "eps_latest_yearly": 0,
            "eps_growth_yearly": 0
        },
        "20191": {
            "year_quarter": 20191,
            "year": 2019,
            "quarter": 1,
            "eps": -0.33,
            "eps_growth_year": null,
            "eps_4q": -1.1,
            "eps_4q_growth_year": null,
            "roe": -3.48,
            "roe_4q": -11.409999999999998,
            "gross_profit": 256156,
            "gross_margin": 82.38,
            "gross_margin_4q_avg": 76.47,
            "net_income": -62910,
            "net_income_4q": null,
            "revenue": 310929,
            "revenue_4q": null,
            "common_shares": 1679376,
            "book_valuer_per_share": 9.73,
            "book_valuer_per_share_4q_avg": 10.33,
            "equity": 1770483,
            "current_ratio": 84.1,
            "debt_ratio": 72.18,
            "inventory_turnover_ratio": 0.2,
            "account_receivable_turnover_ratio": 6.88,
            "reinvestment_rate": null,
            "research_to_sale_ratio": null,
            "price_fair": 0,
            "eps_avg_yearly": 0,
            "eps_latest_yearly": 0,
            "eps_growth_yearly": 0
        },
        "20192": {
            "year_quarter": 20192,
            "year": 2019,
            "quarter": 2,
            "eps": -0.36,
            "eps_growth_year": null,
            "eps_4q": -1.12,
            "eps_4q_growth_year": null,
            "roe": -3.9,
            "roe_4q": -12.03,
            "gross_profit": 247555,
            "gross_margin": 85.38,
            "gross_margin_4q_avg": 77.25,
            "net_income": -67796,
            "net_income_4q": null,
            "revenue": 289940,
            "revenue_4q": null,
            "common_shares": 1679376,
            "book_valuer_per_share": 9.38,
            "book_valuer_per_share_4q_avg": 9.99,
            "equity": 1703366,
            "current_ratio": 80.59,
            "debt_ratio": 72.59,
            "inventory_turnover_ratio": 0.15,
            "account_receivable_turnover_ratio": 6.09,
            "reinvestment_rate": null,
            "research_to_sale_ratio": null,
            "price_fair": 0,
            "eps_avg_yearly": 0,
            "eps_latest_yearly": 0,
            "eps_growth_yearly": 0
        },
        "20193": {
            "year_quarter": 20193,
            "year": 2019,
            "quarter": 3,
            "eps": -0.31,
            "eps_growth_year": null,
            "eps_4q": -1.38,
            "eps_4q_growth_year": null,
            "roe": -3.74,
            "roe_4q": -14.91,
            "gross_profit": 264912,
            "gross_margin": 85.75,
            "gross_margin_4q_avg": 84.39,
            "net_income": -60991,
            "net_income_4q": null,
            "revenue": 308918,
            "revenue_4q": null,
            "common_shares": 1679376,
            "book_valuer_per_share": 8.56,
            "book_valuer_per_share_4q_avg": 9.45,
            "equity": 1555554,
            "current_ratio": 97.46,
            "debt_ratio": 75.2,
            "inventory_turnover_ratio": 0.16,
            "account_receivable_turnover_ratio": 6.08,
            "reinvestment_rate": null,
            "research_to_sale_ratio": null,
            "price_fair": 0,
            "eps_avg_yearly": 0,
            "eps_latest_yearly": 0,
            "eps_growth_yearly": 0
        },
        "20194": {
            "year_quarter": 20194,
            "year": 2019,
            "quarter": 4,
            "eps": -2.04,
            "eps_growth_year": null,
            "eps_4q": -3.04,
            "eps_4q_growth_year": null,
            "roe": -34.01,
            "roe_4q": -45.129999999999995,
            "gross_profit": 230612,
            "gross_margin": 88.47,
            "gross_margin_4q_avg": 85.5,
            "net_income": -453913,
            "net_income_4q": null,
            "revenue": 260663,
            "revenue_4q": null,
            "common_shares": 1679376,
            "book_valuer_per_share": 6.62,
            "book_valuer_per_share_4q_avg": 8.57,
            "equity": 1113882,
            "current_ratio": 91.57,
            "debt_ratio": 80.6,
            "inventory_turnover_ratio": 0.11,
            "account_receivable_turnover_ratio": 5.89,
            "reinvestment_rate": null,
            "research_to_sale_ratio": null,
            "price_fair": 0,
            "eps_avg_yearly": 0,
            "eps_latest_yearly": 0,
            "eps_growth_yearly": 0
        },
        "20201": {
            "year_quarter": 20201,
            "year": 2020,
            "quarter": 1,
            "eps": -0.12,
            "eps_growth_year": null,
            "eps_4q": -2.83,
            "eps_4q_growth_year": null,
            "roe": -2.18,
            "roe_4q": -43.83,
            "gross_profit": 289636,
            "gross_margin": 89.29,
            "gross_margin_4q_avg": 87.22,
            "net_income": -23024,
            "net_income_4q": null,
            "revenue": 324387,
            "revenue_4q": null,
            "common_shares": 1679376,
            "book_valuer_per_share": 6.06,
            "book_valuer_per_share_4q_avg": 7.66,
            "equity": 993933,
            "current_ratio": 88.26,
            "debt_ratio": 82.18,
            "inventory_turnover_ratio": 0.13,
            "account_receivable_turnover_ratio": 9.9,
            "reinvestment_rate": null,
            "research_to_sale_ratio": null,
            "price_fair": 0,
            "eps_avg_yearly": 0,
            "eps_latest_yearly": 0,
            "eps_growth_yearly": 0
        },
        "20202": {
            "year_quarter": 20202,
            "year": 2020,
            "quarter": 2,
            "eps": -0.38,
            "eps_growth_year": null,
            "eps_4q": -2.64,
            "eps_4q_growth_year": null,
            "roe": -3.09,
            "roe_4q": -43.02,
            "gross_profit": 235798,
            "gross_margin": 90.88,
            "gross_margin_4q_avg": 88.6,
            "net_income": -30940,
            "net_income_4q": null,
            "revenue": 259447,
            "revenue_4q": null,
            "common_shares": 1679376,
            "book_valuer_per_share": 6.15,
            "book_valuer_per_share_4q_avg": 6.85,
            "equity": 1005487,
            "current_ratio": 105.51,
            "debt_ratio": 82.1,
            "inventory_turnover_ratio": 0.09,
            "account_receivable_turnover_ratio": 6.99,
            "reinvestment_rate": null,
            "research_to_sale_ratio": null,
            "price_fair": 0,
            "eps_avg_yearly": 0,
            "eps_latest_yearly": 0,
            "eps_growth_yearly": 0
        },
        "20203": {
            "year_quarter": 20203,
            "year": 2020,
            "quarter": 3,
            "eps": 0.65,
            "eps_growth_year": null,
            "eps_4q": -4.57,
            "eps_4q_growth_year": null,
            "roe": 6.82,
            "roe_4q": -32.46,
            "gross_profit": 275590,
            "gross_margin": 88.26,
            "gross_margin_4q_avg": 89.23,
            "net_income": 71717,
            "net_income_4q": null,
            "revenue": 312236,
            "revenue_4q": null,
            "common_shares": 750000,
            "book_valuer_per_share": 14.67,
            "book_valuer_per_share_4q_avg": 8.38,
            "equity": 1096218,
            "current_ratio": 132.19,
            "debt_ratio": 78.56,
            "inventory_turnover_ratio": 0.14,
            "account_receivable_turnover_ratio": 6.45,
            "reinvestment_rate": null,
            "research_to_sale_ratio": null,
            "price_fair": 0,
            "eps_avg_yearly": 0,
            "eps_latest_yearly": 0,
            "eps_growth_yearly": 0
        },
        "20204": {
            "year_quarter": 20204,
            "year": 2020,
            "quarter": 4,
            "eps": -0.01,
            "eps_growth_year": null,
            "eps_4q": 0,
            "eps_4q_growth_year": null,
            "roe": -0.2,
            "roe_4q": 1.35,
            "gross_profit": 197815,
            "gross_margin": 76.45,
            "gross_margin_4q_avg": 86.22,
            "net_income": -1909,
            "net_income_4q": null,
            "revenue": 258749,
            "revenue_4q": null,
            "common_shares": 750000,
            "book_valuer_per_share": 10.68,
            "book_valuer_per_share_4q_avg": 9.39,
            "equity": 796172,
            "current_ratio": 89.02,
            "debt_ratio": 83.43,
            "inventory_turnover_ratio": 0.23,
            "account_receivable_turnover_ratio": 6.46,
            "reinvestment_rate": null,
            "research_to_sale_ratio": null,
            "price_fair": 0,
            "eps_avg_yearly": 0,
            "eps_latest_yearly": 0,
            "eps_growth_yearly": 0
        },
        "20211": {
            "year_quarter": 20211,
            "year": 2021,
            "quarter": 1,
            "eps": -0.08,
            "eps_growth_year": null,
            "eps_4q": 0.19,
            "eps_4q_growth_year": null,
            "roe": -0.95,
            "roe_4q": 2.58,
            "gross_profit": 93599,
            "gross_margin": 40.17,
            "gross_margin_4q_avg": 73.94,
            "net_income": -7407,
            "net_income_4q": null,
            "revenue": 233009,
            "revenue_4q": null,
            "common_shares": 750000,
            "book_valuer_per_share": 10.57,
            "book_valuer_per_share_4q_avg": 10.52,
            "equity": 769509,
            "current_ratio": 88.09,
            "debt_ratio": 83.83,
            "inventory_turnover_ratio": 0.53,
            "account_receivable_turnover_ratio": 7.14,
            "reinvestment_rate": null,
            "research_to_sale_ratio": null,
            "price_fair": 0,
            "eps_avg_yearly": 0,
            "eps_latest_yearly": 0,
            "eps_growth_yearly": 0
        },
        "20212": {
            "year_quarter": 20212,
            "year": 2021,
            "quarter": 2,
            "eps": -1.07,
            "eps_growth_year": null,
            "eps_4q": -0.5,
            "eps_4q_growth_year": null,
            "roe": -11.1,
            "roe_4q": -5.429999999999998,
            "gross_profit": 28718,
            "gross_margin": 21.13,
            "gross_margin_4q_avg": 56.5,
            "net_income": -80421,
            "net_income_4q": null,
            "revenue": 135918,
            "revenue_4q": null,
            "common_shares": 750000,
            "book_valuer_per_share": 9.36,
            "book_valuer_per_share_4q_avg": 11.32,
            "equity": 679722,
            "current_ratio": 77.09,
            "debt_ratio": 85.1,
            "inventory_turnover_ratio": 0.4,
            "account_receivable_turnover_ratio": 5.36,
            "reinvestment_rate": null,
            "research_to_sale_ratio": null,
            "price_fair": 0,
            "eps_avg_yearly": 0,
            "eps_latest_yearly": 0,
            "eps_growth_yearly": 0
        },
        "20213": {
            "year_quarter": 20213,
            "year": 2021,
            "quarter": 3,
            "eps": -0.64,
            "eps_growth_year": -198.46,
            "eps_4q": -1.8,
            "eps_4q_growth_year": null,
            "roe": -7.5,
            "roe_4q": -19.75,
            "gross_profit": 28647,
            "gross_margin": 19.03,
            "gross_margin_4q_avg": 39.2,
            "net_income": -48785,
            "net_income_4q": null,
            "revenue": 150575,
            "revenue_4q": null,
            "common_shares": 750000,
            "book_valuer_per_share": 8.6,
            "book_valuer_per_share_4q_avg": 9.8,
            "equity": 621674,
            "current_ratio": 82.22,
            "debt_ratio": 86.75,
            "inventory_turnover_ratio": 0.46,
            "account_receivable_turnover_ratio": 5.75,
            "reinvestment_rate": null,
            "research_to_sale_ratio": null,
            "price_fair": 0,
            "eps_avg_yearly": 0,
            "eps_latest_yearly": 0,
            "eps_growth_yearly": 0
        },
        "20214": {
            "year_quarter": 20214,
            "year": 2021,
            "quarter": 4,
            "eps": -0.22,
            "eps_growth_year": null,
            "eps_4q": -1.71,
            "eps_4q_growth_year": -204189.88,
            "roe": -2.76,
            "roe_4q": -22.31,
            "gross_profit": 103904,
            "gross_margin": 40.19,
            "gross_margin_4q_avg": 30.13,
            "net_income": -19191,
            "net_income_4q": null,
            "revenue": 258553,
            "revenue_4q": null,
            "common_shares": 900000,
            "book_valuer_per_share": 8.66,
            "book_valuer_per_share_4q_avg": 9.3,
            "equity": 767669,
            "current_ratio": 88.47,
            "debt_ratio": 84.31,
            "inventory_turnover_ratio": 0.57,
            "account_receivable_turnover_ratio": 6.55,
            "reinvestment_rate": null,
            "research_to_sale_ratio": null,
            "price_fair": 0,
            "eps_avg_yearly": 0,
            "eps_latest_yearly": 0,
            "eps_growth_yearly": 0
        },
        "20221": {
            "year_quarter": 20221,
            "year": 2022,
            "quarter": 1,
            "eps": 0.01,
            "eps_growth_year": null,
            "eps_4q": -1.63,
            "eps_4q_growth_year": -981.38,
            "roe": 0.16,
            "roe_4q": -21.2,
            "gross_profit": 106953,
            "gross_margin": 40.68,
            "gross_margin_4q_avg": 30.26,
            "net_income": 1198,
            "net_income_4q": null,
            "revenue": 262927,
            "revenue_4q": null,
            "common_shares": 900000,
            "book_valuer_per_share": 8.74,
            "book_valuer_per_share_4q_avg": 8.84,
            "equity": 774871,
            "current_ratio": 79.43,
            "debt_ratio": 83.61,
            "inventory_turnover_ratio": 0.57,
            "account_receivable_turnover_ratio": 6.27,
            "reinvestment_rate": null,
            "research_to_sale_ratio": null,
            "price_fair": 0,
            "eps_avg_yearly": 0,
            "eps_latest_yearly": 0,
            "eps_growth_yearly": 0
        },
        "20222": {
            "year_quarter": 20222,
            "year": 2022,
            "quarter": 2,
            "eps": -0.77,
            "eps_growth_year": null,
            "eps_4q": -1.52,
            "eps_4q_growth_year": null,
            "roe": -9.77,
            "roe_4q": -19.869999999999997,
            "gross_profit": 66307,
            "gross_margin": 29.51,
            "gross_margin_4q_avg": 32.35,
            "net_income": -71706,
            "net_income_4q": null,
            "revenue": 224684,
            "revenue_4q": null,
            "common_shares": 900000,
            "book_valuer_per_share": 7.66,
            "book_valuer_per_share_4q_avg": 8.42,
            "equity": 693636,
            "current_ratio": 71.77,
            "debt_ratio": 85.14,
            "inventory_turnover_ratio": 0.56,
            "account_receivable_turnover_ratio": 5.37,
            "reinvestment_rate": null,
            "research_to_sale_ratio": null,
            "price_fair": 0,
            "eps_avg_yearly": 0,
            "eps_latest_yearly": 0,
            "eps_growth_yearly": 0
        },
        "20223": {
            "year_quarter": 20223,
            "year": 2022,
            "quarter": 3,
            "eps": 0.45,
            "eps_growth_year": null,
            "eps_4q": -0.53,
            "eps_4q_growth_year": null,
            "roe": 5.41,
            "roe_4q": -6.959999999999999,
            "gross_profit": 160903,
            "gross_margin": 49.1,
            "gross_margin_4q_avg": 39.87,
            "net_income": 38597,
            "net_income_4q": null,
            "revenue": 327675,
            "revenue_4q": null,
            "common_shares": 900000,
            "book_valuer_per_share": 8.14,
            "book_valuer_per_share_4q_avg": 8.3,
            "equity": 734534,
            "current_ratio": 77.14,
            "debt_ratio": 84.48,
            "inventory_turnover_ratio": 0.58,
            "account_receivable_turnover_ratio": 7.78,
            "reinvestment_rate": null,
            "research_to_sale_ratio": null,
            "price_fair": 0,
            "eps_avg_yearly": 0,
            "eps_latest_yearly": 0,
            "eps_growth_yearly": 0
        },
        "20224": {
            "year_quarter": 20224,
            "year": 2022,
            "quarter": 4,
            "eps": -0.04,
            "eps_growth_year": null,
            "eps_4q": -0.35,
            "eps_4q_growth_year": null,
            "roe": -0.68,
            "roe_4q": -4.879999999999999,
            "gross_profit": 86417,
            "gross_margin": 29.64,
            "gross_margin_4q_avg": 37.23,
            "net_income": -5007,
            "net_income_4q": null,
            "revenue": 291541,
            "revenue_4q": null,
            "common_shares": 900000,
            "book_valuer_per_share": 8.11,
            "book_valuer_per_share_4q_avg": 8.16,
            "equity": 730572,
            "current_ratio": 79.49,
            "debt_ratio": 85.08,
            "inventory_turnover_ratio": 0.71,
            "account_receivable_turnover_ratio": 6.3,
            "reinvestment_rate": null,
            "research_to_sale_ratio": null,
            "price_fair": 0,
            "eps_avg_yearly": 0,
            "eps_latest_yearly": 0,
            "eps_growth_yearly": 0
        },
        "20231": {
            "year_quarter": 20231,
            "year": 2023,
            "quarter": 1,
            "eps": 0.17,
            "eps_growth_year": 1600,
            "eps_4q": -0.2,
            "eps_4q_growth_year": null,
            "roe": 1.82,
            "roe_4q": -3.219999999999999,
            "gross_profit": 132118,
            "gross_margin": 42.49,
            "gross_margin_4q_avg": 37.69,
            "net_income": 13548,
            "net_income_4q": null,
            "revenue": 310917,
            "revenue_4q": null,
            "common_shares": 900000,
            "book_valuer_per_share": 8.43,
            "book_valuer_per_share_4q_avg": 8.09,
            "equity": 757738,
            "current_ratio": 66.67,
            "debt_ratio": 84.51,
            "inventory_turnover_ratio": 0.61,
            "account_receivable_turnover_ratio": 7.51,
            "reinvestment_rate": null,
            "research_to_sale_ratio": null,
            "price_fair": 0,
            "eps_avg_yearly": 0,
            "eps_latest_yearly": 0,
            "eps_growth_yearly": 0
        },
        "20232": {
            "year_quarter": 20232,
            "year": 2023,
            "quarter": 2,
            "eps": 0.11,
            "eps_growth_year": null,
            "eps_4q": 0.67,
            "eps_4q_growth_year": null,
            "roe": 1,
            "roe_4q": 7.550000000000001,
            "gross_profit": 137683,
            "gross_margin": 42.48,
            "gross_margin_4q_avg": 40.93,
            "net_income": 7788,
            "net_income_4q": null,
            "revenue": 324092,
            "revenue_4q": null,
            "common_shares": 900000,
            "book_valuer_per_share": 8.74,
            "book_valuer_per_share_4q_avg": 8.36,
            "equity": 799441,
            "current_ratio": 67.86,
            "debt_ratio": 83.74,
            "inventory_turnover_ratio": 0.64,
            "account_receivable_turnover_ratio": 8.83,
            "reinvestment_rate": null,
            "research_to_sale_ratio": null,
            "price_fair": 1.32,
            "eps_avg_yearly": 0.44,
            "eps_latest_yearly": 0.44,
            "eps_growth_yearly": -141.18
        },
        "20233": {
            "year_quarter": 20233,
            "year": 2023,
            "quarter": 3,
            "eps": 0.48,
            "eps_growth_year": 6.67,
            "eps_4q": 0.71,
            "eps_4q_growth_year": null,
            "roe": 5.24,
            "roe_4q": 7.380000000000001,
            "gross_profit": 173732,
            "gross_margin": 45.72,
            "gross_margin_4q_avg": 40.08,
            "net_income": 42105,
            "net_income_4q": null,
            "revenue": 379950,
            "revenue_4q": null,
            "common_shares": 900000,
            "book_valuer_per_share": 8.83,
            "book_valuer_per_share_4q_avg": 8.53,
            "equity": 806073,
            "current_ratio": 71.61,
            "debt_ratio": 83.91,
            "inventory_turnover_ratio": 0.7,
            "account_receivable_turnover_ratio": 7.83,
            "reinvestment_rate": null,
            "research_to_sale_ratio": null,
            "price_fair": 41.3,
            "eps_avg_yearly": 1.18,
            "eps_latest_yearly": 1.92,
            "eps_growth_yearly": 602.14
        },
        "20234": {
            "year_quarter": 20234,
            "year": 2023,
            "quarter": 4,
            "eps": -0.08,
            "eps_growth_year": null,
            "eps_4q": 0.67,
            "eps_4q_growth_year": null,
            "roe": -1.06,
            "roe_4q": 7,
            "gross_profit": 130688,
            "gross_margin": 42.19,
            "gross_margin_4q_avg": 43.22,
            "net_income": -8461,
            "net_income_4q": null,
            "revenue": 309793,
            "revenue_4q": null,
            "common_shares": 900000,
            "book_valuer_per_share": 8.65,
            "book_valuer_per_share_4q_avg": 8.66,
            "equity": 789157,
            "current_ratio": 68.51,
            "debt_ratio": 83.8,
            "inventory_turnover_ratio": 0.61,
            "account_receivable_turnover_ratio": 5.48,
            "reinvestment_rate": null,
            "research_to_sale_ratio": null,
            "price_fair": 41.3,
            "eps_avg_yearly": 1.18,
            "eps_latest_yearly": 1.92,
            "eps_growth_yearly": 602.14
        }
    },
    "months": {
        "2001-06": {
            "month": "2001-06",
            "price": "7.92",
            "revenue": 115944
        },
        "2001-07": {
            "month": "2001-07",
            "price": "7.78",
            "revenue": 117229
        },
        "2001-08": {
            "month": "2001-08",
            "price": "7.85",
            "revenue": 133482
        },
        "2001-09": {
            "month": "2001-09",
            "price": "6.99",
            "revenue": 137424
        },
        "2001-10": {
            "month": "2001-10",
            "price": "6.23",
            "revenue": 150391
        },
        "2001-11": {
            "month": "2001-11",
            "price": "7.02",
            "revenue": 110826
        },
        "2001-12": {
            "month": "2001-12",
            "price": "7.79",
            "revenue": 78079
        },
        "2002-01": {
            "month": "2002-01",
            "price": "6.86",
            "revenue": 72205
        },
        "2002-02": {
            "month": "2002-02",
            "price": "6.55",
            "revenue": 57912
        },
        "2002-03": {
            "month": "2002-03",
            "price": "7.20",
            "revenue": 100125
        },
        "2002-04": {
            "month": "2002-04",
            "price": "7.60",
            "revenue": 125678
        },
        "2002-05": {
            "month": "2002-05",
            "price": "6.55",
            "revenue": 137164
        },
        "2002-06": {
            "month": "2002-06",
            "price": "6.39",
            "revenue": 124281
        },
        "2002-07": {
            "month": "2002-07",
            "price": "5.74",
            "revenue": 101609
        },
        "2002-08": {
            "month": "2002-08",
            "price": "5.38",
            "revenue": 101596
        },
        "2002-09": {
            "month": "2002-09",
            "price": "5.07",
            "revenue": 108064
        },
        "2002-10": {
            "month": "2002-10",
            "price": "4.90",
            "revenue": 104140
        },
        "2002-11": {
            "month": "2002-11",
            "price": "4.86",
            "revenue": 101880
        },
        "2002-12": {
            "month": "2002-12",
            "price": "5.51",
            "revenue": 104758
        },
        "2003-01": {
            "month": "2003-01",
            "price": "6.90",
            "revenue": 81124
        },
        "2003-02": {
            "month": "2003-02",
            "price": "8.30",
            "revenue": 73804
        },
        "2003-03": {
            "month": "2003-03",
            "price": "10.70",
            "revenue": 108547
        },
        "2003-04": {
            "month": "2003-04",
            "price": "10.09",
            "revenue": 124301
        },
        "2003-05": {
            "month": "2003-05",
            "price": "7.25",
            "revenue": 127616
        },
        "2003-06": {
            "month": "2003-06",
            "price": "7.74",
            "revenue": 137101
        },
        "2003-07": {
            "month": "2003-07",
            "price": "7.88",
            "revenue": 970502
        },
        "2003-08": {
            "month": "2003-08",
            "price": "8.11",
            "revenue": 96129
        },
        "2003-09": {
            "month": "2003-09",
            "price": "7.77",
            "revenue": 108704
        },
        "2003-10": {
            "month": "2003-10",
            "price": "7.30",
            "revenue": 113965
        },
        "2003-11": {
            "month": "2003-11",
            "price": "7.42",
            "revenue": 92603
        },
        "2003-12": {
            "month": "2003-12",
            "price": "7.10",
            "revenue": 102797
        },
        "2004-01": {
            "month": "2004-01",
            "price": "7.41",
            "revenue": 80786
        },
        "2004-02": {
            "month": "2004-02",
            "price": "8.24",
            "revenue": 66475
        },
        "2004-03": {
            "month": "2004-03",
            "price": "7.63",
            "revenue": 71479
        },
        "2004-04": {
            "month": "2004-04",
            "price": "7.63",
            "revenue": 95329
        },
        "2004-05": {
            "month": "2004-05",
            "price": "7.27",
            "revenue": 91124
        },
        "2004-06": {
            "month": "2004-06",
            "price": "6.64",
            "revenue": 103373
        },
        "2004-07": {
            "month": "2004-07",
            "price": "6.48",
            "revenue": 72941
        },
        "2004-08": {
            "month": "2004-08",
            "price": "6.94",
            "revenue": 80055
        },
        "2004-09": {
            "month": "2004-09",
            "price": "6.68",
            "revenue": 104793
        },
        "2004-10": {
            "month": "2004-10",
            "price": "6.71",
            "revenue": 103576
        },
        "2004-11": {
            "month": "2004-11",
            "price": "6.36",
            "revenue": 85775
        },
        "2004-12": {
            "month": "2004-12",
            "price": "6.45",
            "revenue": 69533
        },
        "2005-01": {
            "month": "2005-01",
            "price": "6.92",
            "revenue": 68869
        },
        "2005-02": {
            "month": "2005-02",
            "price": "6.81",
            "revenue": 35298
        },
        "2005-03": {
            "month": "2005-03",
            "price": "6.08",
            "revenue": 95918
        },
        "2005-04": {
            "month": "2005-04",
            "price": "6.06",
            "revenue": 92483
        },
        "2005-09": {
            "month": "2005-09",
            "price": "6.42",
            "revenue": 29545
        },
        "2005-10": {
            "month": "2005-10",
            "price": "3.90",
            "revenue": 33575
        },
        "2005-11": {
            "month": "2005-11",
            "price": "1.08",
            "revenue": 20326
        },
        "2005-12": {
            "month": "2005-12",
            "price": "1.38",
            "revenue": 13253
        },
        "2006-01": {
            "month": "2006-01",
            "price": "2.42",
            "revenue": 6248
        },
        "2006-02": {
            "month": "2006-02",
            "price": "1.85",
            "revenue": 1689
        },
        "2006-03": {
            "month": "2006-03",
            "price": "1.37",
            "revenue": 5267
        },
        "2006-04": {
            "month": "2006-04",
            "price": "2.51",
            "revenue": 2966
        },
        "2006-05": {
            "month": "2006-05",
            "price": "3.78",
            "revenue": 4044
        },
        "2006-06": {
            "month": "2006-06",
            "price": "6.99",
            "revenue": 524475
        },
        "2006-07": {
            "month": "2006-07",
            "price": "6.84",
            "revenue": 9344
        },
        "2006-08": {
            "month": "2006-08",
            "price": "7.01",
            "revenue": 4005
        },
        "2006-09": {
            "month": "2006-09",
            "price": "6.21",
            "revenue": 32305
        },
        "2006-10": {
            "month": "2006-10",
            "price": "6.88",
            "revenue": 20796
        },
        "2006-11": {
            "month": "2006-11",
            "price": "7.32",
            "revenue": 7368
        },
        "2006-12": {
            "month": "2006-12",
            "price": "7.73",
            "revenue": 5542
        },
        "2007-01": {
            "month": "2007-01",
            "price": "7.16",
            "revenue": 6045
        },
        "2007-02": {
            "month": "2007-02",
            "price": "6.34",
            "revenue": 5952
        },
        "2007-03": {
            "month": "2007-03",
            "price": "6.11",
            "revenue": 10237
        },
        "2007-04": {
            "month": "2007-04",
            "price": "7.39",
            "revenue": 1599
        },
        "2007-05": {
            "month": "2007-05",
            "price": "6.86",
            "revenue": 3556
        },
        "2007-06": {
            "month": "2007-06",
            "price": "6.96",
            "revenue": 965
        },
        "2007-07": {
            "month": "2007-07",
            "price": "8.13",
            "revenue": 1118
        },
        "2007-08": {
            "month": "2007-08",
            "price": "7.63",
            "revenue": 1032
        },
        "2007-09": {
            "month": "2007-09",
            "price": "5.18",
            "revenue": 661634
        },
        "2007-10": {
            "month": "2007-10",
            "price": "6.80",
            "revenue": 13182
        },
        "2007-11": {
            "month": "2007-11",
            "price": "7.32",
            "revenue": 21363
        },
        "2007-12": {
            "month": "2007-12",
            "price": "7.61",
            "revenue": 9112
        },
        "2008-01": {
            "month": "2008-01",
            "price": "5.75",
            "revenue": 2317
        },
        "2008-02": {
            "month": "2008-02",
            "price": "5.76",
            "revenue": 19681
        },
        "2008-03": {
            "month": "2008-03",
            "price": "6.87",
            "revenue": 5756
        },
        "2008-04": {
            "month": "2008-04",
            "price": "5.93",
            "revenue": 2058
        },
        "2008-05": {
            "month": "2008-05",
            "price": "5.90",
            "revenue": 4287
        },
        "2008-06": {
            "month": "2008-06",
            "price": "6.28",
            "revenue": 0
        },
        "2008-09": {
            "month": "2008-09",
            "price": "4.70",
            "revenue": 6237
        },
        "2008-11": {
            "month": "2008-11",
            "price": "1.64",
            "revenue": 5469
        },
        "2008-12": {
            "month": "2008-12",
            "price": "1.27",
            "revenue": 185
        },
        "2009-01": {
            "month": "2009-01",
            "price": "1.29",
            "revenue": 517
        },
        "2009-02": {
            "month": "2009-02",
            "price": "1.14",
            "revenue": 37
        },
        "2009-03": {
            "month": "2009-03",
            "price": "1.56",
            "revenue": 12
        },
        "2009-04": {
            "month": "2009-04",
            "price": "3.29",
            "revenue": 13
        },
        "2009-05": {
            "month": "2009-05",
            "price": "2.52",
            "revenue": 183
        },
        "2009-06": {
            "month": "2009-06",
            "price": "3.61",
            "revenue": 878
        },
        "2009-07": {
            "month": "2009-07",
            "price": "6.03",
            "revenue": 972
        },
        "2009-08": {
            "month": "2009-08",
            "price": "6.63",
            "revenue": 11077
        },
        "2009-09": {
            "month": "2009-09",
            "price": "7.00",
            "revenue": 4885
        },
        "2009-10": {
            "month": "2009-10",
            "price": "7.44",
            "revenue": 162
        },
        "2009-11": {
            "month": "2009-11",
            "price": "8.49",
            "revenue": 1734
        },
        "2009-12": {
            "month": "2009-12",
            "price": "6.88",
            "revenue": 743
        },
        "2010-01": {
            "month": "2010-01",
            "price": "6.61",
            "revenue": 377
        },
        "2010-02": {
            "month": "2010-02",
            "price": "7.72",
            "revenue": 60
        },
        "2010-03": {
            "month": "2010-03",
            "price": "9.18",
            "revenue": 2609
        },
        "2010-04": {
            "month": "2010-04",
            "price": "8.63",
            "revenue": 1627
        },
        "2010-05": {
            "month": "2010-05",
            "price": "7.78",
            "revenue": 849071
        },
        "2010-06": {
            "month": "2010-06",
            "price": "9.08",
            "revenue": 410
        },
        "2010-07": {
            "month": "2010-07",
            "price": "8.54",
            "revenue": 60
        },
        "2010-08": {
            "month": "2010-08",
            "price": "9.99",
            "revenue": 60
        },
        "2010-09": {
            "month": "2010-09",
            "price": "10.09",
            "revenue": 60
        },
        "2010-10": {
            "month": "2010-10",
            "price": "10.15",
            "revenue": 60
        },
        "2010-11": {
            "month": "2010-11",
            "price": "14.73",
            "revenue": 457
        },
        "2010-12": {
            "month": "2010-12",
            "price": "14.61",
            "revenue": 381416
        },
        "2011-01": {
            "month": "2011-01",
            "price": "18.52",
            "revenue": 651
        },
        "2011-02": {
            "month": "2011-02",
            "price": "16.69",
            "revenue": 3581
        },
        "2011-03": {
            "month": "2011-03",
            "price": "15.46",
            "revenue": 1108
        },
        "2011-04": {
            "month": "2011-04",
            "price": "14.95",
            "revenue": 1987
        },
        "2011-05": {
            "month": "2011-05",
            "price": "14.11",
            "revenue": 461
        },
        "2011-06": {
            "month": "2011-06",
            "price": "13.13",
            "revenue": 949
        },
        "2011-07": {
            "month": "2011-07",
            "price": "12.95",
            "revenue": 1099
        },
        "2011-08": {
            "month": "2011-08",
            "price": "12.92",
            "revenue": 461
        },
        "2011-09": {
            "month": "2011-09",
            "price": "11.89",
            "revenue": 461
        },
        "2011-10": {
            "month": "2011-10",
            "price": "11.28",
            "revenue": 461
        },
        "2011-11": {
            "month": "2011-11",
            "price": "10.01",
            "revenue": 1472
        },
        "2011-12": {
            "month": "2011-12",
            "price": "7.73",
            "revenue": 1699
        },
        "2012-01": {
            "month": "2012-01",
            "price": "8.42",
            "revenue": 1149
        },
        "2012-02": {
            "month": "2012-02",
            "price": "9.50",
            "revenue": 2371
        },
        "2012-03": {
            "month": "2012-03",
            "price": "9.76",
            "revenue": 1535
        },
        "2012-04": {
            "month": "2012-04",
            "price": "9.06",
            "revenue": 454
        },
        "2012-05": {
            "month": "2012-05",
            "price": "10.71",
            "revenue": 802
        },
        "2012-06": {
            "month": "2012-06",
            "price": "11.93",
            "revenue": 694
        },
        "2012-07": {
            "month": "2012-07",
            "price": "11.60",
            "revenue": 2399
        },
        "2012-08": {
            "month": "2012-08",
            "price": "11.66",
            "revenue": 455
        },
        "2012-09": {
            "month": "2012-09",
            "price": "12.52",
            "revenue": 454
        },
        "2012-10": {
            "month": "2012-10",
            "price": "11.99",
            "revenue": 454
        },
        "2012-11": {
            "month": "2012-11",
            "price": "10.62",
            "revenue": 455
        },
        "2012-12": {
            "month": "2012-12",
            "price": "11.77",
            "revenue": 456
        },
        "2013-01": {
            "month": "2013-01",
            "price": "12.90",
            "revenue": 21061
        },
        "2013-02": {
            "month": "2013-02",
            "price": "15.04",
            "revenue": 30532
        },
        "2013-03": {
            "month": "2013-03",
            "price": "19.42",
            "revenue": 67057
        },
        "2013-04": {
            "month": "2013-04",
            "price": "23.92",
            "revenue": 134059
        },
        "2013-05": {
            "month": "2013-05",
            "price": "27.75",
            "revenue": 129302
        },
        "2013-06": {
            "month": "2013-06",
            "price": "35.36",
            "revenue": 106576
        },
        "2013-07": {
            "month": "2013-07",
            "price": "34.28",
            "revenue": 127207
        },
        "2013-08": {
            "month": "2013-08",
            "price": "34.51",
            "revenue": 110471
        },
        "2013-09": {
            "month": "2013-09",
            "price": "26.74",
            "revenue": 60481
        },
        "2013-10": {
            "month": "2013-10",
            "price": "23.69",
            "revenue": 38245
        },
        "2013-11": {
            "month": "2013-11",
            "price": "20.63",
            "revenue": 51410
        },
        "2013-12": {
            "month": "2013-12",
            "price": "21.77",
            "revenue": 37057
        },
        "2014-01": {
            "month": "2014-01",
            "price": "22.97",
            "revenue": 36784
        },
        "2014-02": {
            "month": "2014-02",
            "price": "25.65",
            "revenue": 43219
        },
        "2014-03": {
            "month": "2014-03",
            "price": "25.55",
            "revenue": 66471
        },
        "2014-04": {
            "month": "2014-04",
            "price": "24.60",
            "revenue": 94642
        },
        "2014-05": {
            "month": "2014-05",
            "price": "24.44",
            "revenue": 94560
        },
        "2014-06": {
            "month": "2014-06",
            "price": "24.62",
            "revenue": 93641
        },
        "2014-07": {
            "month": "2014-07",
            "price": "23.65",
            "revenue": 103223
        },
        "2014-08": {
            "month": "2014-08",
            "price": "23.43",
            "revenue": 95608
        },
        "2014-09": {
            "month": "2014-09",
            "price": "23.60",
            "revenue": 51299
        },
        "2014-10": {
            "month": "2014-10",
            "price": "20.13",
            "revenue": 34845
        },
        "2014-11": {
            "month": "2014-11",
            "price": "20.45",
            "revenue": 35200
        },
        "2014-12": {
            "month": "2014-12",
            "price": "19.70",
            "revenue": 38633
        },
        "2015-01": {
            "month": "2015-01",
            "price": "19.88",
            "revenue": 13858
        },
        "2015-02": {
            "month": "2015-02",
            "price": "19.60",
            "revenue": 21409
        },
        "2015-03": {
            "month": "2015-03",
            "price": "19.39",
            "revenue": 25662
        },
        "2015-04": {
            "month": "2015-04",
            "price": "19.90",
            "revenue": 18956
        },
        "2015-05": {
            "month": "2015-05",
            "price": "18.45",
            "revenue": 18064
        },
        "2015-06": {
            "month": "2015-06",
            "price": "17.12",
            "revenue": 17099
        },
        "2015-07": {
            "month": "2015-07",
            "price": "17.04",
            "revenue": 44313
        },
        "2015-08": {
            "month": "2015-08",
            "price": "16.38",
            "revenue": 44626
        },
        "2015-09": {
            "month": "2015-09",
            "price": "17.58",
            "revenue": 46082
        },
        "2015-10": {
            "month": "2015-10",
            "price": "19.72",
            "revenue": 48140
        },
        "2015-11": {
            "month": "2015-11",
            "price": "20.02",
            "revenue": 33697
        },
        "2015-12": {
            "month": "2015-12",
            "price": "20.21",
            "revenue": 48736
        },
        "2016-01": {
            "month": "2016-01",
            "price": "20.17",
            "revenue": 45419
        },
        "2016-02": {
            "month": "2016-02",
            "price": "20.68",
            "revenue": 48283
        },
        "2016-03": {
            "month": "2016-03",
            "price": "22.08",
            "revenue": 40205
        },
        "2016-04": {
            "month": "2016-04",
            "price": "22.93",
            "revenue": 40017
        },
        "2016-05": {
            "month": "2016-05",
            "price": "20.16",
            "revenue": 90304
        },
        "2016-06": {
            "month": "2016-06",
            "price": "21.04",
            "revenue": 121678
        },
        "2016-07": {
            "month": "2016-07",
            "price": "21.63",
            "revenue": 113134
        },
        "2016-08": {
            "month": "2016-08",
            "price": "20.17",
            "revenue": 107363
        },
        "2016-09": {
            "month": "2016-09",
            "price": "18.78",
            "revenue": 72980
        },
        "2016-10": {
            "month": "2016-10",
            "price": "17.16",
            "revenue": 101775
        },
        "2016-11": {
            "month": "2016-11",
            "price": "16.28",
            "revenue": 77997
        },
        "2016-12": {
            "month": "2016-12",
            "price": "16.60",
            "revenue": 110497
        },
        "2017-01": {
            "month": "2017-01",
            "price": "16.10",
            "revenue": 108301
        },
        "2017-02": {
            "month": "2017-02",
            "price": "16.10",
            "revenue": 108129
        },
        "2017-03": {
            "month": "2017-03",
            "price": "15.69",
            "revenue": 89523
        },
        "2017-04": {
            "month": "2017-04",
            "price": "14.94",
            "revenue": 84936
        },
        "2017-05": {
            "month": "2017-05",
            "price": "13.92",
            "revenue": 110504
        },
        "2017-06": {
            "month": "2017-06",
            "price": "14.18",
            "revenue": 91665
        },
        "2017-07": {
            "month": "2017-07",
            "price": "15.80",
            "revenue": 117829
        },
        "2017-08": {
            "month": "2017-08",
            "price": "14.68",
            "revenue": 111113
        },
        "2017-09": {
            "month": "2017-09",
            "price": "14.35",
            "revenue": 96230
        },
        "2017-10": {
            "month": "2017-10",
            "price": "14.12",
            "revenue": 112234
        },
        "2017-11": {
            "month": "2017-11",
            "price": "14.10",
            "revenue": 78278
        },
        "2017-12": {
            "month": "2017-12",
            "price": "13.10",
            "revenue": 62831
        },
        "2018-01": {
            "month": "2018-01",
            "price": "13.72",
            "revenue": 64755
        },
        "2018-02": {
            "month": "2018-02",
            "price": "12.08",
            "revenue": 79779
        },
        "2018-03": {
            "month": "2018-03",
            "price": "11.65",
            "revenue": 62480
        },
        "2018-04": {
            "month": "2018-04",
            "price": "11.11",
            "revenue": 62972
        },
        "2018-05": {
            "month": "2018-05",
            "price": "10.14",
            "revenue": 69776
        },
        "2018-06": {
            "month": "2018-06",
            "price": "10.23",
            "revenue": 70242
        },
        "2018-07": {
            "month": "2018-07",
            "price": "9.59",
            "revenue": 83517
        },
        "2018-08": {
            "month": "2018-08",
            "price": "9.24",
            "revenue": 82414
        },
        "2018-09": {
            "month": "2018-09",
            "price": "8.89",
            "revenue": 82330
        },
        "2018-10": {
            "month": "2018-10",
            "price": "7.81",
            "revenue": 65272
        },
        "2018-11": {
            "month": "2018-11",
            "price": "8.46",
            "revenue": 58929
        },
        "2018-12": {
            "month": "2018-12",
            "price": "9.74",
            "revenue": 85905
        },
        "2019-01": {
            "month": "2019-01",
            "price": "8.02",
            "revenue": 91221
        },
        "2019-02": {
            "month": "2019-02",
            "price": "7.98",
            "revenue": 109804
        },
        "2019-03": {
            "month": "2019-03",
            "price": "9.13",
            "revenue": 115421
        },
        "2019-04": {
            "month": "2019-04",
            "price": "8.88",
            "revenue": 98458
        },
        "2019-05": {
            "month": "2019-05",
            "price": "8.06",
            "revenue": 91769
        },
        "2019-06": {
            "month": "2019-06",
            "price": "7.25",
            "revenue": 95087
        },
        "2019-07": {
            "month": "2019-07",
            "price": "7.47",
            "revenue": 103199
        },
        "2019-08": {
            "month": "2019-08",
            "price": "7.20",
            "revenue": 113142
        },
        "2019-09": {
            "month": "2019-09",
            "price": "7.13",
            "revenue": 92065
        },
        "2019-10": {
            "month": "2019-10",
            "price": "7.04",
            "revenue": 86014
        },
        "2019-11": {
            "month": "2019-11",
            "price": "6.92",
            "revenue": 79771
        },
        "2019-12": {
            "month": "2019-12",
            "price": "6.78",
            "revenue": 96781
        },
        "2020-01": {
            "month": "2020-01",
            "price": "6.78",
            "revenue": 103967
        },
        "2020-02": {
            "month": "2020-02",
            "price": "5.80",
            "revenue": 71789
        },
        "2020-03": {
            "month": "2020-03",
            "price": "4.85",
            "revenue": 148984
        },
        "2020-04": {
            "month": "2020-04",
            "price": "4.85",
            "revenue": 71337
        },
        "2020-05": {
            "month": "2020-05",
            "price": "5.74",
            "revenue": 88560
        },
        "2020-06": {
            "month": "2020-06",
            "price": "6.20",
            "revenue": 101031
        },
        "2020-07": {
            "month": "2020-07",
            "price": "5.79",
            "revenue": 107979
        },
        "2020-08": {
            "month": "2020-08",
            "price": "7.46",
            "revenue": 110241
        },
        "2020-09": {
            "month": "2020-09",
            "price": "13.97",
            "revenue": 84413
        },
        "2020-10": {
            "month": "2020-10",
            "price": "19.10",
            "revenue": 105628
        },
        "2020-11": {
            "month": "2020-11",
            "price": "19.44",
            "revenue": 67819
        },
        "2020-12": {
            "month": "2020-12",
            "price": "15.16",
            "revenue": 87314
        },
        "2021-01": {
            "month": "2021-01",
            "price": "13.42",
            "revenue": 75403
        },
        "2021-02": {
            "month": "2021-02",
            "price": "13.89",
            "revenue": 84692
        },
        "2021-03": {
            "month": "2021-03",
            "price": "15.18",
            "revenue": 73031
        },
        "2021-04": {
            "month": "2021-04",
            "price": "16.26",
            "revenue": 76668
        },
        "2021-05": {
            "month": "2021-05",
            "price": "14.06",
            "revenue": 43410
        },
        "2021-06": {
            "month": "2021-06",
            "price": "13.76",
            "revenue": 15449
        },
        "2021-07": {
            "month": "2021-07",
            "price": "14.13",
            "revenue": 27002
        },
        "2021-08": {
            "month": "2021-08",
            "price": "12.92",
            "revenue": 59027
        },
        "2021-09": {
            "month": "2021-09",
            "price": "12.79",
            "revenue": 64585
        },
        "2021-10": {
            "month": "2021-10",
            "price": "12.92",
            "revenue": 86560
        },
        "2021-11": {
            "month": "2021-11",
            "price": "12.98",
            "revenue": 80776
        },
        "2021-12": {
            "month": "2021-12",
            "price": "12.54",
            "revenue": 90758
        },
        "2022-01": {
            "month": "2022-01",
            "price": "11.45",
            "revenue": 79350
        },
        "2022-02": {
            "month": "2022-02",
            "price": "11.34",
            "revenue": 95040
        },
        "2022-03": {
            "month": "2022-03",
            "price": "13.55",
            "revenue": 87280
        },
        "2022-04": {
            "month": "2022-04",
            "price": "12.43",
            "revenue": 77220
        },
        "2022-05": {
            "month": "2022-05",
            "price": "11.58",
            "revenue": 67578
        },
        "2022-06": {
            "month": "2022-06",
            "price": "12.48",
            "revenue": 79090
        },
        "2022-07": {
            "month": "2022-07",
            "price": "12.18",
            "revenue": 111611
        },
        "2022-08": {
            "month": "2022-08",
            "price": "12.70",
            "revenue": 118928
        },
        "2022-09": {
            "month": "2022-09",
            "price": "12.46",
            "revenue": 94922
        },
        "2022-10": {
            "month": "2022-10",
            "price": "11.76",
            "revenue": 100705
        },
        "2022-11": {
            "month": "2022-11",
            "price": "11.99",
            "revenue": 88036
        },
        "2022-12": {
            "month": "2022-12",
            "price": "12.00",
            "revenue": 104185
        },
        "2023-01": {
            "month": "2023-01",
            "price": "12.51",
            "revenue": 124297
        },
        "2023-02": {
            "month": "2023-02",
            "price": "16.71",
            "revenue": 94608
        },
        "2023-03": {
            "month": "2023-03",
            "price": "17.75",
            "revenue": 89248
        },
        "2023-04": {
            "month": "2023-04",
            "price": "15.91",
            "revenue": 110818
        },
        "2023-05": {
            "month": "2023-05",
            "price": "15.88",
            "revenue": 97945
        },
        "2023-06": {
            "month": "2023-06",
            "price": "18.38",
            "revenue": 112502
        },
        "2023-07": {
            "month": "2023-07",
            "price": "17.50",
            "revenue": 135685
        },
        "2023-08": {
            "month": "2023-08",
            "price": "17.07",
            "revenue": 134101
        },
        "2023-09": {
            "month": "2023-09",
            "price": "16.72",
            "revenue": 107050
        },
        "2023-10": {
            "month": "2023-10",
            "price": "16.00",
            "revenue": 111903
        },
        "2023-11": {
            "month": "2023-11",
            "price": "17.47",
            "revenue": 90046
        },
        "2023-12": {
            "month": "2023-12",
            "price": "18.17",
            "revenue": 109529
        },
        "2024-01": {
            "month": "2024-01",
            "price": "19.71",
            "revenue": 102758
        },
        "2024-02": {
            "month": "2024-02",
            "price": "21.98",
            "revenue": 120655
        }
    }
}
