{
    "summary": {
        "stock_name": "福懋",
        "stock_id": "1434",
        "category": "紡織纖維",
        "main_business": "尼龍多富達布、聚酯布、傘骨槽骨、輪胎簾布、棉紗、人造棉紗<br>合成纖維紗、混紡紗、織布染整、成衣、被單、床單等及其相關製品<br>製造高分子聚合物製品、防彈衣背心、夾克、工業用工作服",
        "website_url": "http://www.ftc.com.tw",
        "ceo": "李敏章",
        "pe_ratio": 85,
        "report_year_from": 2001,
        "report_year_to": 2023,
        "age": 23,
        "eps_negative_percentage": 0,
        "eps_growth_avg": {
            "last_all": 7.07,
            "last_2y": -8.29,
            "last_4y": -15.11,
            "last_8y": -4.23,
            "last_12y": -1.41,
            "last_16y": 1.49,
            "last_20y": 4.25,
            "at_2006_last_3y": 15.98,
            "at_2007_last_3y": 44.59,
            "at_2008_last_3y": 22.4,
            "at_2009_last_3y": -6.48,
            "at_2010_last_3y": 10.94,
            "at_2011_last_3y": -26.36,
            "at_2012_last_3y": -7.56,
            "at_2013_last_3y": 13.79,
            "at_2014_last_3y": 4.93,
            "at_2015_last_3y": 12.44,
            "at_2016_last_3y": 14.03,
            "at_2017_last_3y": 22.65,
            "at_2018_last_3y": 9.37,
            "at_2019_last_3y": 16.45,
            "at_2020_last_3y": -4.14,
            "at_2021_last_3y": -9.01,
            "at_2022_last_3y": 2.78,
            "at_2023_last_3y": -21.19,
            "at_2024_last_3y": -21.19,
            "at_2006_last_all": 26.03,
            "at_2007_last_all": 38.36,
            "at_2008_last_all": 24.44,
            "at_2009_last_all": 9.24,
            "at_2010_last_all": 19.32,
            "at_2011_last_all": 12.47,
            "at_2012_last_all": 12.8,
            "at_2013_last_all": 10.75,
            "at_2014_last_all": 14.89,
            "at_2015_last_all": 12.46,
            "at_2016_last_all": 13.13,
            "at_2017_last_all": 13.73,
            "at_2018_last_all": 13.59,
            "at_2019_last_all": 13.35,
            "at_2020_last_all": 9.49,
            "at_2021_last_all": 9.18,
            "at_2022_last_all": 11.53,
            "at_2023_last_all": 7.07,
            "at_2024_last_all": 7.07
        },
        "latest_eps": 0.26,
        "latest_price": 22.2,
        "latest_roe": 0.81,
        "latest_gross_margin": 8.63,
        "latest_equity": 54351972,
        "latest_revenue": 6476372,
        "latest_gross_profit": 558905,
        "latest_net_income": -153302,
        "latest_debt_ratio": 24.16,
        "latest_current_ratio": 290.34,
        "latest_account_receivable_turnover_ratio": 2.59,
        "latest_inventory_turnover_ratio": 0.76,
        "latest_reinvestment_rate": -12.41,
        "latest_research_to_sale_ratio": null
    },
    "eps_dividends": {
        "1990": {
            "cash": 1,
            "stock": 1.6,
            "eps": 0
        },
        "1991": {
            "cash": 1,
            "stock": 1.1,
            "eps": 0
        },
        "1992": {
            "cash": 1.2,
            "stock": 1.1,
            "eps": 0
        },
        "1993": {
            "cash": 1,
            "stock": 0.5,
            "eps": 0
        },
        "1994": {
            "cash": 0.7,
            "stock": 0.9,
            "eps": 0
        },
        "1995": {
            "cash": 0.4,
            "stock": 1,
            "eps": 0
        },
        "1996": {
            "cash": 0.5,
            "stock": 0.6,
            "eps": 0
        },
        "1997": {
            "cash": 0.4,
            "stock": 0.7,
            "eps": 0
        },
        "1998": {
            "cash": 0.4,
            "stock": 0.7,
            "eps": 0
        },
        "1999": {
            "cash": 0.4,
            "stock": 0.4,
            "eps": 0
        },
        "2000": {
            "cash": 0.6,
            "stock": 0.5,
            "eps": 0
        },
        "2001": {
            "cash": 0.6,
            "stock": 0.6,
            "eps": 0.71
        },
        "2002": {
            "cash": 0.4,
            "stock": 0.4,
            "eps": 1.18
        },
        "2003": {
            "cash": 0.7,
            "stock": 0.3,
            "eps": 1.01
        },
        "2004": {
            "cash": 0.6,
            "stock": 0.2,
            "eps": 1.31
        },
        "2005": {
            "cash": 0.8,
            "stock": 0.2,
            "eps": 1.55
        },
        "2006": {
            "cash": 1,
            "stock": 0.2,
            "eps": 2.02
        },
        "2007": {
            "cash": 1.4,
            "stock": 0,
            "eps": 4.37
        },
        "2008": {
            "cash": 3.2,
            "stock": 0,
            "eps": 1.79
        },
        "2009": {
            "cash": 1.5,
            "stock": 0,
            "eps": 0.05
        },
        "2010": {
            "cash": 0.8,
            "stock": 0,
            "eps": 2.44
        },
        "2011": {
            "cash": 3.2,
            "stock": 0,
            "eps": 1.24
        },
        "2012": {
            "cash": 0,
            "stock": 0,
            "eps": 1.44
        },
        "2013": {
            "cash": 1,
            "stock": 0,
            "eps": 1.27
        },
        "2014": {
            "cash": 1,
            "stock": 0,
            "eps": 2.09
        },
        "2015": {
            "cash": 1.4,
            "stock": 0,
            "eps": 1.69
        },
        "2016": {
            "cash": 1.2,
            "stock": 0,
            "eps": 2.07
        },
        "2017": {
            "cash": 1.5,
            "stock": 0,
            "eps": 2.54
        },
        "2018": {
            "cash": 1.9,
            "stock": 0,
            "eps": 2.83
        },
        "2019": {
            "cash": 2.1,
            "stock": 0,
            "eps": 3.09
        },
        "2020": {
            "cash": 2.5,
            "stock": 0,
            "eps": 1.24
        },
        "2021": {
            "cash": 1,
            "stock": 0,
            "eps": 1.28
        },
        "2022": {
            "cash": 1,
            "stock": 0,
            "eps": 2.03
        },
        "2023": {
            "cash": 1.5,
            "stock": 0,
            "eps": 0.27
        },
        "2024": {
            "cash": 0.5,
            "stock": 0,
            "eps": 0
        }
    },
    "dividends": {
        "1990-05-04": {
            "cash": 1,
            "stock": 1.6
        },
        "1991-05-02": {
            "cash": 1,
            "stock": 1.1
        },
        "1992-05-04": {
            "cash": 1.2,
            "stock": 1.1
        },
        "1993-05-07": {
            "cash": 1,
            "stock": 0.5
        },
        "1994-04-28": {
            "cash": 0.7,
            "stock": 0.9
        },
        "1995-05-10": {
            "cash": 0.4,
            "stock": 1
        },
        "1996-05-13": {
            "cash": 0.5,
            "stock": 0.6
        },
        "1997-05-13": {
            "cash": 0.4,
            "stock": 0.7
        },
        "1998-05-15": {
            "cash": 0.4,
            "stock": 0.7
        },
        "1999-06-03": {
            "cash": 0.4,
            "stock": 0.4
        },
        "2000-06-02": {
            "cash": 0.6,
            "stock": 0.5
        },
        "2001-05-24": {
            "cash": 0.6,
            "stock": 0.6
        },
        "2002-06-14": {
            "cash": 0.4,
            "stock": 0.4
        },
        "2003-03-20": {
            "cash": 0.7,
            "stock": 0.3
        },
        "2004-03-18": {
            "cash": 0.6,
            "stock": 0.2
        },
        "2005-03-24": {
            "cash": 0.8,
            "stock": 0.2
        },
        "2006-04-06": {
            "cash": 1,
            "stock": 0.2
        },
        "2007-03-29": {
            "cash": 1.4,
            "stock": 0
        },
        "2008-03-27": {
            "cash": 3.2,
            "stock": 0
        },
        "2009-03-27": {
            "cash": 1.5,
            "stock": 0
        },
        "2010-03-30": {
            "cash": 0.8,
            "stock": 0
        },
        "2011-01-01": {
            "cash": 1.2,
            "stock": 0
        },
        "2011-03-29": {
            "cash": 2,
            "stock": 0
        },
        "2013-03-25": {
            "cash": 1,
            "stock": 0
        },
        "2014-08-20": {
            "cash": 1,
            "stock": 0
        },
        "2015-08-21": {
            "cash": 1.4,
            "stock": 0
        },
        "2016-08-19": {
            "cash": 1.2,
            "stock": 0
        },
        "2017-08-23": {
            "cash": 1.5,
            "stock": 0
        },
        "2018-08-22": {
            "cash": 1.9,
            "stock": 0
        },
        "2019-08-20": {
            "cash": 2.1,
            "stock": 0
        },
        "2020-08-14": {
            "cash": 2.5,
            "stock": 0
        },
        "2021-09-07": {
            "cash": 1,
            "stock": 0
        },
        "2022-08-25": {
            "cash": 1,
            "stock": 0
        },
        "2023-07-18": {
            "cash": 1.5,
            "stock": 0
        },
        "2024-03-08": {
            "cash": 0.5,
            "stock": 0
        }
    },
    "prices": {
        "200101": "16.39",
        "200102": "15.97",
        "200103": "15.14",
        "200104": "13.83",
        "200105": "13.00",
        "200106": "12.52",
        "200107": "10.00",
        "200108": "9.61",
        "200109": "8.87",
        "200110": "8.70",
        "200111": "8.84",
        "200112": "9.95",
        "200201": "12.26",
        "200202": "13.53",
        "200203": "14.23",
        "200204": "14.40",
        "200205": "13.91",
        "200206": "14.36",
        "200207": "14.76",
        "200208": "14.12",
        "200209": "12.90",
        "200210": "12.65",
        "200211": "14.12",
        "200212": "14.37",
        "200301": "16.06",
        "200302": "14.73",
        "200303": "14.31",
        "200304": "13.98",
        "200305": "13.33",
        "200306": "14.27",
        "200307": "13.70",
        "200308": "13.59",
        "200309": "13.35",
        "200310": "13.73",
        "200311": "14.58",
        "200312": "14.55",
        "200401": "14.90",
        "200402": "15.54",
        "200403": "15.69",
        "200404": "15.74",
        "200405": "13.86",
        "200406": "13.82",
        "200407": "13.78",
        "200408": "13.38",
        "200409": "15.11",
        "200410": "15.74",
        "200411": "15.02",
        "200412": "16.06",
        "200501": "16.25",
        "200502": "16.23",
        "200503": "16.64",
        "200504": "16.02",
        "200505": "15.62",
        "200506": "15.88",
        "200507": "15.90",
        "200508": "14.85",
        "200509": "14.68",
        "200510": "14.32",
        "200511": "14.98",
        "200512": "16.04",
        "200601": "17.04",
        "200602": "17.42",
        "200603": "16.72",
        "200604": "17.27",
        "200605": "17.66",
        "200606": "16.16",
        "200607": "16.81",
        "200608": "16.29",
        "200609": "16.72",
        "200610": "17.66",
        "200611": "20.61",
        "200612": "23.70",
        "200701": "24.27",
        "200702": "25.70",
        "200703": "26.50",
        "200704": "30.66",
        "200705": "30.94",
        "200706": "32.59",
        "200707": "37.58",
        "200708": "36.01",
        "200709": "37.26",
        "200710": "37.05",
        "200711": "34.40",
        "200712": "32.15",
        "200801": "31.07",
        "200802": "29.90",
        "200803": "32.35",
        "200804": "35.03",
        "200805": "33.91",
        "200806": "31.43",
        "200807": "26.55",
        "200808": "23.50",
        "200809": "21.44",
        "200810": "18.78",
        "200811": "18.48",
        "200812": "17.77",
        "200901": "16.93",
        "200902": "15.98",
        "200903": "17.11",
        "200904": "19.98",
        "200905": "23.11",
        "200906": "23.14",
        "200907": "22.38",
        "200908": "21.06",
        "200909": "21.09",
        "200910": "22.55",
        "200911": "23.29",
        "200912": "24.31",
        "201001": "25.03",
        "201002": "23.06",
        "201003": "24.70",
        "201004": "25.48",
        "201005": "23.00",
        "201006": "22.81",
        "201007": "24.01",
        "201008": "24.65",
        "201009": "25.21",
        "201010": "27.16",
        "201011": "27.90",
        "201012": "28.11",
        "201101": "28.95",
        "201102": "28.63",
        "201103": "27.79",
        "201104": "30.19",
        "201105": "30.61",
        "201106": "30.75",
        "201107": "33.12",
        "201108": "29.20",
        "201109": "28.49",
        "201110": "27.68",
        "201111": "27.70",
        "201112": "27.93",
        "201201": "28.02",
        "201202": "28.78",
        "201203": "29.18",
        "201204": "27.38",
        "201205": "27.24",
        "201206": "26.19",
        "201207": "26.69",
        "201208": "27.46",
        "201209": "27.70",
        "201210": "27.30",
        "201211": "26.85",
        "201212": "27.56",
        "201301": "28.00",
        "201302": "28.88",
        "201303": "28.02",
        "201304": "27.40",
        "201305": "27.82",
        "201306": "27.95",
        "201307": "28.39",
        "201308": "27.20",
        "201309": "28.32",
        "201310": "34.40",
        "201311": "36.73",
        "201312": "35.77",
        "201401": "33.38",
        "201402": "32.16",
        "201403": "32.12",
        "201404": "32.80",
        "201405": "31.60",
        "201406": "32.94",
        "201407": "33.69",
        "201408": "31.19",
        "201409": "30.71",
        "201410": "29.20",
        "201411": "30.12",
        "201412": "30.02",
        "201501": "31.57",
        "201502": "32.91",
        "201503": "32.47",
        "201504": "34.06",
        "201505": "35.37",
        "201506": "32.88",
        "201507": "31.55",
        "201508": "28.60",
        "201509": "29.86",
        "201510": "32.64",
        "201511": "31.83",
        "201512": "29.86",
        "201601": "28.57",
        "201602": "29.97",
        "201603": "31.51",
        "201604": "30.07",
        "201605": "29.35",
        "201606": "31.07",
        "201607": "31.36",
        "201608": "29.97",
        "201609": "29.96",
        "201610": "29.49",
        "201611": "28.51",
        "201612": "29.47",
        "201701": "30.19",
        "201702": "30.64",
        "201703": "31.58",
        "201704": "31.88",
        "201705": "31.10",
        "201706": "30.64",
        "201707": "31.00",
        "201708": "30.28",
        "201709": "30.68",
        "201710": "31.14",
        "201711": "30.51",
        "201712": "30.63",
        "201801": "32.31",
        "201802": "31.17",
        "201803": "31.54",
        "201804": "32.70",
        "201805": "33.55",
        "201806": "34.36",
        "201807": "32.71",
        "201808": "33.23",
        "201809": "35.72",
        "201810": "34.19",
        "201811": "33.94",
        "201812": "34.38",
        "201901": "34.89",
        "201902": "34.92",
        "201903": "36.22",
        "201904": "36.26",
        "201905": "37.61",
        "201906": "38.96",
        "201907": "37.51",
        "201908": "34.23",
        "201909": "34.44",
        "201910": "34.69",
        "201911": "34.33",
        "201912": "34.08",
        "202001": "34.15",
        "202002": "33.89",
        "202003": "30.96",
        "202004": "32.06",
        "202005": "33.81",
        "202006": "37.82",
        "202007": "33.57",
        "202008": "30.63",
        "202009": "31.60",
        "202010": "31.38",
        "202011": "31.65",
        "202012": "30.58",
        "202101": "29.99",
        "202102": "29.89",
        "202103": "30.63",
        "202104": "31.99",
        "202105": "31.46",
        "202106": "31.78",
        "202107": "32.41",
        "202108": "30.86",
        "202109": "30.18",
        "202110": "30.07",
        "202111": "29.53",
        "202112": "28.85",
        "202201": "28.91",
        "202202": "28.81",
        "202203": "28.29",
        "202204": "27.70",
        "202205": "26.50",
        "202206": "26.63",
        "202207": "26.17",
        "202208": "26.89",
        "202209": "27.15",
        "202210": "26.16",
        "202211": "26.21",
        "202212": "26.44",
        "202301": "26.85",
        "202302": "27.41",
        "202303": "27.82",
        "202304": "28.20",
        "202305": "27.94",
        "202306": "28.04",
        "202307": "26.86",
        "202308": "25.78",
        "202309": "25.65",
        "202310": "25.41",
        "202311": "25.41",
        "202312": "25.37",
        "202401": "24.50",
        "202402": "23.87",
        "202403": "22.58",
        "202404": "無"
    },
    "quarters": {
        "20011": {
            "year_quarter": 20011,
            "year": 2001,
            "quarter": 1,
            "eps": 0.21,
            "eps_growth_year": -19.23,
            "eps_4q": 1.63,
            "eps_4q_growth_year": 19.6,
            "roe": 1.48,
            "roe_4q": 1.48,
            "gross_profit": 706671,
            "gross_margin": 19,
            "gross_margin_4q_avg": 19,
            "net_income": 287194,
            "net_income_4q": null,
            "revenue": 3718523,
            "revenue_4q": null,
            "common_shares": 13980944,
            "book_valuer_per_share": 13.85,
            "book_valuer_per_share_4q_avg": 13.85,
            "equity": 19364401,
            "current_ratio": 191.84,
            "debt_ratio": 39.37,
            "inventory_turnover_ratio": 0.7,
            "account_receivable_turnover_ratio": null,
            "reinvestment_rate": null,
            "research_to_sale_ratio": null,
            "price_fair": 0,
            "eps_avg_yearly": 0,
            "eps_latest_yearly": 0,
            "eps_growth_yearly": 0
        },
        "20012": {
            "year_quarter": 20012,
            "year": 2001,
            "quarter": 2,
            "eps": 0.23,
            "eps_growth_year": -42.5,
            "eps_4q": 1.45,
            "eps_4q_growth_year": 6.01,
            "roe": 1.68,
            "roe_4q": 3.16,
            "gross_profit": 921580,
            "gross_margin": 21.01,
            "gross_margin_4q_avg": 20.01,
            "net_income": 321094,
            "net_income_4q": null,
            "revenue": 4387131,
            "revenue_4q": null,
            "common_shares": 13980944,
            "book_valuer_per_share": 13.51,
            "book_valuer_per_share_4q_avg": 13.68,
            "equity": 18886202,
            "current_ratio": 167.54,
            "debt_ratio": 42.67,
            "inventory_turnover_ratio": 0.86,
            "account_receivable_turnover_ratio": null,
            "reinvestment_rate": null,
            "research_to_sale_ratio": null,
            "price_fair": 0,
            "eps_avg_yearly": 0,
            "eps_latest_yearly": 0,
            "eps_growth_yearly": 0
        },
        "20013": {
            "year_quarter": 20013,
            "year": 2001,
            "quarter": 3,
            "eps": 0.03,
            "eps_growth_year": -95.95,
            "eps_4q": 0.64,
            "eps_4q_growth_year": -67.7,
            "roe": 0.26,
            "roe_4q": 3.42,
            "gross_profit": 664464,
            "gross_margin": 16.13,
            "gross_margin_4q_avg": 18.71,
            "net_income": 48279,
            "net_income_4q": null,
            "revenue": 4119333,
            "revenue_4q": null,
            "common_shares": 14819801,
            "book_valuer_per_share": 11.91,
            "book_valuer_per_share_4q_avg": 13.09,
            "equity": 17644105,
            "current_ratio": 203.12,
            "debt_ratio": 42.97,
            "inventory_turnover_ratio": 0.89,
            "account_receivable_turnover_ratio": null,
            "reinvestment_rate": null,
            "research_to_sale_ratio": null,
            "price_fair": 0,
            "eps_avg_yearly": 0,
            "eps_latest_yearly": 0,
            "eps_growth_yearly": 0
        },
        "20014": {
            "year_quarter": 20014,
            "year": 2001,
            "quarter": 4,
            "eps": 0.24,
            "eps_growth_year": -11.11,
            "eps_4q": 0.68,
            "eps_4q_growth_year": -58.44,
            "roe": 1.94,
            "roe_4q": 5.359999999999999,
            "gross_profit": 707960,
            "gross_margin": 17.24,
            "gross_margin_4q_avg": 18.35,
            "net_income": 360468,
            "net_income_4q": null,
            "revenue": 4105984,
            "revenue_4q": null,
            "common_shares": 14819801,
            "book_valuer_per_share": 13.11,
            "book_valuer_per_share_4q_avg": 13.1,
            "equity": 19612128,
            "current_ratio": 157.54,
            "debt_ratio": 47.04,
            "inventory_turnover_ratio": 0.81,
            "account_receivable_turnover_ratio": null,
            "reinvestment_rate": null,
            "research_to_sale_ratio": null,
            "price_fair": 0,
            "eps_avg_yearly": 0,
            "eps_latest_yearly": 0,
            "eps_growth_yearly": 0
        },
        "20021": {
            "year_quarter": 20021,
            "year": 2002,
            "quarter": 1,
            "eps": 0.53,
            "eps_growth_year": 152.38,
            "eps_4q": 1.03,
            "eps_4q_growth_year": -37.01,
            "roe": 3.93,
            "roe_4q": 7.81,
            "gross_profit": 655898,
            "gross_margin": 15.99,
            "gross_margin_4q_avg": 17.59,
            "net_income": 780767,
            "net_income_4q": null,
            "revenue": 4101968,
            "revenue_4q": null,
            "common_shares": 14819801,
            "book_valuer_per_share": 13.59,
            "book_valuer_per_share_4q_avg": 13.03,
            "equity": 20141380,
            "current_ratio": 166.01,
            "debt_ratio": 38.01,
            "inventory_turnover_ratio": 0.81,
            "account_receivable_turnover_ratio": null,
            "reinvestment_rate": null,
            "research_to_sale_ratio": null,
            "price_fair": 74.2,
            "eps_avg_yearly": 2.12,
            "eps_latest_yearly": 2.12,
            "eps_growth_yearly": 483.33
        },
        "20022": {
            "year_quarter": 20022,
            "year": 2002,
            "quarter": 2,
            "eps": 0.55,
            "eps_growth_year": 139.13,
            "eps_4q": 1.35,
            "eps_4q_growth_year": -6.53,
            "roe": 4.03,
            "roe_4q": 10.16,
            "gross_profit": 871841,
            "gross_margin": 17.92,
            "gross_margin_4q_avg": 16.82,
            "net_income": 816567,
            "net_income_4q": null,
            "revenue": 4864260,
            "revenue_4q": null,
            "common_shares": 14819801,
            "book_valuer_per_share": 13.75,
            "book_valuer_per_share_4q_avg": 13.09,
            "equity": 20380947,
            "current_ratio": 140.91,
            "debt_ratio": 39.31,
            "inventory_turnover_ratio": 1.03,
            "account_receivable_turnover_ratio": null,
            "reinvestment_rate": null,
            "research_to_sale_ratio": null,
            "price_fair": 75.6,
            "eps_avg_yearly": 2.16,
            "eps_latest_yearly": 2.2,
            "eps_growth_yearly": 249.21
        },
        "20023": {
            "year_quarter": 20023,
            "year": 2002,
            "quarter": 3,
            "eps": 0.1,
            "eps_growth_year": 233.33,
            "eps_4q": 1.39,
            "eps_4q_growth_year": 115.24,
            "roe": 0.74,
            "roe_4q": 10.64,
            "gross_profit": 674101,
            "gross_margin": 14.56,
            "gross_margin_4q_avg": 16.43,
            "net_income": 152348,
            "net_income_4q": null,
            "revenue": 4628621,
            "revenue_4q": null,
            "common_shares": 15412593,
            "book_valuer_per_share": 13.35,
            "book_valuer_per_share_4q_avg": 13.45,
            "equity": 20577396,
            "current_ratio": 147.64,
            "debt_ratio": 37.47,
            "inventory_turnover_ratio": 0.99,
            "account_receivable_turnover_ratio": null,
            "reinvestment_rate": null,
            "research_to_sale_ratio": null,
            "price_fair": 55.07,
            "eps_avg_yearly": 1.57,
            "eps_latest_yearly": 0.4,
            "eps_growth_yearly": 57.05
        },
        "20024": {
            "year_quarter": 20024,
            "year": 2002,
            "quarter": 4,
            "eps": 0,
            "eps_growth_year": -100,
            "eps_4q": 1.13,
            "eps_4q_growth_year": 67.11,
            "roe": 0.02,
            "roe_4q": 8.72,
            "gross_profit": 695736,
            "gross_margin": 14.33,
            "gross_margin_4q_avg": 15.7,
            "net_income": 4457,
            "net_income_4q": null,
            "revenue": 4854904,
            "revenue_4q": null,
            "common_shares": 15412593,
            "book_valuer_per_share": 13.37,
            "book_valuer_per_share_4q_avg": 13.52,
            "equity": 20811610,
            "current_ratio": 118.26,
            "debt_ratio": 44.25,
            "inventory_turnover_ratio": 0.88,
            "account_receivable_turnover_ratio": null,
            "reinvestment_rate": 12.03,
            "research_to_sale_ratio": null,
            "price_fair": 55.07,
            "eps_avg_yearly": 1.57,
            "eps_latest_yearly": 0.4,
            "eps_growth_yearly": 57.05
        },
        "20031": {
            "year_quarter": 20031,
            "year": 2003,
            "quarter": 1,
            "eps": 0.13,
            "eps_growth_year": -75.47,
            "eps_4q": 0.74,
            "eps_4q_growth_year": -27.6,
            "roe": 0.99,
            "roe_4q": 5.78,
            "gross_profit": 707966,
            "gross_margin": 14.72,
            "gross_margin_4q_avg": 15.38,
            "net_income": 206630,
            "net_income_4q": null,
            "revenue": 4809315,
            "revenue_4q": null,
            "common_shares": 15412593,
            "book_valuer_per_share": 13.5,
            "book_valuer_per_share_4q_avg": 13.49,
            "equity": 20810271,
            "current_ratio": 152.02,
            "debt_ratio": 36.48,
            "inventory_turnover_ratio": 0.83,
            "account_receivable_turnover_ratio": null,
            "reinvestment_rate": -10.17,
            "research_to_sale_ratio": null,
            "price_fair": 55.07,
            "eps_avg_yearly": 1.57,
            "eps_latest_yearly": 0.4,
            "eps_growth_yearly": 57.05
        },
        "20032": {
            "year_quarter": 20032,
            "year": 2003,
            "quarter": 2,
            "eps": 0.1,
            "eps_growth_year": -81.82,
            "eps_4q": 0.35,
            "eps_4q_growth_year": -74.46,
            "roe": 0.73,
            "roe_4q": 2.48,
            "gross_profit": 721134,
            "gross_margin": 13.92,
            "gross_margin_4q_avg": 14.38,
            "net_income": 148285,
            "net_income_4q": null,
            "revenue": 5182000,
            "revenue_4q": null,
            "common_shares": 15874971,
            "book_valuer_per_share": 12.56,
            "book_valuer_per_share_4q_avg": 13.2,
            "equity": 19933656,
            "current_ratio": 138.55,
            "debt_ratio": 40.4,
            "inventory_turnover_ratio": 0.97,
            "account_receivable_turnover_ratio": null,
            "reinvestment_rate": -10.55,
            "research_to_sale_ratio": null,
            "price_fair": 38.03,
            "eps_avg_yearly": 1.28,
            "eps_latest_yearly": 0.4,
            "eps_growth_yearly": 19.71
        },
        "20033": {
            "year_quarter": 20033,
            "year": 2003,
            "quarter": 3,
            "eps": 0.32,
            "eps_growth_year": 220,
            "eps_4q": 0.55,
            "eps_4q_growth_year": -60.61,
            "roe": 2.55,
            "roe_4q": 4.289999999999999,
            "gross_profit": 575123,
            "gross_margin": 11.75,
            "gross_margin_4q_avg": 13.68,
            "net_income": 509858,
            "net_income_4q": null,
            "revenue": 4892919,
            "revenue_4q": null,
            "common_shares": 15874971,
            "book_valuer_per_share": 12.66,
            "book_valuer_per_share_4q_avg": 13.02,
            "equity": 20090255,
            "current_ratio": 212.09,
            "debt_ratio": 40.82,
            "inventory_turnover_ratio": 0.94,
            "account_receivable_turnover_ratio": null,
            "reinvestment_rate": -10.78,
            "research_to_sale_ratio": null,
            "price_fair": 44.8,
            "eps_avg_yearly": 1.28,
            "eps_latest_yearly": 1.28,
            "eps_growth_yearly": 191.77
        },
        "20034": {
            "year_quarter": 20034,
            "year": 2003,
            "quarter": 4,
            "eps": 0.46,
            "eps_growth_year": null,
            "eps_4q": 1.01,
            "eps_4q_growth_year": -10.78,
            "roe": 3.5,
            "roe_4q": 7.77,
            "gross_profit": 729274,
            "gross_margin": 14.36,
            "gross_margin_4q_avg": 13.69,
            "net_income": 723781,
            "net_income_4q": null,
            "revenue": 5077566,
            "revenue_4q": null,
            "common_shares": 15874971,
            "book_valuer_per_share": 13.22,
            "book_valuer_per_share_4q_avg": 12.99,
            "equity": 21214124,
            "current_ratio": 166.84,
            "debt_ratio": 47.22,
            "inventory_turnover_ratio": 0.84,
            "account_receivable_turnover_ratio": null,
            "reinvestment_rate": 23.68,
            "research_to_sale_ratio": null,
            "price_fair": 48.07,
            "eps_avg_yearly": 1.37,
            "eps_latest_yearly": 1.84,
            "eps_growth_yearly": 188.97
        },
        "20041": {
            "year_quarter": 20041,
            "year": 2004,
            "quarter": 1,
            "eps": 0.17,
            "eps_growth_year": 30.77,
            "eps_4q": 1.06,
            "eps_4q_growth_year": 42.72,
            "roe": 1.24,
            "roe_4q": 8.02,
            "gross_profit": 618721,
            "gross_margin": 11.73,
            "gross_margin_4q_avg": 12.94,
            "net_income": 264095,
            "net_income_4q": null,
            "revenue": 5273398,
            "revenue_4q": null,
            "common_shares": 15874971,
            "book_valuer_per_share": 13.47,
            "book_valuer_per_share_4q_avg": 12.98,
            "equity": 21385398,
            "current_ratio": 160.27,
            "debt_ratio": 38.44,
            "inventory_turnover_ratio": 0.87,
            "account_receivable_turnover_ratio": null,
            "reinvestment_rate": -13.22,
            "research_to_sale_ratio": null,
            "price_fair": 44.6,
            "eps_avg_yearly": 1.27,
            "eps_latest_yearly": 0.68,
            "eps_growth_yearly": 125.95
        },
        "20042": {
            "year_quarter": 20042,
            "year": 2004,
            "quarter": 2,
            "eps": 0.22,
            "eps_growth_year": 120,
            "eps_4q": 1.14,
            "eps_4q_growth_year": 231.23,
            "roe": 1.69,
            "roe_4q": 8.98,
            "gross_profit": 810804,
            "gross_margin": 13.13,
            "gross_margin_4q_avg": 12.74,
            "net_income": 356970,
            "net_income_4q": null,
            "revenue": 6175813,
            "revenue_4q": null,
            "common_shares": 16192470,
            "book_valuer_per_share": 12.85,
            "book_valuer_per_share_4q_avg": 13.05,
            "equity": 20806938,
            "current_ratio": 152.09,
            "debt_ratio": 42.33,
            "inventory_turnover_ratio": 1.11,
            "account_receivable_turnover_ratio": null,
            "reinvestment_rate": -13.94,
            "research_to_sale_ratio": null,
            "price_fair": 42.88,
            "eps_avg_yearly": 1.23,
            "eps_latest_yearly": 0.88,
            "eps_growth_yearly": 124.92
        },
        "20043": {
            "year_quarter": 20043,
            "year": 2004,
            "quarter": 3,
            "eps": 0.62,
            "eps_growth_year": 93.75,
            "eps_4q": 1.46,
            "eps_4q_growth_year": 166.75,
            "roe": 4.68,
            "roe_4q": 11.11,
            "gross_profit": 727987,
            "gross_margin": 11.86,
            "gross_margin_4q_avg": 12.77,
            "net_income": 998274,
            "net_income_4q": null,
            "revenue": 6135875,
            "revenue_4q": null,
            "common_shares": 16192470,
            "book_valuer_per_share": 13.47,
            "book_valuer_per_share_4q_avg": 13.25,
            "equity": 21808874,
            "current_ratio": 161.34,
            "debt_ratio": 41.17,
            "inventory_turnover_ratio": 1.12,
            "account_receivable_turnover_ratio": null,
            "reinvestment_rate": -19.46,
            "research_to_sale_ratio": null,
            "price_fair": 47.76,
            "eps_avg_yearly": 1.36,
            "eps_latest_yearly": 2.48,
            "eps_growth_yearly": 191.84
        },
        "20044": {
            "year_quarter": 20044,
            "year": 2004,
            "quarter": 4,
            "eps": 0.3,
            "eps_growth_year": -34.78,
            "eps_4q": 1.31,
            "eps_4q_growth_year": 30.17,
            "roe": 2.17,
            "roe_4q": 9.78,
            "gross_profit": 813658,
            "gross_margin": 12.56,
            "gross_margin_4q_avg": 12.32,
            "net_income": 479012,
            "net_income_4q": null,
            "revenue": 6480595,
            "revenue_4q": null,
            "common_shares": 16192470,
            "book_valuer_per_share": 13.67,
            "book_valuer_per_share_4q_avg": 13.37,
            "equity": 22387709,
            "current_ratio": 128.71,
            "debt_ratio": 48.06,
            "inventory_turnover_ratio": 1.02,
            "account_receivable_turnover_ratio": null,
            "reinvestment_rate": 3.73,
            "research_to_sale_ratio": null,
            "price_fair": 47.18,
            "eps_avg_yearly": 1.35,
            "eps_latest_yearly": 1.2,
            "eps_growth_yearly": 152.01
        },
        "20051": {
            "year_quarter": 20051,
            "year": 2005,
            "quarter": 1,
            "eps": 0.11,
            "eps_growth_year": -35.29,
            "eps_4q": 1.23,
            "eps_4q_growth_year": 15.7,
            "roe": 0.81,
            "roe_4q": 9.35,
            "gross_profit": 755788,
            "gross_margin": 12.17,
            "gross_margin_4q_avg": 12.43,
            "net_income": 180807,
            "net_income_4q": null,
            "revenue": 6208591,
            "revenue_4q": null,
            "common_shares": 16192470,
            "book_valuer_per_share": 13.78,
            "book_valuer_per_share_4q_avg": 13.44,
            "equity": 22305661,
            "current_ratio": 260.6,
            "debt_ratio": 38.82,
            "inventory_turnover_ratio": 0.95,
            "account_receivable_turnover_ratio": null,
            "reinvestment_rate": -19.62,
            "research_to_sale_ratio": null,
            "price_fair": 44.29,
            "eps_avg_yearly": 1.27,
            "eps_latest_yearly": 0.44,
            "eps_growth_yearly": 115.16
        },
        "20052": {
            "year_quarter": 20052,
            "year": 2005,
            "quarter": 2,
            "eps": 0.14,
            "eps_growth_year": -36.36,
            "eps_4q": 1.12,
            "eps_4q_growth_year": -1.98,
            "roe": 1.09,
            "roe_4q": 8.75,
            "gross_profit": 827484,
            "gross_margin": 11.84,
            "gross_margin_4q_avg": 12.11,
            "net_income": 236780,
            "net_income_4q": null,
            "revenue": 6989506,
            "revenue_4q": null,
            "common_shares": 16192471,
            "book_valuer_per_share": 13.13,
            "book_valuer_per_share_4q_avg": 13.51,
            "equity": 21253606,
            "current_ratio": 208.91,
            "debt_ratio": 42.14,
            "inventory_turnover_ratio": 1.2,
            "account_receivable_turnover_ratio": null,
            "reinvestment_rate": -19.13,
            "research_to_sale_ratio": null,
            "price_fair": 42.23,
            "eps_avg_yearly": 1.21,
            "eps_latest_yearly": 0.56,
            "eps_growth_yearly": 114.66
        },
        "20053": {
            "year_quarter": 20053,
            "year": 2005,
            "quarter": 3,
            "eps": 1.03,
            "eps_growth_year": 66.13,
            "eps_4q": 1.57,
            "eps_4q_growth_year": 8.21,
            "roe": 7.65,
            "roe_4q": 11.72,
            "gross_profit": 568737,
            "gross_margin": 9.28,
            "gross_margin_4q_avg": 11.46,
            "net_income": 1695529,
            "net_income_4q": null,
            "revenue": 6128268,
            "revenue_4q": null,
            "common_shares": 16516320,
            "book_valuer_per_share": 13.98,
            "book_valuer_per_share_4q_avg": 13.64,
            "equity": 23097158,
            "current_ratio": 277.17,
            "debt_ratio": 37.6,
            "inventory_turnover_ratio": 1.13,
            "account_receivable_turnover_ratio": null,
            "reinvestment_rate": -13.78,
            "research_to_sale_ratio": null,
            "price_fair": 50.08,
            "eps_avg_yearly": 1.43,
            "eps_latest_yearly": 4.12,
            "eps_growth_yearly": 301.44
        },
        "20054": {
            "year_quarter": 20054,
            "year": 2005,
            "quarter": 4,
            "eps": 0.27,
            "eps_growth_year": -10,
            "eps_4q": 1.54,
            "eps_4q_growth_year": 17.29,
            "roe": 1.92,
            "roe_4q": 11.47,
            "gross_profit": 925397,
            "gross_margin": 14.27,
            "gross_margin_4q_avg": 11.89,
            "net_income": 448753,
            "net_income_4q": null,
            "revenue": 6483974,
            "revenue_4q": null,
            "common_shares": 16516320,
            "book_valuer_per_share": 14.05,
            "book_valuer_per_share_4q_avg": 13.74,
            "equity": 23562933,
            "current_ratio": 152.64,
            "debt_ratio": 48.88,
            "inventory_turnover_ratio": 0.92,
            "account_receivable_turnover_ratio": null,
            "reinvestment_rate": 38.06,
            "research_to_sale_ratio": null,
            "price_fair": 49.2,
            "eps_avg_yearly": 1.41,
            "eps_latest_yearly": 1.08,
            "eps_growth_yearly": 258.83
        },
        "20061": {
            "year_quarter": 20061,
            "year": 2006,
            "quarter": 1,
            "eps": 0.09,
            "eps_growth_year": -18.18,
            "eps_4q": 1.47,
            "eps_4q_growth_year": 19.54,
            "roe": 0.49,
            "roe_4q": 11.15,
            "gross_profit": 701085,
            "gross_margin": 10.96,
            "gross_margin_4q_avg": 11.59,
            "net_income": 155791,
            "net_income_4q": null,
            "revenue": 6398838,
            "revenue_4q": null,
            "common_shares": 16516320,
            "book_valuer_per_share": 24.12,
            "book_valuer_per_share_4q_avg": 16.32,
            "equity": 39834579,
            "current_ratio": 266.11,
            "debt_ratio": 25.49,
            "inventory_turnover_ratio": 0.9,
            "account_receivable_turnover_ratio": null,
            "reinvestment_rate": -10.6,
            "research_to_sale_ratio": null,
            "price_fair": 44.8,
            "eps_avg_yearly": 1.28,
            "eps_latest_yearly": 0.36,
            "eps_growth_yearly": 205.26
        },
        "20062": {
            "year_quarter": 20062,
            "year": 2006,
            "quarter": 2,
            "eps": 0.36,
            "eps_growth_year": 157.14,
            "eps_4q": 1.74,
            "eps_4q_growth_year": 55.2,
            "roe": 1.5,
            "roe_4q": 11.56,
            "gross_profit": 862834,
            "gross_margin": 12.21,
            "gross_margin_4q_avg": 11.68,
            "net_income": 600556,
            "net_income_4q": null,
            "revenue": 7064413,
            "revenue_4q": null,
            "common_shares": 16516320,
            "book_valuer_per_share": 24.36,
            "book_valuer_per_share_4q_avg": 19.13,
            "equity": 40236896,
            "current_ratio": 187.76,
            "debt_ratio": 27.92,
            "inventory_turnover_ratio": 1.14,
            "account_receivable_turnover_ratio": null,
            "reinvestment_rate": -7.19,
            "research_to_sale_ratio": null,
            "price_fair": 42.9,
            "eps_avg_yearly": 1.23,
            "eps_latest_yearly": 1.44,
            "eps_growth_yearly": 289.89
        },
        "20063": {
            "year_quarter": 20063,
            "year": 2006,
            "quarter": 3,
            "eps": 1.32,
            "eps_growth_year": 28.16,
            "eps_4q": 2.03,
            "eps_4q_growth_year": 29.23,
            "roe": 5.25,
            "roe_4q": 9.16,
            "gross_profit": 741960,
            "gross_margin": 10.26,
            "gross_margin_4q_avg": 11.93,
            "net_income": 2225038,
            "net_income_4q": null,
            "revenue": 7234936,
            "revenue_4q": null,
            "common_shares": 16846646,
            "book_valuer_per_share": 26.43,
            "book_valuer_per_share_4q_avg": 22.24,
            "equity": 44526996,
            "current_ratio": 255.85,
            "debt_ratio": 23.85,
            "inventory_turnover_ratio": 1.23,
            "account_receivable_turnover_ratio": null,
            "reinvestment_rate": -4.96,
            "research_to_sale_ratio": null,
            "price_fair": 55.1,
            "eps_avg_yearly": 1.57,
            "eps_latest_yearly": 5.28,
            "eps_growth_yearly": 389.46
        },
        "20064": {
            "year_quarter": 20064,
            "year": 2006,
            "quarter": 4,
            "eps": 0.25,
            "eps_growth_year": -7.41,
            "eps_4q": 2.01,
            "eps_4q_growth_year": 30.67,
            "roe": 0.89,
            "roe_4q": 8.129999999999999,
            "gross_profit": 614046,
            "gross_margin": 8.6,
            "gross_margin_4q_avg": 10.51,
            "net_income": 422509,
            "net_income_4q": null,
            "revenue": 7143087,
            "revenue_4q": null,
            "common_shares": 16846646,
            "book_valuer_per_share": 29.05,
            "book_valuer_per_share_4q_avg": 25.99,
            "equity": 50116114,
            "current_ratio": 165.73,
            "debt_ratio": 32.34,
            "inventory_turnover_ratio": 1,
            "account_receivable_turnover_ratio": null,
            "reinvestment_rate": 70.83,
            "research_to_sale_ratio": null,
            "price_fair": 53.76,
            "eps_avg_yearly": 1.54,
            "eps_latest_yearly": 1,
            "eps_growth_yearly": 341.88
        },
        "20071": {
            "year_quarter": 20071,
            "year": 2007,
            "quarter": 1,
            "eps": 0.3,
            "eps_growth_year": 233.33,
            "eps_4q": 2.22,
            "eps_4q_growth_year": 51.39,
            "roe": 1.01,
            "roe_4q": 8.65,
            "gross_profit": 646098,
            "gross_margin": 9.18,
            "gross_margin_4q_avg": 10.06,
            "net_income": 507872,
            "net_income_4q": null,
            "revenue": 7038064,
            "revenue_4q": null,
            "common_shares": 16846646,
            "book_valuer_per_share": 29.85,
            "book_valuer_per_share_4q_avg": 27.42,
            "equity": 50294210,
            "current_ratio": 225.61,
            "debt_ratio": 23.46,
            "inventory_turnover_ratio": 0.97,
            "account_receivable_turnover_ratio": null,
            "reinvestment_rate": -1.99,
            "research_to_sale_ratio": null,
            "price_fair": 53.03,
            "eps_avg_yearly": 1.52,
            "eps_latest_yearly": 1.2,
            "eps_growth_yearly": 325.51
        },
        "20072": {
            "year_quarter": 20072,
            "year": 2007,
            "quarter": 2,
            "eps": 3.01,
            "eps_growth_year": 736.11,
            "eps_4q": 4.88,
            "eps_4q_growth_year": 180.71,
            "roe": 9.48,
            "roe_4q": 16.630000000000003,
            "gross_profit": 873800,
            "gross_margin": 11.67,
            "gross_margin_4q_avg": 9.93,
            "net_income": 5076404,
            "net_income_4q": null,
            "revenue": 7488068,
            "revenue_4q": null,
            "common_shares": 16846646,
            "book_valuer_per_share": 33.72,
            "book_valuer_per_share_4q_avg": 29.76,
            "equity": 56806001,
            "current_ratio": 236.26,
            "debt_ratio": 19.62,
            "inventory_turnover_ratio": 1.27,
            "account_receivable_turnover_ratio": null,
            "reinvestment_rate": 1.25,
            "research_to_sale_ratio": null,
            "price_fair": 78.49,
            "eps_avg_yearly": 2.24,
            "eps_latest_yearly": 12.04,
            "eps_growth_yearly": 557.12
        },
        "20073": {
            "year_quarter": 20073,
            "year": 2007,
            "quarter": 3,
            "eps": 0.96,
            "eps_growth_year": -27.27,
            "eps_4q": 4.52,
            "eps_4q_growth_year": 121.9,
            "roe": 2.73,
            "roe_4q": 14.110000000000001,
            "gross_profit": 688111,
            "gross_margin": 9.48,
            "gross_margin_4q_avg": 9.73,
            "net_income": 1621890,
            "net_income_4q": null,
            "revenue": 7260965,
            "revenue_4q": null,
            "common_shares": 16846646,
            "book_valuer_per_share": 36.76,
            "book_valuer_per_share_4q_avg": 32.35,
            "equity": 61920371,
            "current_ratio": 329.43,
            "debt_ratio": 15.91,
            "inventory_turnover_ratio": 1.26,
            "account_receivable_turnover_ratio": null,
            "reinvestment_rate": 2.86,
            "research_to_sale_ratio": null,
            "price_fair": 84.09,
            "eps_avg_yearly": 2.4,
            "eps_latest_yearly": 3.84,
            "eps_growth_yearly": 485.09
        },
        "20074": {
            "year_quarter": 20074,
            "year": 2007,
            "quarter": 4,
            "eps": 0.1,
            "eps_growth_year": -60,
            "eps_4q": 4.51,
            "eps_4q_growth_year": 123.97,
            "roe": 0.26,
            "roe_4q": 13.48,
            "gross_profit": 681698,
            "gross_margin": 9.27,
            "gross_margin_4q_avg": 9.9,
            "net_income": 163366,
            "net_income_4q": null,
            "revenue": 7350427,
            "revenue_4q": null,
            "common_shares": 16846646,
            "book_valuer_per_share": 36.09,
            "book_valuer_per_share_4q_avg": 34.11,
            "equity": 63857229,
            "current_ratio": 155.31,
            "debt_ratio": 27.59,
            "inventory_turnover_ratio": 0.95,
            "account_receivable_turnover_ratio": null,
            "reinvestment_rate": 66.79,
            "research_to_sale_ratio": null,
            "price_fair": 80.94,
            "eps_avg_yearly": 2.31,
            "eps_latest_yearly": 0.4,
            "eps_growth_yearly": 451.76
        },
        "20081": {
            "year_quarter": 20081,
            "year": 2008,
            "quarter": 1,
            "eps": 0.11,
            "eps_growth_year": -63.33,
            "eps_4q": 2.54,
            "eps_4q_growth_year": 14.64,
            "roe": 0.49,
            "roe_4q": 12.96,
            "gross_profit": 1115371,
            "gross_margin": 10.25,
            "gross_margin_4q_avg": 10.17,
            "net_income": 304502,
            "net_income_4q": null,
            "revenue": 10882132,
            "revenue_4q": null,
            "common_shares": 16846646,
            "book_valuer_per_share": 34.61,
            "book_valuer_per_share_4q_avg": 35.3,
            "equity": 61474203,
            "current_ratio": 161.17,
            "debt_ratio": 28.42,
            "inventory_turnover_ratio": 1.15,
            "account_receivable_turnover_ratio": null,
            "reinvestment_rate": 101.6,
            "research_to_sale_ratio": null,
            "price_fair": 80.41,
            "eps_avg_yearly": 2.3,
            "eps_latest_yearly": 0.44,
            "eps_growth_yearly": 470.02
        },
        "20082": {
            "year_quarter": 20082,
            "year": 2008,
            "quarter": 2,
            "eps": 1.69,
            "eps_growth_year": -43.85,
            "eps_4q": 2.73,
            "eps_4q_growth_year": -44,
            "roe": 5.19,
            "roe_4q": 8.67,
            "gross_profit": 1298980,
            "gross_margin": 11.97,
            "gross_margin_4q_avg": 10.24,
            "net_income": 2976763,
            "net_income_4q": null,
            "revenue": 10848059,
            "revenue_4q": null,
            "common_shares": 16846646,
            "book_valuer_per_share": 29.93,
            "book_valuer_per_share_4q_avg": 34.35,
            "equity": 53129370,
            "current_ratio": 118.61,
            "debt_ratio": 36.85,
            "inventory_turnover_ratio": 1.14,
            "account_receivable_turnover_ratio": null,
            "reinvestment_rate": 90.76,
            "research_to_sale_ratio": null,
            "price_fair": 93.28,
            "eps_avg_yearly": 2.67,
            "eps_latest_yearly": 6.76,
            "eps_growth_yearly": 821.75
        },
        "20083": {
            "year_quarter": 20083,
            "year": 2008,
            "quarter": 3,
            "eps": 0.33,
            "eps_growth_year": -65.62,
            "eps_4q": 1.76,
            "eps_4q_growth_year": -61.06,
            "roe": 1.37,
            "roe_4q": 7.3100000000000005,
            "gross_profit": 1250156,
            "gross_margin": 10.35,
            "gross_margin_4q_avg": 10.46,
            "net_income": 703060,
            "net_income_4q": null,
            "revenue": 12080818,
            "revenue_4q": null,
            "common_shares": 16846646,
            "book_valuer_per_share": 27.84,
            "book_valuer_per_share_4q_avg": 32.12,
            "equity": 49704765,
            "current_ratio": 153.62,
            "debt_ratio": 36.53,
            "inventory_turnover_ratio": 1.3,
            "account_receivable_turnover_ratio": null,
            "reinvestment_rate": 94.62,
            "research_to_sale_ratio": null,
            "price_fair": 90.74,
            "eps_avg_yearly": 2.59,
            "eps_latest_yearly": 1.32,
            "eps_growth_yearly": 756.18
        },
        "20084": {
            "year_quarter": 20084,
            "year": 2008,
            "quarter": 4,
            "eps": -0.34,
            "eps_growth_year": -440,
            "eps_4q": 1.6,
            "eps_4q_growth_year": -64.64,
            "roe": -1.27,
            "roe_4q": 5.780000000000001,
            "gross_profit": 316661,
            "gross_margin": 3.7,
            "gross_margin_4q_avg": 9.07,
            "net_income": -610893,
            "net_income_4q": null,
            "revenue": 8554553,
            "revenue_4q": null,
            "common_shares": 16846646,
            "book_valuer_per_share": 25.87,
            "book_valuer_per_share_4q_avg": 29.56,
            "equity": 46283499,
            "current_ratio": 154.16,
            "debt_ratio": 36.5,
            "inventory_turnover_ratio": 1.04,
            "account_receivable_turnover_ratio": 3.49,
            "reinvestment_rate": 64.42,
            "research_to_sale_ratio": null,
            "price_fair": 93.99,
            "eps_avg_yearly": 2.69,
            "eps_latest_yearly": 1.32,
            "eps_growth_yearly": 820.36
        },
        "20091": {
            "year_quarter": 20091,
            "year": 2009,
            "quarter": 1,
            "eps": 0.01,
            "eps_growth_year": -90.91,
            "eps_4q": 1.69,
            "eps_4q_growth_year": -33.56,
            "roe": -0.06,
            "roe_4q": 5.23,
            "gross_profit": 568263,
            "gross_margin": 7.25,
            "gross_margin_4q_avg": 8.32,
            "net_income": -27180,
            "net_income_4q": null,
            "revenue": 7839625,
            "revenue_4q": null,
            "common_shares": 16846646,
            "book_valuer_per_share": 26.11,
            "book_valuer_per_share_4q_avg": 27.44,
            "equity": 46665030,
            "current_ratio": 164.59,
            "debt_ratio": 34.69,
            "inventory_turnover_ratio": 1,
            "account_receivable_turnover_ratio": 1.62,
            "reinvestment_rate": 100.24,
            "research_to_sale_ratio": null,
            "price_fair": 99.6,
            "eps_avg_yearly": 2.85,
            "eps_latest_yearly": 1.32,
            "eps_growth_yearly": 897.05
        },
        "20092": {
            "year_quarter": 20092,
            "year": 2009,
            "quarter": 2,
            "eps": -0.9,
            "eps_growth_year": -153.25,
            "eps_4q": -0.9,
            "eps_4q_growth_year": -132.8,
            "roe": -3.42,
            "roe_4q": -3.38,
            "gross_profit": 1237774,
            "gross_margin": 11.87,
            "gross_margin_4q_avg": 8.29,
            "net_income": -1619824,
            "net_income_4q": null,
            "revenue": 10424040,
            "revenue_4q": null,
            "common_shares": 16846646,
            "book_valuer_per_share": 26.89,
            "book_valuer_per_share_4q_avg": 26.68,
            "equity": 47982363,
            "current_ratio": 141.49,
            "debt_ratio": 36.13,
            "inventory_turnover_ratio": 1.35,
            "account_receivable_turnover_ratio": 2,
            "reinvestment_rate": 107.07,
            "research_to_sale_ratio": null,
            "price_fair": 105.75,
            "eps_avg_yearly": 3.02,
            "eps_latest_yearly": 1.32,
            "eps_growth_yearly": 957.66
        },
        "20093": {
            "year_quarter": 20093,
            "year": 2009,
            "quarter": 3,
            "eps": 0.58,
            "eps_growth_year": 75.76,
            "eps_4q": -0.61,
            "eps_4q_growth_year": -134.66,
            "roe": 2.07,
            "roe_4q": -2.68,
            "gross_profit": 1273553,
            "gross_margin": 12.33,
            "gross_margin_4q_avg": 8.79,
            "net_income": 1042669,
            "net_income_4q": null,
            "revenue": 10332494,
            "revenue_4q": null,
            "common_shares": 16846646,
            "book_valuer_per_share": 29.69,
            "book_valuer_per_share_4q_avg": 27.14,
            "equity": 52682093,
            "current_ratio": 154.34,
            "debt_ratio": 31.99,
            "inventory_turnover_ratio": 1.42,
            "account_receivable_turnover_ratio": 1.88,
            "reinvestment_rate": 106.17,
            "research_to_sale_ratio": null,
            "price_fair": 102.55,
            "eps_avg_yearly": 2.93,
            "eps_latest_yearly": 1.32,
            "eps_growth_yearly": 825.56
        },
        "20094": {
            "year_quarter": 20094,
            "year": 2009,
            "quarter": 4,
            "eps": 0.36,
            "eps_growth_year": null,
            "eps_4q": 0.05,
            "eps_4q_growth_year": -96.6,
            "roe": 1.37,
            "roe_4q": -0.03999999999999998,
            "gross_profit": 1387802,
            "gross_margin": 12.67,
            "gross_margin_4q_avg": 11.03,
            "net_income": 734037,
            "net_income_4q": null,
            "revenue": 10953579,
            "revenue_4q": null,
            "common_shares": 16846646,
            "book_valuer_per_share": 30.57,
            "book_valuer_per_share_4q_avg": 28.32,
            "equity": 54245646,
            "current_ratio": 151.82,
            "debt_ratio": 31.42,
            "inventory_turnover_ratio": 1.47,
            "account_receivable_turnover_ratio": 4.1,
            "reinvestment_rate": 299.44,
            "research_to_sale_ratio": null,
            "price_fair": 103.6,
            "eps_avg_yearly": 2.96,
            "eps_latest_yearly": 1.44,
            "eps_growth_yearly": 837.51
        },
        "20101": {
            "year_quarter": 20101,
            "year": 2010,
            "quarter": 1,
            "eps": 0.25,
            "eps_growth_year": 2400,
            "eps_4q": 0.29,
            "eps_4q_growth_year": -82.86,
            "roe": 0.94,
            "roe_4q": 0.96,
            "gross_profit": 1165987,
            "gross_margin": 10.49,
            "gross_margin_4q_avg": 11.84,
            "net_income": 513049,
            "net_income_4q": null,
            "revenue": 11113889,
            "revenue_4q": null,
            "common_shares": 16846646,
            "book_valuer_per_share": 30.9,
            "book_valuer_per_share_4q_avg": 29.51,
            "equity": 54893090,
            "current_ratio": 137.74,
            "debt_ratio": 31.18,
            "inventory_turnover_ratio": 1.45,
            "account_receivable_turnover_ratio": 2.03,
            "reinvestment_rate": 353.78,
            "research_to_sale_ratio": null,
            "price_fair": 105.47,
            "eps_avg_yearly": 3.01,
            "eps_latest_yearly": 1,
            "eps_growth_yearly": 849.55
        },
        "20102": {
            "year_quarter": 20102,
            "year": 2010,
            "quarter": 2,
            "eps": 0.49,
            "eps_growth_year": null,
            "eps_4q": 1.68,
            "eps_4q_growth_year": null,
            "roe": 1.82,
            "roe_4q": 6.199999999999999,
            "gross_profit": 1921158,
            "gross_margin": 15.04,
            "gross_margin_4q_avg": 12.63,
            "net_income": 969169,
            "net_income_4q": null,
            "revenue": 12770327,
            "revenue_4q": null,
            "common_shares": 16846646,
            "book_valuer_per_share": 28.96,
            "book_valuer_per_share_4q_avg": 30.03,
            "equity": 51748288,
            "current_ratio": 129.77,
            "debt_ratio": 34.04,
            "inventory_turnover_ratio": 1.53,
            "account_receivable_turnover_ratio": 2.15,
            "reinvestment_rate": 336.26,
            "research_to_sale_ratio": null,
            "price_fair": 106.98,
            "eps_avg_yearly": 3.06,
            "eps_latest_yearly": 1.96,
            "eps_growth_yearly": 781.55
        },
        "20103": {
            "year_quarter": 20103,
            "year": 2010,
            "quarter": 3,
            "eps": 1.3,
            "eps_growth_year": 123.41,
            "eps_4q": 2.4,
            "eps_4q_growth_year": null,
            "roe": 4.36,
            "roe_4q": 8.490000000000002,
            "gross_profit": 1686532,
            "gross_margin": 13.39,
            "gross_margin_4q_avg": 12.9,
            "net_income": 2308800,
            "net_income_4q": null,
            "revenue": 12596943,
            "revenue_4q": null,
            "common_shares": 16846646,
            "book_valuer_per_share": 30.39,
            "book_valuer_per_share_4q_avg": 30.21,
            "equity": 54118011,
            "current_ratio": 145.41,
            "debt_ratio": 32.29,
            "inventory_turnover_ratio": 1.54,
            "account_receivable_turnover_ratio": 2.05,
            "reinvestment_rate": 345.29,
            "research_to_sale_ratio": null,
            "price_fair": 106.75,
            "eps_avg_yearly": 3.05,
            "eps_latest_yearly": 5.2,
            "eps_growth_yearly": 747.76
        },
        "20104": {
            "year_quarter": 20104,
            "year": 2010,
            "quarter": 4,
            "eps": 0.4,
            "eps_growth_year": 10.63,
            "eps_4q": 2.43,
            "eps_4q_growth_year": 4378.89,
            "roe": 1.42,
            "roe_4q": 8.540000000000001,
            "gross_profit": 1689830,
            "gross_margin": 13.22,
            "gross_margin_4q_avg": 13.04,
            "net_income": 818690,
            "net_income_4q": null,
            "revenue": 12787075,
            "revenue_4q": null,
            "common_shares": 16846646,
            "book_valuer_per_share": 34.37,
            "book_valuer_per_share_4q_avg": 31.16,
            "equity": 61030421,
            "current_ratio": 150.23,
            "debt_ratio": 30.01,
            "inventory_turnover_ratio": 1.54,
            "account_receivable_turnover_ratio": 2.15,
            "reinvestment_rate": 305.38,
            "research_to_sale_ratio": 0.08,
            "price_fair": 108.5,
            "eps_avg_yearly": 3.1,
            "eps_latest_yearly": 1.6,
            "eps_growth_yearly": 751.71
        },
        "20111": {
            "year_quarter": 20111,
            "year": 2011,
            "quarter": 1,
            "eps": 0.43,
            "eps_growth_year": 72,
            "eps_4q": 2.62,
            "eps_4q_growth_year": 803.55,
            "roe": 1.39,
            "roe_4q": 8.99,
            "gross_profit": 1691647,
            "gross_margin": 12.91,
            "gross_margin_4q_avg": 13.64,
            "net_income": 848595,
            "net_income_4q": null,
            "revenue": 13106252,
            "revenue_4q": null,
            "common_shares": 16846646,
            "book_valuer_per_share": 34.22,
            "book_valuer_per_share_4q_avg": 31.99,
            "equity": 60917513,
            "current_ratio": 162.8,
            "debt_ratio": 30.53,
            "inventory_turnover_ratio": 1.5,
            "account_receivable_turnover_ratio": 2.11,
            "reinvestment_rate": 370.96,
            "research_to_sale_ratio": 0.08,
            "price_fair": 110.02,
            "eps_avg_yearly": 3.14,
            "eps_latest_yearly": 1.72,
            "eps_growth_yearly": 747.54
        },
        "20112": {
            "year_quarter": 20112,
            "year": 2011,
            "quarter": 2,
            "eps": 0.61,
            "eps_growth_year": 23.46,
            "eps_4q": 2.73,
            "eps_4q_growth_year": 62.88,
            "roe": 2.02,
            "roe_4q": 9.190000000000001,
            "gross_profit": 2151706,
            "gross_margin": 14.84,
            "gross_margin_4q_avg": 13.59,
            "net_income": 1210869,
            "net_income_4q": null,
            "revenue": 14499085,
            "revenue_4q": null,
            "common_shares": 16846646,
            "book_valuer_per_share": 33.09,
            "book_valuer_per_share_4q_avg": 33.02,
            "equity": 58797118,
            "current_ratio": 123.55,
            "debt_ratio": 34.12,
            "inventory_turnover_ratio": 1.59,
            "account_receivable_turnover_ratio": 2.13,
            "reinvestment_rate": 518.21,
            "research_to_sale_ratio": 0.08,
            "price_fair": 82.02,
            "eps_avg_yearly": 2.34,
            "eps_latest_yearly": 2.44,
            "eps_growth_yearly": 460.38
        },
        "20113": {
            "year_quarter": 20113,
            "year": 2011,
            "quarter": 3,
            "eps": -0.09,
            "eps_growth_year": -106.78,
            "eps_4q": 1.35,
            "eps_4q_growth_year": -43.77,
            "roe": -0.18,
            "roe_4q": 4.65,
            "gross_profit": 1427695,
            "gross_margin": 10.88,
            "gross_margin_4q_avg": 12.96,
            "net_income": -104375,
            "net_income_4q": null,
            "revenue": 13120471,
            "revenue_4q": null,
            "common_shares": 16846646,
            "book_valuer_per_share": 30.37,
            "book_valuer_per_share_4q_avg": 33.01,
            "equity": 54259992,
            "current_ratio": 169.5,
            "debt_ratio": 33.26,
            "inventory_turnover_ratio": 1.51,
            "account_receivable_turnover_ratio": 1.93,
            "reinvestment_rate": 543.2,
            "research_to_sale_ratio": 0.1,
            "price_fair": 77.25,
            "eps_avg_yearly": 2.21,
            "eps_latest_yearly": 2.44,
            "eps_growth_yearly": 527
        },
        "20114": {
            "year_quarter": 20114,
            "year": 2011,
            "quarter": 4,
            "eps": 0.29,
            "eps_growth_year": -28.14,
            "eps_4q": 1.24,
            "eps_4q_growth_year": -49.19,
            "roe": 0.97,
            "roe_4q": 4.2,
            "gross_profit": 1413380,
            "gross_margin": 11.33,
            "gross_margin_4q_avg": 12.49,
            "net_income": 543098,
            "net_income_4q": null,
            "revenue": 12479837,
            "revenue_4q": null,
            "common_shares": 16846646,
            "book_valuer_per_share": 32.29,
            "book_valuer_per_share_4q_avg": 32.49,
            "equity": 57522717,
            "current_ratio": 161.95,
            "debt_ratio": 30.92,
            "inventory_turnover_ratio": 1.41,
            "account_receivable_turnover_ratio": 2.07,
            "reinvestment_rate": 404.61,
            "research_to_sale_ratio": 0.09,
            "price_fair": 83.58,
            "eps_avg_yearly": 2.39,
            "eps_latest_yearly": 2.44,
            "eps_growth_yearly": 615.54
        },
        "20121": {
            "year_quarter": 20121,
            "year": 2012,
            "quarter": 1,
            "eps": 0.27,
            "eps_growth_year": -37.21,
            "eps_4q": 1.07,
            "eps_4q_growth_year": -58.92,
            "roe": 0.83,
            "roe_4q": 3.6399999999999997,
            "gross_profit": 1357642,
            "gross_margin": 10.33,
            "gross_margin_4q_avg": 11.85,
            "net_income": 476006,
            "net_income_4q": null,
            "revenue": 13139788,
            "revenue_4q": null,
            "common_shares": 16846646,
            "book_valuer_per_share": 32.23,
            "book_valuer_per_share_4q_avg": 32,
            "equity": 57463544,
            "current_ratio": 183.94,
            "debt_ratio": 30.23,
            "inventory_turnover_ratio": 1.5,
            "account_receivable_turnover_ratio": 2.2,
            "reinvestment_rate": 376.4,
            "research_to_sale_ratio": 0.09,
            "price_fair": 85.82,
            "eps_avg_yearly": 2.45,
            "eps_latest_yearly": 1.08,
            "eps_growth_yearly": 608.78
        },
        "20122": {
            "year_quarter": 20122,
            "year": 2012,
            "quarter": 2,
            "eps": 0.38,
            "eps_growth_year": -37.8,
            "eps_4q": 0.85,
            "eps_4q_growth_year": -69.05,
            "roe": 1.25,
            "roe_4q": 2.8699999999999997,
            "gross_profit": 1346606,
            "gross_margin": 9.99,
            "gross_margin_4q_avg": 10.63,
            "net_income": 684251,
            "net_income_4q": null,
            "revenue": 13482130,
            "revenue_4q": null,
            "common_shares": 16846646,
            "book_valuer_per_share": 28.89,
            "book_valuer_per_share_4q_avg": 30.95,
            "equity": 51637177,
            "current_ratio": 156.87,
            "debt_ratio": 33.19,
            "inventory_turnover_ratio": 1.61,
            "account_receivable_turnover_ratio": 2.08,
            "reinvestment_rate": 424.87,
            "research_to_sale_ratio": 0.09,
            "price_fair": 67.48,
            "eps_avg_yearly": 1.93,
            "eps_latest_yearly": 1.52,
            "eps_growth_yearly": 50.53
        },
        "20123": {
            "year_quarter": 20123,
            "year": 2012,
            "quarter": 3,
            "eps": 0.69,
            "eps_growth_year": null,
            "eps_4q": 1.62,
            "eps_4q_growth_year": 20.14,
            "roe": 2.2,
            "roe_4q": 5.25,
            "gross_profit": 990113,
            "gross_margin": 8.01,
            "gross_margin_4q_avg": 9.92,
            "net_income": 1174237,
            "net_income_4q": null,
            "revenue": 12357355,
            "revenue_4q": null,
            "common_shares": 16846646,
            "book_valuer_per_share": 30.99,
            "book_valuer_per_share_4q_avg": 31.1,
            "equity": 55182333,
            "current_ratio": 184.65,
            "debt_ratio": 29.19,
            "inventory_turnover_ratio": 1.64,
            "account_receivable_turnover_ratio": 2,
            "reinvestment_rate": 420.14,
            "research_to_sale_ratio": 0.11,
            "price_fair": 72.52,
            "eps_avg_yearly": 2.07,
            "eps_latest_yearly": 2.76,
            "eps_growth_yearly": 115.35
        },
        "20124": {
            "year_quarter": 20124,
            "year": 2012,
            "quarter": 4,
            "eps": 0.1,
            "eps_growth_year": -65.16,
            "eps_4q": 1.43,
            "eps_4q_growth_year": 15.95,
            "roe": 0.33,
            "roe_4q": 4.61,
            "gross_profit": 970411,
            "gross_margin": 8.58,
            "gross_margin_4q_avg": 9.23,
            "net_income": 182181,
            "net_income_4q": null,
            "revenue": 11310213,
            "revenue_4q": null,
            "common_shares": 16846646,
            "book_valuer_per_share": 30.64,
            "book_valuer_per_share_4q_avg": 30.69,
            "equity": 54584645,
            "current_ratio": 190.93,
            "debt_ratio": 28.81,
            "inventory_turnover_ratio": 1.5,
            "account_receivable_turnover_ratio": 1.98,
            "reinvestment_rate": 368.23,
            "research_to_sale_ratio": 0.08,
            "price_fair": 67.2,
            "eps_avg_yearly": 1.92,
            "eps_latest_yearly": 0.4,
            "eps_growth_yearly": 73.77
        },
        "20131": {
            "year_quarter": 20131,
            "year": 2013,
            "quarter": 1,
            "eps": 0.3,
            "eps_growth_year": 11.11,
            "eps_4q": 1.47,
            "eps_4q_growth_year": 36.33,
            "roe": 0.98,
            "roe_4q": 4.76,
            "gross_profit": 1157790,
            "gross_margin": 9.89,
            "gross_margin_4q_avg": 9.12,
            "net_income": 525971,
            "net_income_4q": null,
            "revenue": 11703212,
            "revenue_4q": null,
            "common_shares": 16846646,
            "book_valuer_per_share": 29.37,
            "book_valuer_per_share_4q_avg": 29.97,
            "equity": 52466493,
            "current_ratio": 194.42,
            "debt_ratio": 30.04,
            "inventory_turnover_ratio": 1.45,
            "account_receivable_turnover_ratio": 2.05,
            "reinvestment_rate": 329.91,
            "research_to_sale_ratio": 0.12,
            "price_fair": 65.1,
            "eps_avg_yearly": 1.86,
            "eps_latest_yearly": 1.2,
            "eps_growth_yearly": 134.29
        },
        "20132": {
            "year_quarter": 20132,
            "year": 2013,
            "quarter": 2,
            "eps": 0.4,
            "eps_growth_year": 6.06,
            "eps_4q": 1.49,
            "eps_4q_growth_year": 76.24,
            "roe": 1.33,
            "roe_4q": 4.84,
            "gross_profit": 1389357,
            "gross_margin": 10.96,
            "gross_margin_4q_avg": 9.36,
            "net_income": 689174,
            "net_income_4q": null,
            "revenue": 12674976,
            "revenue_4q": null,
            "common_shares": 16846646,
            "book_valuer_per_share": 28.77,
            "book_valuer_per_share_4q_avg": 29.94,
            "equity": 51340456,
            "current_ratio": 163.87,
            "debt_ratio": 31.55,
            "inventory_turnover_ratio": 1.59,
            "account_receivable_turnover_ratio": 2.16,
            "reinvestment_rate": 277.25,
            "research_to_sale_ratio": 0.09,
            "price_fair": 64.4,
            "eps_avg_yearly": 1.84,
            "eps_latest_yearly": 1.6,
            "eps_growth_yearly": 134.21
        },
        "20133": {
            "year_quarter": 20133,
            "year": 2013,
            "quarter": 3,
            "eps": 0.28,
            "eps_growth_year": -59.19,
            "eps_4q": 1.08,
            "eps_4q_growth_year": -33.35,
            "roe": 0.85,
            "roe_4q": 3.49,
            "gross_profit": 865463,
            "gross_margin": 7.48,
            "gross_margin_4q_avg": 9.23,
            "net_income": 439333,
            "net_income_4q": null,
            "revenue": 11572619,
            "revenue_4q": null,
            "common_shares": 16846646,
            "book_valuer_per_share": 29.15,
            "book_valuer_per_share_4q_avg": 29.48,
            "equity": 51967266,
            "current_ratio": 205.94,
            "debt_ratio": 29.7,
            "inventory_turnover_ratio": 1.58,
            "account_receivable_turnover_ratio": 2.06,
            "reinvestment_rate": 295.86,
            "research_to_sale_ratio": 0.11,
            "price_fair": 62.6,
            "eps_avg_yearly": 1.79,
            "eps_latest_yearly": 1.12,
            "eps_growth_yearly": 116.06
        },
        "20134": {
            "year_quarter": 20134,
            "year": 2013,
            "quarter": 4,
            "eps": 0.29,
            "eps_growth_year": 187.18,
            "eps_4q": 1.27,
            "eps_4q_growth_year": -11.67,
            "roe": 0.98,
            "roe_4q": 4.140000000000001,
            "gross_profit": 1156628,
            "gross_margin": 10.05,
            "gross_margin_4q_avg": 9.6,
            "net_income": 522498,
            "net_income_4q": null,
            "revenue": 11511085,
            "revenue_4q": null,
            "common_shares": 16846646,
            "book_valuer_per_share": 30.47,
            "book_valuer_per_share_4q_avg": 29.44,
            "equity": 54210085,
            "current_ratio": 183.8,
            "debt_ratio": 29.25,
            "inventory_turnover_ratio": 1.46,
            "account_receivable_turnover_ratio": 2.26,
            "reinvestment_rate": -15.7,
            "research_to_sale_ratio": 0.1,
            "price_fair": 61.9,
            "eps_avg_yearly": 1.77,
            "eps_latest_yearly": 1.16,
            "eps_growth_yearly": 127.91
        },
        "20141": {
            "year_quarter": 20141,
            "year": 2014,
            "quarter": 1,
            "eps": 0.32,
            "eps_growth_year": 6.67,
            "eps_4q": 1.29,
            "eps_4q_growth_year": -12.29,
            "roe": 1.1,
            "roe_4q": 4.26,
            "gross_profit": 1349873,
            "gross_margin": 11.32,
            "gross_margin_4q_avg": 9.95,
            "net_income": 590514,
            "net_income_4q": null,
            "revenue": 11926770,
            "revenue_4q": null,
            "common_shares": 16846646,
            "book_valuer_per_share": 29.91,
            "book_valuer_per_share_4q_avg": 29.58,
            "equity": 53318593,
            "current_ratio": 193.09,
            "debt_ratio": 29.82,
            "inventory_turnover_ratio": 1.4,
            "account_receivable_turnover_ratio": 2.25,
            "reinvestment_rate": -34.19,
            "research_to_sale_ratio": 0.11,
            "price_fair": 62.6,
            "eps_avg_yearly": 1.79,
            "eps_latest_yearly": 1.28,
            "eps_growth_yearly": 139.6
        },
        "20142": {
            "year_quarter": 20142,
            "year": 2014,
            "quarter": 2,
            "eps": 0.44,
            "eps_growth_year": 10,
            "eps_4q": 1.33,
            "eps_4q_growth_year": -11.09,
            "roe": 1.53,
            "roe_4q": 4.46,
            "gross_profit": 1653128,
            "gross_margin": 12.64,
            "gross_margin_4q_avg": 10.37,
            "net_income": 812822,
            "net_income_4q": null,
            "revenue": 13081901,
            "revenue_4q": null,
            "common_shares": 16846646,
            "book_valuer_per_share": 29.62,
            "book_valuer_per_share_4q_avg": 29.79,
            "equity": 52856405,
            "current_ratio": 175.17,
            "debt_ratio": 31.52,
            "inventory_turnover_ratio": 1.53,
            "account_receivable_turnover_ratio": 2.19,
            "reinvestment_rate": -19.7,
            "research_to_sale_ratio": 0.09,
            "price_fair": 62.1,
            "eps_avg_yearly": 1.77,
            "eps_latest_yearly": 1.76,
            "eps_growth_yearly": 122.89
        },
        "20143": {
            "year_quarter": 20143,
            "year": 2014,
            "quarter": 3,
            "eps": 0.94,
            "eps_growth_year": 235.71,
            "eps_4q": 1.99,
            "eps_4q_growth_year": 84.17,
            "roe": 3.11,
            "roe_4q": 6.720000000000001,
            "gross_profit": 1312338,
            "gross_margin": 11.1,
            "gross_margin_4q_avg": 11.28,
            "net_income": 1645339,
            "net_income_4q": null,
            "revenue": 11820926,
            "revenue_4q": null,
            "common_shares": 16846646,
            "book_valuer_per_share": 29.58,
            "book_valuer_per_share_4q_avg": 29.9,
            "equity": 52857538,
            "current_ratio": 187.44,
            "debt_ratio": 30.22,
            "inventory_turnover_ratio": 1.43,
            "account_receivable_turnover_ratio": 1.97,
            "reinvestment_rate": -48.32,
            "research_to_sale_ratio": 0.1,
            "price_fair": 58.5,
            "eps_avg_yearly": 1.67,
            "eps_latest_yearly": 3.76,
            "eps_growth_yearly": 108.12
        },
        "20144": {
            "year_quarter": 20144,
            "year": 2014,
            "quarter": 4,
            "eps": 0.39,
            "eps_growth_year": 36.26,
            "eps_4q": 2.09,
            "eps_4q_growth_year": 65.25,
            "roe": 1.46,
            "roe_4q": 7.200000000000001,
            "gross_profit": 1424423,
            "gross_margin": 12.54,
            "gross_margin_4q_avg": 11.9,
            "net_income": 770974,
            "net_income_4q": null,
            "revenue": 11361515,
            "revenue_4q": null,
            "common_shares": 16846646,
            "book_valuer_per_share": 29.26,
            "book_valuer_per_share_4q_avg": 29.59,
            "equity": 52434244,
            "current_ratio": 197.82,
            "debt_ratio": 29.98,
            "inventory_turnover_ratio": 1.3,
            "account_receivable_turnover_ratio": 2.01,
            "reinvestment_rate": -126.21,
            "research_to_sale_ratio": 0.12,
            "price_fair": 58.4,
            "eps_avg_yearly": 1.67,
            "eps_latest_yearly": 1.56,
            "eps_growth_yearly": 111.19
        },
        "20151": {
            "year_quarter": 20151,
            "year": 2015,
            "quarter": 1,
            "eps": 0.31,
            "eps_growth_year": -3.12,
            "eps_4q": 2.08,
            "eps_4q_growth_year": 61.67,
            "roe": 1.17,
            "roe_4q": 7.2700000000000005,
            "gross_profit": 1495162,
            "gross_margin": 13.56,
            "gross_margin_4q_avg": 12.46,
            "net_income": 615954,
            "net_income_4q": null,
            "revenue": 11029926,
            "revenue_4q": null,
            "common_shares": 16846646,
            "book_valuer_per_share": 29.35,
            "book_valuer_per_share_4q_avg": 29.45,
            "equity": 52688155,
            "current_ratio": 210.09,
            "debt_ratio": 30.36,
            "inventory_turnover_ratio": 1.22,
            "account_receivable_turnover_ratio": 1.9,
            "reinvestment_rate": -122.52,
            "research_to_sale_ratio": 0.11,
            "price_fair": 57.2,
            "eps_avg_yearly": 1.63,
            "eps_latest_yearly": 1.24,
            "eps_growth_yearly": 103.18
        },
        "20152": {
            "year_quarter": 20152,
            "year": 2015,
            "quarter": 2,
            "eps": 0.41,
            "eps_growth_year": -6.82,
            "eps_4q": 2.04,
            "eps_4q_growth_year": 54.29,
            "roe": 1.44,
            "roe_4q": 7.18,
            "gross_profit": 1899715,
            "gross_margin": 16.38,
            "gross_margin_4q_avg": 13.4,
            "net_income": 769039,
            "net_income_4q": null,
            "revenue": 11596003,
            "revenue_4q": null,
            "common_shares": 16846646,
            "book_valuer_per_share": 30.32,
            "book_valuer_per_share_4q_avg": 29.63,
            "equity": 54167995,
            "current_ratio": 177.87,
            "debt_ratio": 31.84,
            "inventory_turnover_ratio": 1.28,
            "account_receivable_turnover_ratio": 1.91,
            "reinvestment_rate": -113.49,
            "research_to_sale_ratio": 0.11,
            "price_fair": 55.2,
            "eps_avg_yearly": 1.58,
            "eps_latest_yearly": 1.64,
            "eps_growth_yearly": 100.44
        },
        "20153": {
            "year_quarter": 20153,
            "year": 2015,
            "quarter": 3,
            "eps": 0.61,
            "eps_growth_year": -35.11,
            "eps_4q": 1.71,
            "eps_4q_growth_year": -13.87,
            "roe": 2.05,
            "roe_4q": 6.12,
            "gross_profit": 1272482,
            "gross_margin": 12.4,
            "gross_margin_4q_avg": 13.72,
            "net_income": 1121975,
            "net_income_4q": null,
            "revenue": 10265621,
            "revenue_4q": null,
            "common_shares": 16846646,
            "book_valuer_per_share": 30.86,
            "book_valuer_per_share_4q_avg": 29.95,
            "equity": 55155310,
            "current_ratio": 209.09,
            "debt_ratio": 30.55,
            "inventory_turnover_ratio": 1.19,
            "account_receivable_turnover_ratio": 1.72,
            "reinvestment_rate": -36.8,
            "research_to_sale_ratio": 0.13,
            "price_fair": 57.21,
            "eps_avg_yearly": 1.63,
            "eps_latest_yearly": 2.44,
            "eps_growth_yearly": 106.75
        },
        "20154": {
            "year_quarter": 20154,
            "year": 2015,
            "quarter": 4,
            "eps": 0.36,
            "eps_growth_year": -7.83,
            "eps_4q": 1.68,
            "eps_4q_growth_year": -19.61,
            "roe": 1.29,
            "roe_4q": 5.949999999999999,
            "gross_profit": 1472272,
            "gross_margin": 14.75,
            "gross_margin_4q_avg": 14.27,
            "net_income": 716984,
            "net_income_4q": null,
            "revenue": 9981020,
            "revenue_4q": null,
            "common_shares": 16846646,
            "book_valuer_per_share": 31.33,
            "book_valuer_per_share_4q_avg": 30.47,
            "equity": 56068730,
            "current_ratio": 216.11,
            "debt_ratio": 29.96,
            "inventory_turnover_ratio": 1.1,
            "account_receivable_turnover_ratio": 1.83,
            "reinvestment_rate": -61.43,
            "research_to_sale_ratio": 0.14,
            "price_fair": 56.79,
            "eps_avg_yearly": 1.62,
            "eps_latest_yearly": 1.44,
            "eps_growth_yearly": 89.83
        },
        "20161": {
            "year_quarter": 20161,
            "year": 2016,
            "quarter": 1,
            "eps": 0.38,
            "eps_growth_year": 22.58,
            "eps_4q": 1.76,
            "eps_4q_growth_year": -15.45,
            "roe": 1.24,
            "roe_4q": 6.02,
            "gross_profit": 1686294,
            "gross_margin": 16.17,
            "gross_margin_4q_avg": 14.93,
            "net_income": 730154,
            "net_income_4q": null,
            "revenue": 10429595,
            "revenue_4q": null,
            "common_shares": 16846646,
            "book_valuer_per_share": 34.56,
            "book_valuer_per_share_4q_avg": 31.77,
            "equity": 61617643,
            "current_ratio": 228.57,
            "debt_ratio": 27.79,
            "inventory_turnover_ratio": 1.12,
            "account_receivable_turnover_ratio": 1.94,
            "reinvestment_rate": 2.56,
            "research_to_sale_ratio": 0.12,
            "price_fair": 57.75,
            "eps_avg_yearly": 1.65,
            "eps_latest_yearly": 1.52,
            "eps_growth_yearly": 92.95
        },
        "20162": {
            "year_quarter": 20162,
            "year": 2016,
            "quarter": 2,
            "eps": 0.26,
            "eps_growth_year": -36.59,
            "eps_4q": 1.61,
            "eps_4q_growth_year": -21.41,
            "roe": 0.85,
            "roe_4q": 5.43,
            "gross_profit": 1549834,
            "gross_margin": 14.96,
            "gross_margin_4q_avg": 14.57,
            "net_income": 508713,
            "net_income_4q": null,
            "revenue": 10363144,
            "revenue_4q": null,
            "common_shares": 16846646,
            "book_valuer_per_share": 32.45,
            "book_valuer_per_share_4q_avg": 32.3,
            "equity": 57843728,
            "current_ratio": 191.29,
            "debt_ratio": 30.63,
            "inventory_turnover_ratio": 1.16,
            "account_receivable_turnover_ratio": 1.89,
            "reinvestment_rate": 24.43,
            "research_to_sale_ratio": 0.14,
            "price_fair": 56.7,
            "eps_avg_yearly": 1.62,
            "eps_latest_yearly": 1.04,
            "eps_growth_yearly": 74.87
        },
        "20163": {
            "year_quarter": 20163,
            "year": 2016,
            "quarter": 3,
            "eps": 1.21,
            "eps_growth_year": 98.36,
            "eps_4q": 2.21,
            "eps_4q_growth_year": 29.14,
            "roe": 3.57,
            "roe_4q": 6.95,
            "gross_profit": 1108993,
            "gross_margin": 11.63,
            "gross_margin_4q_avg": 14.38,
            "net_income": 2138876,
            "net_income_4q": null,
            "revenue": 9532720,
            "revenue_4q": null,
            "common_shares": 16846646,
            "book_valuer_per_share": 34.91,
            "book_valuer_per_share_4q_avg": 33.31,
            "equity": 62082002,
            "current_ratio": 240.39,
            "debt_ratio": 26.28,
            "inventory_turnover_ratio": 1.14,
            "account_receivable_turnover_ratio": 1.84,
            "reinvestment_rate": 23.81,
            "research_to_sale_ratio": 0.13,
            "price_fair": 61.25,
            "eps_avg_yearly": 1.75,
            "eps_latest_yearly": 4.84,
            "eps_growth_yearly": 145.82
        },
        "20164": {
            "year_quarter": 20164,
            "year": 2016,
            "quarter": 4,
            "eps": 0.22,
            "eps_growth_year": -39.41,
            "eps_4q": 2.07,
            "eps_4q_growth_year": 23.06,
            "roe": 0.7,
            "roe_4q": 6.359999999999999,
            "gross_profit": 1148986,
            "gross_margin": 12.06,
            "gross_margin_4q_avg": 13.71,
            "net_income": 462757,
            "net_income_4q": null,
            "revenue": 9523527,
            "revenue_4q": null,
            "common_shares": 16846646,
            "book_valuer_per_share": 39.68,
            "book_valuer_per_share_4q_avg": 35.4,
            "equity": 70279900,
            "current_ratio": 249.75,
            "debt_ratio": 23.63,
            "inventory_turnover_ratio": 1.1,
            "account_receivable_turnover_ratio": 1.91,
            "reinvestment_rate": 95.2,
            "research_to_sale_ratio": 0.14,
            "price_fair": 62.3,
            "eps_avg_yearly": 1.78,
            "eps_latest_yearly": 0.88,
            "eps_growth_yearly": 146.74
        },
        "20171": {
            "year_quarter": 20171,
            "year": 2017,
            "quarter": 1,
            "eps": 0.26,
            "eps_growth_year": -31.58,
            "eps_4q": 1.94,
            "eps_4q_growth_year": 10.57,
            "roe": 0.74,
            "roe_4q": 5.859999999999999,
            "gross_profit": 1423821,
            "gross_margin": 13.89,
            "gross_margin_4q_avg": 13.14,
            "net_income": 509354,
            "net_income_4q": null,
            "revenue": 10254273,
            "revenue_4q": null,
            "common_shares": 16846646,
            "book_valuer_per_share": 38.19,
            "book_valuer_per_share_4q_avg": 36.31,
            "equity": 67848016,
            "current_ratio": 245.79,
            "debt_ratio": 25.01,
            "inventory_turnover_ratio": 1.11,
            "account_receivable_turnover_ratio": 1.94,
            "reinvestment_rate": 88.3,
            "research_to_sale_ratio": 0.14,
            "price_fair": 61.95,
            "eps_avg_yearly": 1.77,
            "eps_latest_yearly": 1.04,
            "eps_growth_yearly": 101.29
        },
        "20172": {
            "year_quarter": 20172,
            "year": 2017,
            "quarter": 2,
            "eps": 1.58,
            "eps_growth_year": 507.69,
            "eps_4q": 3.27,
            "eps_4q_growth_year": 103.46,
            "roe": 4.08,
            "roe_4q": 9.09,
            "gross_profit": 1257110,
            "gross_margin": 11.59,
            "gross_margin_4q_avg": 12.29,
            "net_income": 2765388,
            "net_income_4q": null,
            "revenue": 10845893,
            "revenue_4q": null,
            "common_shares": 16846646,
            "book_valuer_per_share": 38.16,
            "book_valuer_per_share_4q_avg": 37.74,
            "equity": 67640003,
            "current_ratio": 210.24,
            "debt_ratio": 27.23,
            "inventory_turnover_ratio": 1.22,
            "account_receivable_turnover_ratio": 1.88,
            "reinvestment_rate": 71.28,
            "research_to_sale_ratio": 0.14,
            "price_fair": 72.28,
            "eps_avg_yearly": 2.07,
            "eps_latest_yearly": 6.32,
            "eps_growth_yearly": 219.88
        },
        "20173": {
            "year_quarter": 20173,
            "year": 2017,
            "quarter": 3,
            "eps": 0.44,
            "eps_growth_year": -63.64,
            "eps_4q": 2.51,
            "eps_4q_growth_year": 13.31,
            "roe": 1.34,
            "roe_4q": 6.86,
            "gross_profit": 1150418,
            "gross_margin": 11.7,
            "gross_margin_4q_avg": 12.31,
            "net_income": 916742,
            "net_income_4q": null,
            "revenue": 9829248,
            "revenue_4q": null,
            "common_shares": 16846646,
            "book_valuer_per_share": 39.23,
            "book_valuer_per_share_4q_avg": 38.82,
            "equity": 69676773,
            "current_ratio": 265.17,
            "debt_ratio": 23.34,
            "inventory_turnover_ratio": 1.11,
            "account_receivable_turnover_ratio": 1.78,
            "reinvestment_rate": 80.89,
            "research_to_sale_ratio": 0.14,
            "price_fair": 73.68,
            "eps_avg_yearly": 2.11,
            "eps_latest_yearly": 1.76,
            "eps_growth_yearly": 209.34
        },
        "20174": {
            "year_quarter": 20174,
            "year": 2017,
            "quarter": 4,
            "eps": 0.26,
            "eps_growth_year": 17.68,
            "eps_4q": 2.54,
            "eps_4q_growth_year": 22.93,
            "roe": 0.8,
            "roe_4q": 6.960000000000001,
            "gross_profit": 1307422,
            "gross_margin": 13.37,
            "gross_margin_4q_avg": 12.64,
            "net_income": 568532,
            "net_income_4q": null,
            "revenue": 9776250,
            "revenue_4q": null,
            "common_shares": 16846646,
            "book_valuer_per_share": 41.24,
            "book_valuer_per_share_4q_avg": 39.21,
            "equity": 73182570,
            "current_ratio": 254.75,
            "debt_ratio": 22.72,
            "inventory_turnover_ratio": 1.04,
            "account_receivable_turnover_ratio": 1.96,
            "reinvestment_rate": 88.75,
            "research_to_sale_ratio": 0.17,
            "price_fair": 73.41,
            "eps_avg_yearly": 2.1,
            "eps_latest_yearly": 1.04,
            "eps_growth_yearly": 198.22
        },
        "20181": {
            "year_quarter": 20181,
            "year": 2018,
            "quarter": 1,
            "eps": 0.17,
            "eps_growth_year": -34.62,
            "eps_4q": 2.46,
            "eps_4q_growth_year": 26.53,
            "roe": 0.52,
            "roe_4q": 6.74,
            "gross_profit": 1291239,
            "gross_margin": 12.03,
            "gross_margin_4q_avg": 12.17,
            "net_income": 381917,
            "net_income_4q": null,
            "revenue": 10730423,
            "revenue_4q": null,
            "common_shares": 16846646,
            "book_valuer_per_share": 42.13,
            "book_valuer_per_share_4q_avg": 40.19,
            "equity": 74884275,
            "current_ratio": 233.2,
            "debt_ratio": 23.61,
            "inventory_turnover_ratio": 1.12,
            "account_receivable_turnover_ratio": 2,
            "reinvestment_rate": -251.45,
            "research_to_sale_ratio": 0.17,
            "price_fair": 72.1,
            "eps_avg_yearly": 2.06,
            "eps_latest_yearly": 0.68,
            "eps_growth_yearly": 186.98
        },
        "20182": {
            "year_quarter": 20182,
            "year": 2018,
            "quarter": 2,
            "eps": 0.75,
            "eps_growth_year": -52.53,
            "eps_4q": 1.62,
            "eps_4q_growth_year": -50.46,
            "roe": 1.88,
            "roe_4q": 4.54,
            "gross_profit": 1569841,
            "gross_margin": 13.37,
            "gross_margin_4q_avg": 12.62,
            "net_income": 1408586,
            "net_income_4q": null,
            "revenue": 11737258,
            "revenue_4q": null,
            "common_shares": 16846646,
            "book_valuer_per_share": 42.51,
            "book_valuer_per_share_4q_avg": 41.28,
            "equity": 75351672,
            "current_ratio": 193.3,
            "debt_ratio": 25.57,
            "inventory_turnover_ratio": 1.23,
            "account_receivable_turnover_ratio": 1.95,
            "reinvestment_rate": -238.23,
            "research_to_sale_ratio": 0.17,
            "price_fair": 74.81,
            "eps_avg_yearly": 2.14,
            "eps_latest_yearly": 3,
            "eps_growth_yearly": 262.9
        },
        "20183": {
            "year_quarter": 20183,
            "year": 2018,
            "quarter": 3,
            "eps": 1.81,
            "eps_growth_year": 311.36,
            "eps_4q": 2.97,
            "eps_4q_growth_year": 18.63,
            "roe": 3.93,
            "roe_4q": 7.13,
            "gross_profit": 1373944,
            "gross_margin": 12.12,
            "gross_margin_4q_avg": 12.72,
            "net_income": 3237700,
            "net_income_4q": null,
            "revenue": 11336698,
            "revenue_4q": null,
            "common_shares": 16846646,
            "book_valuer_per_share": 49.42,
            "book_valuer_per_share_4q_avg": 43.83,
            "equity": 89307915,
            "current_ratio": 282.15,
            "debt_ratio": 17.52,
            "inventory_turnover_ratio": 1.22,
            "account_receivable_turnover_ratio": 1.84,
            "reinvestment_rate": -203.34,
            "research_to_sale_ratio": 0.18,
            "price_fair": 82.43,
            "eps_avg_yearly": 2.36,
            "eps_latest_yearly": 7.24,
            "eps_growth_yearly": 269.82
        },
        "20184": {
            "year_quarter": 20184,
            "year": 2018,
            "quarter": 4,
            "eps": 0.1,
            "eps_growth_year": -60.97,
            "eps_4q": 2.82,
            "eps_4q_growth_year": 10.69,
            "roe": 0.36,
            "roe_4q": 6.6899999999999995,
            "gross_profit": 1046022,
            "gross_margin": 9.74,
            "gross_margin_4q_avg": 11.82,
            "net_income": 292497,
            "net_income_4q": null,
            "revenue": 10740674,
            "revenue_4q": null,
            "common_shares": 16846646,
            "book_valuer_per_share": 40.96,
            "book_valuer_per_share_4q_avg": 43.76,
            "equity": 74968690,
            "current_ratio": 258.63,
            "debt_ratio": 19.41,
            "inventory_turnover_ratio": 1.15,
            "account_receivable_turnover_ratio": 1.87,
            "reinvestment_rate": -199.21,
            "research_to_sale_ratio": 0.21,
            "price_fair": 79.89,
            "eps_avg_yearly": 2.28,
            "eps_latest_yearly": 0.4,
            "eps_growth_yearly": 260.83
        },
        "20191": {
            "year_quarter": 20191,
            "year": 2019,
            "quarter": 1,
            "eps": 0.25,
            "eps_growth_year": 47.06,
            "eps_4q": 2.9,
            "eps_4q_growth_year": 17.96,
            "roe": 0.73,
            "roe_4q": 6.8999999999999995,
            "gross_profit": 1419653,
            "gross_margin": 12.11,
            "gross_margin_4q_avg": 11.84,
            "net_income": 561393,
            "net_income_4q": null,
            "revenue": 11718847,
            "revenue_4q": null,
            "common_shares": 16846646,
            "book_valuer_per_share": 42.75,
            "book_valuer_per_share_4q_avg": 43.91,
            "equity": 78215505,
            "current_ratio": 258.9,
            "debt_ratio": 19.73,
            "inventory_turnover_ratio": 1.19,
            "account_receivable_turnover_ratio": 1.98,
            "reinvestment_rate": -197.32,
            "research_to_sale_ratio": 0.19,
            "price_fair": 79.36,
            "eps_avg_yearly": 2.27,
            "eps_latest_yearly": 1,
            "eps_growth_yearly": 303.46
        },
        "20192": {
            "year_quarter": 20192,
            "year": 2019,
            "quarter": 2,
            "eps": 1.33,
            "eps_growth_year": 77.33,
            "eps_4q": 3.48,
            "eps_4q_growth_year": 114.94,
            "roe": 3.17,
            "roe_4q": 8.19,
            "gross_profit": 1579360,
            "gross_margin": 12.77,
            "gross_margin_4q_avg": 11.69,
            "net_income": 2418245,
            "net_income_4q": null,
            "revenue": 12370748,
            "revenue_4q": null,
            "common_shares": 16846646,
            "book_valuer_per_share": 40.68,
            "book_valuer_per_share_4q_avg": 43.45,
            "equity": 74256550,
            "current_ratio": 195.25,
            "debt_ratio": 24.11,
            "inventory_turnover_ratio": 1.27,
            "account_receivable_turnover_ratio": 1.92,
            "reinvestment_rate": -196.59,
            "research_to_sale_ratio": 0.2,
            "price_fair": 87.41,
            "eps_avg_yearly": 2.5,
            "eps_latest_yearly": 5.32,
            "eps_growth_yearly": 403.39
        },
        "20193": {
            "year_quarter": 20193,
            "year": 2019,
            "quarter": 3,
            "eps": 0.36,
            "eps_growth_year": -80.11,
            "eps_4q": 2.03,
            "eps_4q_growth_year": -31.53,
            "roe": 1.09,
            "roe_4q": 5.3500000000000005,
            "gross_profit": 1364479,
            "gross_margin": 12.03,
            "gross_margin_4q_avg": 11.66,
            "net_income": 785430,
            "net_income_4q": null,
            "revenue": 11340797,
            "revenue_4q": null,
            "common_shares": 16846646,
            "book_valuer_per_share": 37.79,
            "book_valuer_per_share_4q_avg": 40.55,
            "equity": 69491191,
            "current_ratio": 231.82,
            "debt_ratio": 22.2,
            "inventory_turnover_ratio": 1.18,
            "account_receivable_turnover_ratio": 1.71,
            "reinvestment_rate": -204.42,
            "research_to_sale_ratio": 0.24,
            "price_fair": 85.23,
            "eps_avg_yearly": 2.44,
            "eps_latest_yearly": 1.44,
            "eps_growth_yearly": 372.96
        },
        "20194": {
            "year_quarter": 20194,
            "year": 2019,
            "quarter": 4,
            "eps": 1.15,
            "eps_growth_year": 1048.41,
            "eps_4q": 3.08,
            "eps_4q_growth_year": 9.52,
            "roe": 3.09,
            "roe_4q": 8.08,
            "gross_profit": -603652,
            "gross_margin": -45.33,
            "gross_margin_4q_avg": -2.11,
            "net_income": 2064399,
            "net_income_4q": null,
            "revenue": 1331797,
            "revenue_4q": null,
            "common_shares": 16846646,
            "book_valuer_per_share": 38.17,
            "book_valuer_per_share_4q_avg": 39.85,
            "equity": 64223900,
            "current_ratio": 206.45,
            "debt_ratio": 20.48,
            "inventory_turnover_ratio": 0.23,
            "account_receivable_turnover_ratio": 0.27,
            "reinvestment_rate": -197.18,
            "research_to_sale_ratio": null,
            "price_fair": 92.14,
            "eps_avg_yearly": 2.63,
            "eps_latest_yearly": 4.6,
            "eps_growth_yearly": 438.07
        },
        "20201": {
            "year_quarter": 20201,
            "year": 2020,
            "quarter": 1,
            "eps": 0.21,
            "eps_growth_year": -16,
            "eps_4q": 3.04,
            "eps_4q_growth_year": 4.95,
            "roe": 0.58,
            "roe_4q": 7.93,
            "gross_profit": 1015910,
            "gross_margin": 11.83,
            "gross_margin_4q_avg": -2.18,
            "net_income": 354098,
            "net_income_4q": null,
            "revenue": 8588936,
            "revenue_4q": null,
            "common_shares": 16846646,
            "book_valuer_per_share": 34.02,
            "book_valuer_per_share_4q_avg": 37.67,
            "equity": 57245025,
            "current_ratio": 191.57,
            "debt_ratio": 22.17,
            "inventory_turnover_ratio": 0.97,
            "account_receivable_turnover_ratio": 2.24,
            "reinvestment_rate": -223.57,
            "research_to_sale_ratio": 0,
            "price_fair": 90.65,
            "eps_avg_yearly": 2.59,
            "eps_latest_yearly": 0.84,
            "eps_growth_yearly": 416.25
        },
        "20202": {
            "year_quarter": 20202,
            "year": 2020,
            "quarter": 2,
            "eps": 0.76,
            "eps_growth_year": -42.86,
            "eps_4q": 2.48,
            "eps_4q_growth_year": -28.86,
            "roe": 2.25,
            "roe_4q": 7.01,
            "gross_profit": 666115,
            "gross_margin": 10.34,
            "gross_margin_4q_avg": -2.78,
            "net_income": 1282792,
            "net_income_4q": null,
            "revenue": 6443074,
            "revenue_4q": null,
            "common_shares": 16846646,
            "book_valuer_per_share": 33.61,
            "book_valuer_per_share_4q_avg": 35.9,
            "equity": 56545499,
            "current_ratio": 138.95,
            "debt_ratio": 25.97,
            "inventory_turnover_ratio": 0.77,
            "account_receivable_turnover_ratio": 1.77,
            "reinvestment_rate": -200.28,
            "research_to_sale_ratio": null,
            "price_fair": 95.03,
            "eps_avg_yearly": 2.72,
            "eps_latest_yearly": 3.04,
            "eps_growth_yearly": 489.62
        },
        "20203": {
            "year_quarter": 20203,
            "year": 2020,
            "quarter": 3,
            "eps": 0.09,
            "eps_growth_year": -75,
            "eps_4q": 2.21,
            "eps_4q_growth_year": 8.72,
            "roe": 0.28,
            "roe_4q": 6.2,
            "gross_profit": 508594,
            "gross_margin": 7.71,
            "gross_margin_4q_avg": -3.86,
            "net_income": 151810,
            "net_income_4q": null,
            "revenue": 6595319,
            "revenue_4q": null,
            "common_shares": 16846646,
            "book_valuer_per_share": 31.7,
            "book_valuer_per_share_4q_avg": 34.38,
            "equity": 53334540,
            "current_ratio": 198.55,
            "debt_ratio": 25.15,
            "inventory_turnover_ratio": 0.85,
            "account_receivable_turnover_ratio": 2.2,
            "reinvestment_rate": -237.12,
            "research_to_sale_ratio": null,
            "price_fair": 85.23,
            "eps_avg_yearly": 2.44,
            "eps_latest_yearly": 0.36,
            "eps_growth_yearly": 376.23
        },
        "20204": {
            "year_quarter": 20204,
            "year": 2020,
            "quarter": 4,
            "eps": 0.18,
            "eps_growth_year": -84.14,
            "eps_4q": 1.25,
            "eps_4q_growth_year": -59.61,
            "roe": 0.53,
            "roe_4q": 3.64,
            "gross_profit": 822208,
            "gross_margin": 11.49,
            "gross_margin_4q_avg": 10.34,
            "net_income": 306606,
            "net_income_4q": null,
            "revenue": 7156163,
            "revenue_4q": null,
            "common_shares": 16846646,
            "book_valuer_per_share": 36.54,
            "book_valuer_per_share_4q_avg": 33.97,
            "equity": 61483588,
            "current_ratio": 203.22,
            "debt_ratio": 22.63,
            "inventory_turnover_ratio": 0.93,
            "account_receivable_turnover_ratio": 2.27,
            "reinvestment_rate": -281.84,
            "research_to_sale_ratio": null,
            "price_fair": 84.88,
            "eps_avg_yearly": 2.43,
            "eps_latest_yearly": 0.72,
            "eps_growth_yearly": 421.69
        },
        "20211": {
            "year_quarter": 20211,
            "year": 2021,
            "quarter": 1,
            "eps": 0.34,
            "eps_growth_year": 61.9,
            "eps_4q": 1.38,
            "eps_4q_growth_year": -54.77,
            "roe": 0.93,
            "roe_4q": 3.99,
            "gross_profit": 1090881,
            "gross_margin": 13.37,
            "gross_margin_4q_avg": 10.73,
            "net_income": 573912,
            "net_income_4q": null,
            "revenue": 8159917,
            "revenue_4q": null,
            "common_shares": 16846646,
            "book_valuer_per_share": 36.83,
            "book_valuer_per_share_4q_avg": 34.67,
            "equity": 61969086,
            "current_ratio": 210.45,
            "debt_ratio": 22.47,
            "inventory_turnover_ratio": 1.01,
            "account_receivable_turnover_ratio": 2.18,
            "reinvestment_rate": -261.77,
            "research_to_sale_ratio": null,
            "price_fair": 85.58,
            "eps_avg_yearly": 2.45,
            "eps_latest_yearly": 1.36,
            "eps_growth_yearly": 439.36
        },
        "20212": {
            "year_quarter": 20212,
            "year": 2021,
            "quarter": 2,
            "eps": 0.33,
            "eps_growth_year": -56.58,
            "eps_4q": 0.94,
            "eps_4q_growth_year": -62.08,
            "roe": 0.86,
            "roe_4q": 2.6000000000000005,
            "gross_profit": 1210636,
            "gross_margin": 14.06,
            "gross_margin_4q_avg": 11.66,
            "net_income": 547460,
            "net_income_4q": null,
            "revenue": 8609111,
            "revenue_4q": null,
            "common_shares": 16846646,
            "book_valuer_per_share": 38.49,
            "book_valuer_per_share_4q_avg": 35.89,
            "equity": 64753949,
            "current_ratio": 179.7,
            "debt_ratio": 23.21,
            "inventory_turnover_ratio": 1.05,
            "account_receivable_turnover_ratio": 2.06,
            "reinvestment_rate": -302.59,
            "research_to_sale_ratio": null,
            "price_fair": 74.64,
            "eps_avg_yearly": 2.13,
            "eps_latest_yearly": 1.32,
            "eps_growth_yearly": 311.71
        },
        "20213": {
            "year_quarter": 20213,
            "year": 2021,
            "quarter": 3,
            "eps": 0.4,
            "eps_growth_year": 344.44,
            "eps_4q": 1.24,
            "eps_4q_growth_year": -43.78,
            "roe": 1.03,
            "roe_4q": 3.3500000000000005,
            "gross_profit": 934819,
            "gross_margin": 12.33,
            "gross_margin_4q_avg": 12.81,
            "net_income": 664679,
            "net_income_4q": null,
            "revenue": 7579110,
            "revenue_4q": null,
            "common_shares": 16846646,
            "book_valuer_per_share": 38.08,
            "book_valuer_per_share_4q_avg": 37.49,
            "equity": 64069624,
            "current_ratio": 209.31,
            "debt_ratio": 22.51,
            "inventory_turnover_ratio": 0.91,
            "account_receivable_turnover_ratio": 1.96,
            "reinvestment_rate": -317.58,
            "research_to_sale_ratio": null,
            "price_fair": 74.29,
            "eps_avg_yearly": 2.12,
            "eps_latest_yearly": 1.6,
            "eps_growth_yearly": 335.05
        },
        "20214": {
            "year_quarter": 20214,
            "year": 2021,
            "quarter": 4,
            "eps": 0.21,
            "eps_growth_year": 16.47,
            "eps_4q": 1.27,
            "eps_4q_growth_year": 2.27,
            "roe": 0.57,
            "roe_4q": 3.39,
            "gross_profit": 937234,
            "gross_margin": 11.09,
            "gross_margin_4q_avg": 12.71,
            "net_income": 357116,
            "net_income_4q": null,
            "revenue": 8450869,
            "revenue_4q": null,
            "common_shares": 16846646,
            "book_valuer_per_share": 37,
            "book_valuer_per_share_4q_avg": 37.6,
            "equity": 62243859,
            "current_ratio": 223.83,
            "debt_ratio": 23.48,
            "inventory_turnover_ratio": 0.97,
            "account_receivable_turnover_ratio": 2.3,
            "reinvestment_rate": -344.73,
            "research_to_sale_ratio": null,
            "price_fair": 73.85,
            "eps_avg_yearly": 2.11,
            "eps_latest_yearly": 0.84,
            "eps_growth_yearly": 333.4
        },
        "20221": {
            "year_quarter": 20221,
            "year": 2022,
            "quarter": 1,
            "eps": 0.33,
            "eps_growth_year": -2.94,
            "eps_4q": 1.26,
            "eps_4q_growth_year": -8.15,
            "roe": 0.89,
            "roe_4q": 3.35,
            "gross_profit": 1025297,
            "gross_margin": 11.5,
            "gross_margin_4q_avg": 12.25,
            "net_income": 557205,
            "net_income_4q": null,
            "revenue": 8913782,
            "revenue_4q": null,
            "common_shares": 16846646,
            "book_valuer_per_share": 37.21,
            "book_valuer_per_share_4q_avg": 37.7,
            "equity": 62601694,
            "current_ratio": 222.64,
            "debt_ratio": 23.86,
            "inventory_turnover_ratio": 0.97,
            "account_receivable_turnover_ratio": 2.21,
            "reinvestment_rate": 5.27,
            "research_to_sale_ratio": null,
            "price_fair": 75.25,
            "eps_avg_yearly": 2.15,
            "eps_latest_yearly": 1.32,
            "eps_growth_yearly": 356.34
        },
        "20222": {
            "year_quarter": 20222,
            "year": 2022,
            "quarter": 2,
            "eps": 1.21,
            "eps_growth_year": 266.67,
            "eps_4q": 2.15,
            "eps_4q_growth_year": 128.73,
            "roe": 3.28,
            "roe_4q": 5.7700000000000005,
            "gross_profit": 981708,
            "gross_margin": 10.58,
            "gross_margin_4q_avg": 11.38,
            "net_income": 2034520,
            "net_income_4q": null,
            "revenue": 9281671,
            "revenue_4q": null,
            "common_shares": 16846646,
            "book_valuer_per_share": 36.61,
            "book_valuer_per_share_4q_avg": 37.23,
            "equity": 61595800,
            "current_ratio": 196.08,
            "debt_ratio": 26.41,
            "inventory_turnover_ratio": 0.96,
            "account_receivable_turnover_ratio": 2.19,
            "reinvestment_rate": 0.8,
            "research_to_sale_ratio": null,
            "price_fair": 79.28,
            "eps_avg_yearly": 2.27,
            "eps_latest_yearly": 4.84,
            "eps_growth_yearly": 337.71
        },
        "20223": {
            "year_quarter": 20223,
            "year": 2022,
            "quarter": 3,
            "eps": 0.35,
            "eps_growth_year": -12.5,
            "eps_4q": 2.1,
            "eps_4q_growth_year": 68.92,
            "roe": 0.98,
            "roe_4q": 5.72,
            "gross_profit": 866877,
            "gross_margin": 9.91,
            "gross_margin_4q_avg": 10.77,
            "net_income": 586109,
            "net_income_4q": null,
            "revenue": 8749831,
            "revenue_4q": null,
            "common_shares": 16846646,
            "book_valuer_per_share": 34.24,
            "book_valuer_per_share_4q_avg": 36.27,
            "equity": 57608805,
            "current_ratio": 225.4,
            "debt_ratio": 25.8,
            "inventory_turnover_ratio": 0.86,
            "account_receivable_turnover_ratio": 2.2,
            "reinvestment_rate": -2.44,
            "research_to_sale_ratio": null,
            "price_fair": 66.5,
            "eps_avg_yearly": 1.9,
            "eps_latest_yearly": 1.4,
            "eps_growth_yearly": 284.61
        },
        "20224": {
            "year_quarter": 20224,
            "year": 2022,
            "quarter": 4,
            "eps": 0.14,
            "eps_growth_year": -36.39,
            "eps_4q": 2.02,
            "eps_4q_growth_year": 58.88,
            "roe": 0.4,
            "roe_4q": 5.55,
            "gross_profit": 894869,
            "gross_margin": 11.51,
            "gross_margin_4q_avg": 10.88,
            "net_income": 227147,
            "net_income_4q": null,
            "revenue": 7777371,
            "revenue_4q": null,
            "common_shares": 16846646,
            "book_valuer_per_share": 33.15,
            "book_valuer_per_share_4q_avg": 35.3,
            "equity": 55767215,
            "current_ratio": 231.05,
            "debt_ratio": 26.05,
            "inventory_turnover_ratio": 0.73,
            "account_receivable_turnover_ratio": 2.32,
            "reinvestment_rate": -6.52,
            "research_to_sale_ratio": null,
            "price_fair": 66.85,
            "eps_avg_yearly": 1.91,
            "eps_latest_yearly": 0.56,
            "eps_growth_yearly": 293.23
        },
        "20231": {
            "year_quarter": 20231,
            "year": 2023,
            "quarter": 1,
            "eps": 0.05,
            "eps_growth_year": -84.85,
            "eps_4q": 1.74,
            "eps_4q_growth_year": 37.76,
            "roe": 0.15,
            "roe_4q": 4.81,
            "gross_profit": 802522,
            "gross_margin": 10.49,
            "gross_margin_4q_avg": 10.62,
            "net_income": 81603,
            "net_income_4q": null,
            "revenue": 7652703,
            "revenue_4q": null,
            "common_shares": 16846646,
            "book_valuer_per_share": 32.89,
            "book_valuer_per_share_4q_avg": 34.22,
            "equity": 55329855,
            "current_ratio": 191.83,
            "debt_ratio": 27.45,
            "inventory_turnover_ratio": 0.74,
            "account_receivable_turnover_ratio": 2.59,
            "reinvestment_rate": -8.54,
            "research_to_sale_ratio": null,
            "price_fair": 65.1,
            "eps_avg_yearly": 1.86,
            "eps_latest_yearly": 0.2,
            "eps_growth_yearly": 239.66
        },
        "20232": {
            "year_quarter": 20232,
            "year": 2023,
            "quarter": 2,
            "eps": 0.28,
            "eps_growth_year": -76.86,
            "eps_4q": 0.81,
            "eps_4q_growth_year": -62.34,
            "roe": 0.84,
            "roe_4q": 2.37,
            "gross_profit": 557896,
            "gross_margin": 7.72,
            "gross_margin_4q_avg": 9.91,
            "net_income": 466143,
            "net_income_4q": null,
            "revenue": 7228933,
            "revenue_4q": null,
            "common_shares": 16846646,
            "book_valuer_per_share": 32.96,
            "book_valuer_per_share_4q_avg": 33.31,
            "equity": 55447953,
            "current_ratio": 209.12,
            "debt_ratio": 26.59,
            "inventory_turnover_ratio": 0.78,
            "account_receivable_turnover_ratio": 2.59,
            "reinvestment_rate": -9.34,
            "research_to_sale_ratio": null,
            "price_fair": 55.91,
            "eps_avg_yearly": 1.6,
            "eps_latest_yearly": 1.12,
            "eps_growth_yearly": 246.66
        },
        "20233": {
            "year_quarter": 20233,
            "year": 2023,
            "quarter": 3,
            "eps": 0.03,
            "eps_growth_year": -91.43,
            "eps_4q": 0.49,
            "eps_4q_growth_year": -76.66,
            "roe": 0.09,
            "roe_4q": 1.48,
            "gross_profit": 611115,
            "gross_margin": 8.55,
            "gross_margin_4q_avg": 9.57,
            "net_income": 50110,
            "net_income_4q": null,
            "revenue": 7143501,
            "revenue_4q": null,
            "common_shares": 16846646,
            "book_valuer_per_share": 32.44,
            "book_valuer_per_share_4q_avg": 32.86,
            "equity": 54573010,
            "current_ratio": 289.5,
            "debt_ratio": 25.1,
            "inventory_turnover_ratio": 0.82,
            "account_receivable_turnover_ratio": 2.65,
            "reinvestment_rate": -15.59,
            "research_to_sale_ratio": null,
            "price_fair": 53.03,
            "eps_avg_yearly": 1.52,
            "eps_latest_yearly": 0.12,
            "eps_growth_yearly": 242.57
        },
        "20234": {
            "year_quarter": 20234,
            "year": 2023,
            "quarter": 4,
            "eps": -0.09,
            "eps_growth_year": -167.49,
            "eps_4q": 0.26,
            "eps_4q_growth_year": -86.94,
            "roe": -0.28,
            "roe_4q": 0.7999999999999999,
            "gross_profit": 558905,
            "gross_margin": 8.63,
            "gross_margin_4q_avg": 8.85,
            "net_income": -153302,
            "net_income_4q": null,
            "revenue": 6476372,
            "revenue_4q": null,
            "common_shares": 16846646,
            "book_valuer_per_share": 32.3,
            "book_valuer_per_share_4q_avg": 32.65,
            "equity": 54351972,
            "current_ratio": 290.34,
            "debt_ratio": 24.16,
            "inventory_turnover_ratio": 0.76,
            "account_receivable_turnover_ratio": 2.59,
            "reinvestment_rate": -12.41,
            "research_to_sale_ratio": null,
            "price_fair": 45.83,
            "eps_avg_yearly": 1.31,
            "eps_latest_yearly": 0.12,
            "eps_growth_yearly": 200.22
        }
    },
    "months": {
        "2001-06": {
            "month": "2001-06",
            "price": "12.52",
            "revenue": 1408064
        },
        "2001-07": {
            "month": "2001-07",
            "price": "10.00",
            "revenue": 1320398
        },
        "2001-08": {
            "month": "2001-08",
            "price": "9.61",
            "revenue": 1433609
        },
        "2001-09": {
            "month": "2001-09",
            "price": "8.87",
            "revenue": 1363940
        },
        "2001-10": {
            "month": "2001-10",
            "price": "8.70",
            "revenue": 1415292
        },
        "2001-11": {
            "month": "2001-11",
            "price": "8.84",
            "revenue": 1370491
        },
        "2001-12": {
            "month": "2001-12",
            "price": "9.95",
            "revenue": 1324850
        },
        "2002-01": {
            "month": "2002-01",
            "price": "12.26",
            "revenue": 1345052
        },
        "2002-02": {
            "month": "2002-02",
            "price": "13.53",
            "revenue": 1150120
        },
        "2002-03": {
            "month": "2002-03",
            "price": "14.23",
            "revenue": 1609803
        },
        "2002-04": {
            "month": "2002-04",
            "price": "14.40",
            "revenue": 1599749
        },
        "2002-05": {
            "month": "2002-05",
            "price": "13.91",
            "revenue": 1660971
        },
        "2002-06": {
            "month": "2002-06",
            "price": "14.36",
            "revenue": 1602199
        },
        "2002-07": {
            "month": "2002-07",
            "price": "14.76",
            "revenue": 1507729
        },
        "2002-08": {
            "month": "2002-08",
            "price": "14.12",
            "revenue": 1546975
        },
        "2002-09": {
            "month": "2002-09",
            "price": "12.90",
            "revenue": 1572862
        },
        "2002-10": {
            "month": "2002-10",
            "price": "12.65",
            "revenue": 1638714
        },
        "2002-11": {
            "month": "2002-11",
            "price": "14.12",
            "revenue": 1634789
        },
        "2002-12": {
            "month": "2002-12",
            "price": "14.37",
            "revenue": 1587141
        },
        "2003-01": {
            "month": "2003-01",
            "price": "16.06",
            "revenue": 1601865
        },
        "2003-02": {
            "month": "2003-02",
            "price": "14.73",
            "revenue": 1435142
        },
        "2003-03": {
            "month": "2003-03",
            "price": "14.31",
            "revenue": 1772211
        },
        "2003-04": {
            "month": "2003-04",
            "price": "13.98",
            "revenue": 1753595
        },
        "2003-05": {
            "month": "2003-05",
            "price": "13.33",
            "revenue": 1757191
        },
        "2003-06": {
            "month": "2003-06",
            "price": "14.27",
            "revenue": 1670987
        },
        "2003-07": {
            "month": "2003-07",
            "price": "13.70",
            "revenue": 1635147
        },
        "2003-08": {
            "month": "2003-08",
            "price": "13.59",
            "revenue": 1585915
        },
        "2003-09": {
            "month": "2003-09",
            "price": "13.35",
            "revenue": 1672182
        },
        "2003-10": {
            "month": "2003-10",
            "price": "13.73",
            "revenue": 1706034
        },
        "2003-11": {
            "month": "2003-11",
            "price": "14.58",
            "revenue": 1646766
        },
        "2003-12": {
            "month": "2003-12",
            "price": "14.55",
            "revenue": 1727049
        },
        "2004-01": {
            "month": "2004-01",
            "price": "14.90",
            "revenue": 1570210
        },
        "2004-02": {
            "month": "2004-02",
            "price": "15.54",
            "revenue": 1705447
        },
        "2004-03": {
            "month": "2004-03",
            "price": "15.69",
            "revenue": 1997740
        },
        "2004-04": {
            "month": "2004-04",
            "price": "15.74",
            "revenue": 2084327
        },
        "2004-05": {
            "month": "2004-05",
            "price": "13.86",
            "revenue": 2087921
        },
        "2004-06": {
            "month": "2004-06",
            "price": "13.82",
            "revenue": 2003566
        },
        "2004-07": {
            "month": "2004-07",
            "price": "13.78",
            "revenue": 2047495
        },
        "2004-08": {
            "month": "2004-08",
            "price": "13.38",
            "revenue": 2025973
        },
        "2004-09": {
            "month": "2004-09",
            "price": "15.11",
            "revenue": 2062408
        },
        "2004-10": {
            "month": "2004-10",
            "price": "15.74",
            "revenue": 2183335
        },
        "2004-11": {
            "month": "2004-11",
            "price": "15.02",
            "revenue": 2131199
        },
        "2004-12": {
            "month": "2004-12",
            "price": "16.06",
            "revenue": 2166060
        },
        "2005-01": {
            "month": "2005-01",
            "price": "16.25",
            "revenue": 2069079
        },
        "2005-02": {
            "month": "2005-02",
            "price": "16.23",
            "revenue": 1836606
        },
        "2005-03": {
            "month": "2005-03",
            "price": "16.64",
            "revenue": 2302906
        },
        "2005-04": {
            "month": "2005-04",
            "price": "16.02",
            "revenue": 2363377
        },
        "2005-05": {
            "month": "2005-05",
            "price": "15.62",
            "revenue": 2380210
        },
        "2005-06": {
            "month": "2005-06",
            "price": "15.88",
            "revenue": 2245918
        },
        "2005-07": {
            "month": "2005-07",
            "price": "15.90",
            "revenue": 2070065
        },
        "2005-08": {
            "month": "2005-08",
            "price": "14.85",
            "revenue": 2150763
        },
        "2005-09": {
            "month": "2005-09",
            "price": "14.68",
            "revenue": 1907441
        },
        "2005-10": {
            "month": "2005-10",
            "price": "14.32",
            "revenue": 2100678
        },
        "2005-11": {
            "month": "2005-11",
            "price": "14.98",
            "revenue": 2190267
        },
        "2005-12": {
            "month": "2005-12",
            "price": "16.04",
            "revenue": 2193028
        },
        "2006-01": {
            "month": "2006-01",
            "price": "17.04",
            "revenue": 2051742
        },
        "2006-02": {
            "month": "2006-02",
            "price": "17.42",
            "revenue": 1985574
        },
        "2006-03": {
            "month": "2006-03",
            "price": "16.72",
            "revenue": 2361521
        },
        "2006-04": {
            "month": "2006-04",
            "price": "17.27",
            "revenue": 2320322
        },
        "2006-05": {
            "month": "2006-05",
            "price": "17.66",
            "revenue": 2347671
        },
        "2006-06": {
            "month": "2006-06",
            "price": "16.16",
            "revenue": 2396419
        },
        "2006-07": {
            "month": "2006-07",
            "price": "16.81",
            "revenue": 2419134
        },
        "2006-08": {
            "month": "2006-08",
            "price": "16.29",
            "revenue": 2385732
        },
        "2006-09": {
            "month": "2006-09",
            "price": "16.72",
            "revenue": 2430070
        },
        "2006-10": {
            "month": "2006-10",
            "price": "17.66",
            "revenue": 2411164
        },
        "2006-11": {
            "month": "2006-11",
            "price": "20.61",
            "revenue": 2321611
        },
        "2006-12": {
            "month": "2006-12",
            "price": "23.70",
            "revenue": 2410312
        },
        "2007-01": {
            "month": "2007-01",
            "price": "24.27",
            "revenue": 2426709
        },
        "2007-02": {
            "month": "2007-02",
            "price": "25.70",
            "revenue": 2048179
        },
        "2007-03": {
            "month": "2007-03",
            "price": "26.50",
            "revenue": 2584440
        },
        "2007-04": {
            "month": "2007-04",
            "price": "30.66",
            "revenue": 2482109
        },
        "2007-05": {
            "month": "2007-05",
            "price": "30.94",
            "revenue": 2564460
        },
        "2007-06": {
            "month": "2007-06",
            "price": "32.59",
            "revenue": 2466047
        },
        "2007-07": {
            "month": "2007-07",
            "price": "37.58",
            "revenue": 2403342
        },
        "2007-08": {
            "month": "2007-08",
            "price": "36.01",
            "revenue": 2458093
        },
        "2007-09": {
            "month": "2007-09",
            "price": "37.26",
            "revenue": 2465047
        },
        "2007-10": {
            "month": "2007-10",
            "price": "37.05",
            "revenue": 2535449
        },
        "2007-11": {
            "month": "2007-11",
            "price": "34.40",
            "revenue": 2455736
        },
        "2007-12": {
            "month": "2007-12",
            "price": "32.15",
            "revenue": 2389515
        },
        "2008-01": {
            "month": "2008-01",
            "price": "31.07",
            "revenue": 2505035
        },
        "2008-02": {
            "month": "2008-02",
            "price": "29.90",
            "revenue": 2253711
        },
        "2008-03": {
            "month": "2008-03",
            "price": "32.35",
            "revenue": 2659383
        },
        "2008-04": {
            "month": "2008-04",
            "price": "35.03",
            "revenue": 2039531
        },
        "2008-05": {
            "month": "2008-05",
            "price": "33.91",
            "revenue": 2108151
        },
        "2008-06": {
            "month": "2008-06",
            "price": "31.43",
            "revenue": 2660388
        },
        "2008-07": {
            "month": "2008-07",
            "price": "26.55",
            "revenue": 2702841
        },
        "2008-08": {
            "month": "2008-08",
            "price": "23.50",
            "revenue": 2597095
        },
        "2008-09": {
            "month": "2008-09",
            "price": "21.44",
            "revenue": 2499645
        },
        "2008-10": {
            "month": "2008-10",
            "price": "18.78",
            "revenue": 2302691
        },
        "2008-11": {
            "month": "2008-11",
            "price": "18.48",
            "revenue": 1906788
        },
        "2008-12": {
            "month": "2008-12",
            "price": "17.77",
            "revenue": 1936323
        },
        "2009-01": {
            "month": "2009-01",
            "price": "16.93",
            "revenue": 1610049
        },
        "2009-02": {
            "month": "2009-02",
            "price": "15.98",
            "revenue": 1722155
        },
        "2009-03": {
            "month": "2009-03",
            "price": "17.11",
            "revenue": 2177748
        },
        "2009-04": {
            "month": "2009-04",
            "price": "19.98",
            "revenue": 2368009
        },
        "2009-05": {
            "month": "2009-05",
            "price": "23.11",
            "revenue": 2257582
        },
        "2009-06": {
            "month": "2009-06",
            "price": "23.14",
            "revenue": 2348905
        },
        "2009-07": {
            "month": "2009-07",
            "price": "22.38",
            "revenue": 2388463
        },
        "2009-08": {
            "month": "2009-08",
            "price": "21.06",
            "revenue": 2175610
        },
        "2009-09": {
            "month": "2009-09",
            "price": "21.09",
            "revenue": 2328062
        },
        "2009-10": {
            "month": "2009-10",
            "price": "22.55",
            "revenue": 2497083
        },
        "2009-11": {
            "month": "2009-11",
            "price": "23.29",
            "revenue": 2430829
        },
        "2009-12": {
            "month": "2009-12",
            "price": "24.31",
            "revenue": 2568352
        },
        "2010-01": {
            "month": "2010-01",
            "price": "25.03",
            "revenue": 2444880
        },
        "2010-02": {
            "month": "2010-02",
            "price": "23.06",
            "revenue": 2158409
        },
        "2010-03": {
            "month": "2010-03",
            "price": "24.70",
            "revenue": 2755116
        },
        "2010-04": {
            "month": "2010-04",
            "price": "25.48",
            "revenue": 2890599
        },
        "2010-05": {
            "month": "2010-05",
            "price": "23.00",
            "revenue": 2817770
        },
        "2010-06": {
            "month": "2010-06",
            "price": "22.81",
            "revenue": 2806866
        },
        "2010-07": {
            "month": "2010-07",
            "price": "24.01",
            "revenue": 2909874
        },
        "2010-08": {
            "month": "2010-08",
            "price": "24.65",
            "revenue": 2724805
        },
        "2010-09": {
            "month": "2010-09",
            "price": "25.21",
            "revenue": 2742761
        },
        "2010-10": {
            "month": "2010-10",
            "price": "27.16",
            "revenue": 2828853
        },
        "2010-11": {
            "month": "2010-11",
            "price": "27.90",
            "revenue": 2679013
        },
        "2010-12": {
            "month": "2010-12",
            "price": "28.11",
            "revenue": 3057604
        },
        "2011-01": {
            "month": "2011-01",
            "price": "28.95",
            "revenue": 2916966
        },
        "2011-02": {
            "month": "2011-02",
            "price": "28.63",
            "revenue": 2698348
        },
        "2011-03": {
            "month": "2011-03",
            "price": "27.79",
            "revenue": 3356874
        },
        "2011-04": {
            "month": "2011-04",
            "price": "30.19",
            "revenue": 3332954
        },
        "2011-05": {
            "month": "2011-05",
            "price": "30.61",
            "revenue": 3193544
        },
        "2011-06": {
            "month": "2011-06",
            "price": "30.75",
            "revenue": 3097433
        },
        "2011-07": {
            "month": "2011-07",
            "price": "33.12",
            "revenue": 3026818
        },
        "2011-08": {
            "month": "2011-08",
            "price": "29.20",
            "revenue": 2940187
        },
        "2011-09": {
            "month": "2011-09",
            "price": "28.49",
            "revenue": 2996821
        },
        "2011-10": {
            "month": "2011-10",
            "price": "27.68",
            "revenue": 2907761
        },
        "2011-11": {
            "month": "2011-11",
            "price": "27.70",
            "revenue": 2808188
        },
        "2011-12": {
            "month": "2011-12",
            "price": "27.93",
            "revenue": 2959823
        },
        "2012-01": {
            "month": "2012-01",
            "price": "28.02",
            "revenue": 2743102
        },
        "2012-02": {
            "month": "2012-02",
            "price": "28.78",
            "revenue": 2925444
        },
        "2012-03": {
            "month": "2012-03",
            "price": "29.18",
            "revenue": 3299759
        },
        "2012-04": {
            "month": "2012-04",
            "price": "27.38",
            "revenue": 3091699
        },
        "2012-05": {
            "month": "2012-05",
            "price": "27.24",
            "revenue": 3107909
        },
        "2012-06": {
            "month": "2012-06",
            "price": "26.19",
            "revenue": 2886172
        },
        "2012-07": {
            "month": "2012-07",
            "price": "26.69",
            "revenue": 2802157
        },
        "2012-08": {
            "month": "2012-08",
            "price": "27.46",
            "revenue": 2903241
        },
        "2012-09": {
            "month": "2012-09",
            "price": "27.70",
            "revenue": 2902059
        },
        "2012-10": {
            "month": "2012-10",
            "price": "27.30",
            "revenue": 2795396
        },
        "2012-11": {
            "month": "2012-11",
            "price": "26.85",
            "revenue": 2683084
        },
        "2012-12": {
            "month": "2012-12",
            "price": "27.56",
            "revenue": 2559290
        },
        "2013-01": {
            "month": "2013-01",
            "price": "28.00",
            "revenue": 3837836
        },
        "2013-02": {
            "month": "2013-02",
            "price": "28.88",
            "revenue": 3498273
        },
        "2013-03": {
            "month": "2013-03",
            "price": "28.02",
            "revenue": 4389181
        },
        "2013-04": {
            "month": "2013-04",
            "price": "27.40",
            "revenue": 4422574
        },
        "2013-05": {
            "month": "2013-05",
            "price": "27.82",
            "revenue": 4293428
        },
        "2013-06": {
            "month": "2013-06",
            "price": "27.95",
            "revenue": 3943318
        },
        "2013-07": {
            "month": "2013-07",
            "price": "28.39",
            "revenue": 3823785
        },
        "2013-08": {
            "month": "2013-08",
            "price": "27.20",
            "revenue": 3920986
        },
        "2013-09": {
            "month": "2013-09",
            "price": "28.32",
            "revenue": 3827790
        },
        "2013-10": {
            "month": "2013-10",
            "price": "34.40",
            "revenue": 3899104
        },
        "2013-11": {
            "month": "2013-11",
            "price": "36.73",
            "revenue": 3669062
        },
        "2013-12": {
            "month": "2013-12",
            "price": "35.77",
            "revenue": 3961981
        },
        "2014-01": {
            "month": "2014-01",
            "price": "33.38",
            "revenue": 3917121
        },
        "2014-02": {
            "month": "2014-02",
            "price": "32.16",
            "revenue": 3633812
        },
        "2014-03": {
            "month": "2014-03",
            "price": "32.12",
            "revenue": 4375460
        },
        "2014-04": {
            "month": "2014-04",
            "price": "32.80",
            "revenue": 4390204
        },
        "2014-05": {
            "month": "2014-05",
            "price": "31.60",
            "revenue": 4480184
        },
        "2014-06": {
            "month": "2014-06",
            "price": "32.94",
            "revenue": 4210426
        },
        "2014-07": {
            "month": "2014-07",
            "price": "33.69",
            "revenue": 3969838
        },
        "2014-08": {
            "month": "2014-08",
            "price": "31.19",
            "revenue": 3944844
        },
        "2014-09": {
            "month": "2014-09",
            "price": "30.71",
            "revenue": 3928669
        },
        "2014-10": {
            "month": "2014-10",
            "price": "29.20",
            "revenue": 4068712
        },
        "2014-11": {
            "month": "2014-11",
            "price": "30.12",
            "revenue": 3609443
        },
        "2014-12": {
            "month": "2014-12",
            "price": "30.02",
            "revenue": 3683494
        },
        "2015-01": {
            "month": "2015-01",
            "price": "31.57",
            "revenue": 3600445
        },
        "2015-02": {
            "month": "2015-02",
            "price": "32.91",
            "revenue": 3228027
        },
        "2015-03": {
            "month": "2015-03",
            "price": "32.47",
            "revenue": 4197184
        },
        "2015-04": {
            "month": "2015-04",
            "price": "34.06",
            "revenue": 4095437
        },
        "2015-05": {
            "month": "2015-05",
            "price": "35.37",
            "revenue": 3931541
        },
        "2015-06": {
            "month": "2015-06",
            "price": "32.88",
            "revenue": 3573970
        },
        "2015-07": {
            "month": "2015-07",
            "price": "31.55",
            "revenue": 3412706
        },
        "2015-08": {
            "month": "2015-08",
            "price": "28.60",
            "revenue": 3366216
        },
        "2015-09": {
            "month": "2015-09",
            "price": "29.86",
            "revenue": 3479075
        },
        "2015-10": {
            "month": "2015-10",
            "price": "32.64",
            "revenue": 3460114
        },
        "2015-11": {
            "month": "2015-11",
            "price": "31.83",
            "revenue": 3195854
        },
        "2015-12": {
            "month": "2015-12",
            "price": "29.86",
            "revenue": 3292087
        },
        "2016-01": {
            "month": "2016-01",
            "price": "28.57",
            "revenue": 3480744
        },
        "2016-02": {
            "month": "2016-02",
            "price": "29.97",
            "revenue": 3058649
        },
        "2016-03": {
            "month": "2016-03",
            "price": "31.51",
            "revenue": 3888208
        },
        "2016-04": {
            "month": "2016-04",
            "price": "30.07",
            "revenue": 3742459
        },
        "2016-05": {
            "month": "2016-05",
            "price": "29.35",
            "revenue": 3449394
        },
        "2016-06": {
            "month": "2016-06",
            "price": "31.07",
            "revenue": 3175045
        },
        "2016-07": {
            "month": "2016-07",
            "price": "31.36",
            "revenue": 3098595
        },
        "2016-08": {
            "month": "2016-08",
            "price": "29.97",
            "revenue": 3237872
        },
        "2016-09": {
            "month": "2016-09",
            "price": "29.96",
            "revenue": 3210671
        },
        "2016-10": {
            "month": "2016-10",
            "price": "29.49",
            "revenue": 3225615
        },
        "2016-11": {
            "month": "2016-11",
            "price": "28.51",
            "revenue": 3116077
        },
        "2016-12": {
            "month": "2016-12",
            "price": "29.47",
            "revenue": 3192913
        },
        "2017-01": {
            "month": "2017-01",
            "price": "30.19",
            "revenue": 3158639
        },
        "2017-02": {
            "month": "2017-02",
            "price": "30.64",
            "revenue": 3198296
        },
        "2017-03": {
            "month": "2017-03",
            "price": "31.58",
            "revenue": 3893610
        },
        "2017-04": {
            "month": "2017-04",
            "price": "31.88",
            "revenue": 3692040
        },
        "2017-05": {
            "month": "2017-05",
            "price": "31.10",
            "revenue": 3677235
        },
        "2017-06": {
            "month": "2017-06",
            "price": "30.64",
            "revenue": 3474269
        },
        "2017-07": {
            "month": "2017-07",
            "price": "31.00",
            "revenue": 3209179
        },
        "2017-08": {
            "month": "2017-08",
            "price": "30.28",
            "revenue": 3280071
        },
        "2017-09": {
            "month": "2017-09",
            "price": "30.68",
            "revenue": 3340026
        },
        "2017-10": {
            "month": "2017-10",
            "price": "31.14",
            "revenue": 3214669
        },
        "2017-11": {
            "month": "2017-11",
            "price": "30.51",
            "revenue": 3240401
        },
        "2017-12": {
            "month": "2017-12",
            "price": "30.63",
            "revenue": 3320274
        },
        "2018-01": {
            "month": "2018-01",
            "price": "32.31",
            "revenue": 3574397
        },
        "2018-02": {
            "month": "2018-02",
            "price": "31.17",
            "revenue": 2956909
        },
        "2018-03": {
            "month": "2018-03",
            "price": "31.54",
            "revenue": 4198303
        },
        "2018-04": {
            "month": "2018-04",
            "price": "32.70",
            "revenue": 3872055
        },
        "2018-05": {
            "month": "2018-05",
            "price": "33.55",
            "revenue": 4089179
        },
        "2018-06": {
            "month": "2018-06",
            "price": "34.36",
            "revenue": 3777686
        },
        "2018-07": {
            "month": "2018-07",
            "price": "32.71",
            "revenue": 3688399
        },
        "2018-08": {
            "month": "2018-08",
            "price": "33.23",
            "revenue": 3878122
        },
        "2018-09": {
            "month": "2018-09",
            "price": "35.72",
            "revenue": 3774128
        },
        "2018-10": {
            "month": "2018-10",
            "price": "34.19",
            "revenue": 3625792
        },
        "2018-11": {
            "month": "2018-11",
            "price": "33.94",
            "revenue": 3565075
        },
        "2018-12": {
            "month": "2018-12",
            "price": "34.38",
            "revenue": 3549899
        },
        "2019-01": {
            "month": "2019-01",
            "price": "34.89",
            "revenue": 3887745
        },
        "2019-02": {
            "month": "2019-02",
            "price": "34.92",
            "revenue": 3412786
        },
        "2019-03": {
            "month": "2019-03",
            "price": "36.22",
            "revenue": 4419100
        },
        "2019-04": {
            "month": "2019-04",
            "price": "36.26",
            "revenue": 4285409
        },
        "2019-05": {
            "month": "2019-05",
            "price": "37.61",
            "revenue": 4291437
        },
        "2019-06": {
            "month": "2019-06",
            "price": "38.96",
            "revenue": 3793341
        },
        "2019-07": {
            "month": "2019-07",
            "price": "37.51",
            "revenue": 3680586
        },
        "2019-08": {
            "month": "2019-08",
            "price": "34.23",
            "revenue": 3896673
        },
        "2019-09": {
            "month": "2019-09",
            "price": "34.44",
            "revenue": 3769017
        },
        "2019-10": {
            "month": "2019-10",
            "price": "34.69",
            "revenue": 3664005
        },
        "2019-11": {
            "month": "2019-11",
            "price": "34.33",
            "revenue": 3508985
        },
        "2019-12": {
            "month": "2019-12",
            "price": "34.08",
            "revenue": 3044939
        },
        "2020-01": {
            "month": "2020-01",
            "price": "34.15",
            "revenue": 2648364
        },
        "2020-02": {
            "month": "2020-02",
            "price": "33.89",
            "revenue": 2869596
        },
        "2020-03": {
            "month": "2020-03",
            "price": "30.96",
            "revenue": 3071375
        },
        "2020-04": {
            "month": "2020-04",
            "price": "32.06",
            "revenue": 2406454
        },
        "2020-05": {
            "month": "2020-05",
            "price": "33.81",
            "revenue": 2025420
        },
        "2020-06": {
            "month": "2020-06",
            "price": "37.82",
            "revenue": 2030628
        },
        "2020-07": {
            "month": "2020-07",
            "price": "33.57",
            "revenue": 2081782
        },
        "2020-08": {
            "month": "2020-08",
            "price": "30.63",
            "revenue": 2189192
        },
        "2020-09": {
            "month": "2020-09",
            "price": "31.60",
            "revenue": 2328734
        },
        "2020-10": {
            "month": "2020-10",
            "price": "31.38",
            "revenue": 2374609
        },
        "2020-11": {
            "month": "2020-11",
            "price": "31.65",
            "revenue": 2253131
        },
        "2020-12": {
            "month": "2020-12",
            "price": "30.58",
            "revenue": 2527585
        },
        "2021-01": {
            "month": "2021-01",
            "price": "29.99",
            "revenue": 2591722
        },
        "2021-02": {
            "month": "2021-02",
            "price": "29.89",
            "revenue": 2283006
        },
        "2021-03": {
            "month": "2021-03",
            "price": "30.63",
            "revenue": 3284511
        },
        "2021-04": {
            "month": "2021-04",
            "price": "31.99",
            "revenue": 3090691
        },
        "2021-05": {
            "month": "2021-05",
            "price": "31.46",
            "revenue": 2935975
        },
        "2021-06": {
            "month": "2021-06",
            "price": "31.78",
            "revenue": 2583016
        },
        "2021-07": {
            "month": "2021-07",
            "price": "32.41",
            "revenue": 2620085
        },
        "2021-08": {
            "month": "2021-08",
            "price": "30.86",
            "revenue": 2453091
        },
        "2021-09": {
            "month": "2021-09",
            "price": "30.18",
            "revenue": 2510703
        },
        "2021-10": {
            "month": "2021-10",
            "price": "30.07",
            "revenue": 2722623
        },
        "2021-11": {
            "month": "2021-11",
            "price": "29.53",
            "revenue": 2767029
        },
        "2021-12": {
            "month": "2021-12",
            "price": "28.85",
            "revenue": 2962335
        },
        "2022-01": {
            "month": "2022-01",
            "price": "28.91",
            "revenue": 2904198
        },
        "2022-02": {
            "month": "2022-02",
            "price": "28.81",
            "revenue": 2669478
        },
        "2022-03": {
            "month": "2022-03",
            "price": "28.29",
            "revenue": 3340529
        },
        "2022-04": {
            "month": "2022-04",
            "price": "27.70",
            "revenue": 3285328
        },
        "2022-05": {
            "month": "2022-05",
            "price": "26.50",
            "revenue": 3088377
        },
        "2022-06": {
            "month": "2022-06",
            "price": "26.63",
            "revenue": 2908460
        },
        "2022-07": {
            "month": "2022-07",
            "price": "26.17",
            "revenue": 2957701
        },
        "2022-08": {
            "month": "2022-08",
            "price": "26.89",
            "revenue": 2965754
        },
        "2022-09": {
            "month": "2022-09",
            "price": "27.15",
            "revenue": 2814635
        },
        "2022-10": {
            "month": "2022-10",
            "price": "26.16",
            "revenue": 2626721
        },
        "2022-11": {
            "month": "2022-11",
            "price": "26.21",
            "revenue": 2512236
        },
        "2022-12": {
            "month": "2022-12",
            "price": "26.44",
            "revenue": 2632228
        },
        "2023-01": {
            "month": "2023-01",
            "price": "26.85",
            "revenue": 2465734
        },
        "2023-02": {
            "month": "2023-02",
            "price": "27.41",
            "revenue": 2460970
        },
        "2023-03": {
            "month": "2023-03",
            "price": "27.82",
            "revenue": 2725747
        },
        "2023-04": {
            "month": "2023-04",
            "price": "28.20",
            "revenue": 2449859
        },
        "2023-05": {
            "month": "2023-05",
            "price": "27.94",
            "revenue": 2473663
        },
        "2023-06": {
            "month": "2023-06",
            "price": "28.04",
            "revenue": 2304846
        },
        "2023-07": {
            "month": "2023-07",
            "price": "26.86",
            "revenue": 2256531
        },
        "2023-08": {
            "month": "2023-08",
            "price": "25.78",
            "revenue": 2477621
        },
        "2023-09": {
            "month": "2023-09",
            "price": "25.65",
            "revenue": 2407270
        },
        "2023-10": {
            "month": "2023-10",
            "price": "25.41",
            "revenue": 2217809
        },
        "2023-11": {
            "month": "2023-11",
            "price": "25.41",
            "revenue": 2030563
        },
        "2023-12": {
            "month": "2023-12",
            "price": "25.37",
            "revenue": 2224206
        },
        "2024-01": {
            "month": "2024-01",
            "price": "24.50",
            "revenue": 2377190
        },
        "2024-02": {
            "month": "2024-02",
            "price": "23.87",
            "revenue": 2163422
        }
    }
}
