{
    "summary": {
        "stock_name": "中福",
        "stock_id": "1435",
        "category": "其他",
        "main_business": "倉儲業<br>國際貿易,服飾批發,煙酒零售<br>電信器材批發業,電子材料批發業",
        "website_url": "http://www.chungfutex.com.tw",
        "ceo": "陸榮木",
        "pe_ratio": -10,
        "report_year_from": 2001,
        "report_year_to": 2023,
        "age": 22,
        "eps_negative_percentage": 65,
        "eps_growth_avg": {
            "last_all": -100,
            "last_2y": -100,
            "last_4y": -100,
            "last_8y": -100,
            "last_12y": -100,
            "last_16y": -100,
            "last_20y": -100,
            "at_2006_last_3y": -100,
            "at_2007_last_3y": -100,
            "at_2008_last_3y": -100,
            "at_2009_last_3y": -100,
            "at_2010_last_3y": -100,
            "at_2011_last_3y": -100,
            "at_2012_last_3y": -100,
            "at_2013_last_3y": -100,
            "at_2014_last_3y": -100,
            "at_2015_last_3y": -100,
            "at_2016_last_3y": -100,
            "at_2017_last_3y": null,
            "at_2018_last_3y": null,
            "at_2019_last_3y": null,
            "at_2020_last_3y": -100,
            "at_2021_last_3y": -100,
            "at_2022_last_3y": -100,
            "at_2023_last_3y": -100,
            "at_2006_last_all": -100,
            "at_2007_last_all": -100,
            "at_2008_last_all": -100,
            "at_2009_last_all": -100,
            "at_2010_last_all": -100,
            "at_2011_last_all": -100,
            "at_2012_last_all": -100,
            "at_2013_last_all": -100,
            "at_2014_last_all": -100,
            "at_2015_last_all": -100,
            "at_2016_last_all": -100,
            "at_2017_last_all": -100,
            "at_2018_last_all": -100,
            "at_2019_last_all": -100,
            "at_2020_last_all": -100,
            "at_2021_last_all": -100,
            "at_2022_last_all": -100,
            "at_2023_last_all": -100
        },
        "latest_eps": -3.66,
        "latest_price": 38.35,
        "latest_roe": 0,
        "latest_gross_margin": 88.41,
        "latest_equity": 993674,
        "latest_revenue": 2251,
        "latest_gross_profit": 1990,
        "latest_net_income": -18915,
        "latest_debt_ratio": 16.04,
        "latest_current_ratio": 4734.65,
        "latest_account_receivable_turnover_ratio": 1.58,
        "latest_inventory_turnover_ratio": 0.05,
        "latest_reinvestment_rate": null,
        "latest_research_to_sale_ratio": null
    },
    "eps_dividends": {
        "1990": {
            "cash": 0,
            "stock": 1.5,
            "eps": 0
        },
        "1991": {
            "cash": 0,
            "stock": 0.8,
            "eps": 0
        },
        "1995": {
            "cash": 0,
            "stock": 0.6,
            "eps": 0
        },
        "1998": {
            "cash": 0,
            "stock": 1.1,
            "eps": 0
        },
        "2001": {
            "cash": 0,
            "stock": 0,
            "eps": -0.4
        },
        "2002": {
            "cash": 0,
            "stock": 0,
            "eps": -0.85
        },
        "2003": {
            "cash": 0,
            "stock": 0,
            "eps": 0.21
        },
        "2004": {
            "cash": 0,
            "stock": 0,
            "eps": -0.9
        },
        "2005": {
            "cash": 0,
            "stock": 0,
            "eps": 0.08
        },
        "2006": {
            "cash": 0,
            "stock": 0,
            "eps": -5.3
        },
        "2007": {
            "cash": 0,
            "stock": 0,
            "eps": 0.11
        },
        "2008": {
            "cash": 0,
            "stock": 0,
            "eps": -0.04
        },
        "2009": {
            "cash": 0,
            "stock": 0,
            "eps": -0.33
        },
        "2010": {
            "cash": 0,
            "stock": 0,
            "eps": 2.63
        },
        "2011": {
            "cash": 0,
            "stock": 0,
            "eps": -0.03
        },
        "2012": {
            "cash": 0,
            "stock": 0,
            "eps": 0.01
        },
        "2013": {
            "cash": 0,
            "stock": 0,
            "eps": -0.09
        },
        "2014": {
            "cash": 0,
            "stock": 0,
            "eps": -0.02
        },
        "2015": {
            "cash": 0,
            "stock": 0,
            "eps": -0.03
        },
        "2016": {
            "cash": 0,
            "stock": 0,
            "eps": -0.05
        },
        "2017": {
            "cash": 0,
            "stock": 0,
            "eps": 0
        },
        "2018": {
            "cash": 0,
            "stock": 0,
            "eps": -0.1
        },
        "2019": {
            "cash": 0,
            "stock": 0,
            "eps": 0.17
        },
        "2020": {
            "cash": 0,
            "stock": 0,
            "eps": -0.17
        },
        "2021": {
            "cash": 0,
            "stock": 0,
            "eps": 0.03
        },
        "2022": {
            "cash": 0,
            "stock": 0,
            "eps": -2.61
        },
        "2023": {
            "cash": 0,
            "stock": 0,
            "eps": -0.16
        }
    },
    "dividends": {
        "1990-05-30": {
            "cash": 0,
            "stock": 1.5
        },
        "1991-06-15": {
            "cash": 0,
            "stock": 0.8
        },
        "1995-05-25": {
            "cash": 0,
            "stock": 0.6
        },
        "1998-06-18": {
            "cash": 0,
            "stock": 1.1
        }
    },
    "prices": {
        "200101": "9.97",
        "200102": "9.43",
        "200103": "9.02",
        "200104": "9.73",
        "200105": "9.46",
        "200106": "10.92",
        "200107": "11.22",
        "200108": "11.25",
        "200109": "10.78",
        "200110": "11.16",
        "200111": "11.10",
        "200112": "11.69",
        "200201": "11.48",
        "200202": "12.04",
        "200203": "12.17",
        "200204": "12.17",
        "200205": "11.82",
        "200206": "11.52",
        "200207": "10.80",
        "200208": "10.20",
        "200209": "9.66",
        "200210": "9.21",
        "200211": "9.21",
        "200212": "11.12",
        "200301": "10.37",
        "200302": "10.08",
        "200303": "10.17",
        "200304": "9.88",
        "200305": "9.67",
        "200306": "13.18",
        "200307": "11.53",
        "200308": "9.01",
        "200309": "11.61",
        "200310": "12.47",
        "200311": "10.15",
        "200312": "10.72",
        "200401": "10.18",
        "200402": "11.36",
        "200403": "9.81",
        "200404": "8.68",
        "200405": "6.96",
        "200406": "8.04",
        "200407": "7.37",
        "200408": "6.23",
        "200409": "6.03",
        "200410": "5.76",
        "200411": "5.52",
        "200412": "6.19",
        "200501": "6.02",
        "200502": "6.07",
        "200503": "6.59",
        "200504": "6.25",
        "200505": "5.24",
        "200506": "6.20",
        "200507": "7.49",
        "200508": "9.77",
        "200509": "11.13",
        "200510": "13.62",
        "200511": "15.38",
        "200512": "14.96",
        "200601": "14.44",
        "200602": "14.69",
        "200603": "14.01",
        "200604": "13.59",
        "200605": "11.40",
        "200606": "10.04",
        "200607": "8.98",
        "200608": "5.99",
        "200609": "5.14",
        "200610": "5.20",
        "200611": "5.23",
        "200612": "6.10",
        "200701": "6.53",
        "200702": "6.25",
        "200703": "6.51",
        "200704": "6.99",
        "200705": "7.96",
        "200706": "10.38",
        "200707": "14.50",
        "200708": "12.07",
        "200709": "10.62",
        "200710": "8.79",
        "200711": "6.12",
        "200712": "5.57",
        "200801": "5.63",
        "200802": "5.32",
        "200803": "6.01",
        "200804": "6.46",
        "200805": "7.47",
        "200806": "6.54",
        "200807": "5.54",
        "200808": "5.33",
        "200809": "3.70",
        "200810": "2.44",
        "200811": "2.26",
        "200812": "2.09",
        "200901": "1.93",
        "200902": "1.88",
        "200903": "2.68",
        "200904": "3.59",
        "200905": "3.39",
        "200906": "2.99",
        "200907": "2.95",
        "200908": "2.93",
        "200909": "3.27",
        "200910": "4.13",
        "200911": "4.89",
        "200912": "4.62",
        "201001": "4.97",
        "201002": "4.36",
        "201003": "4.48",
        "201004": "4.77",
        "201005": "5.84",
        "201006": "6.04",
        "201007": "6.43",
        "201008": "9.39",
        "201009": "10.21",
        "201010": "9.09",
        "201011": "7.92",
        "201012": "8.23",
        "201101": "8.20",
        "201102": "7.58",
        "201103": "6.52",
        "201104": "6.51",
        "201105": "6.62",
        "201106": "5.98",
        "201107": "5.15",
        "201108": "4.35",
        "201109": "3.94",
        "201110": "3.85",
        "201111": "3.80",
        "201112": "3.36",
        "201201": "3.35",
        "201202": "4.17",
        "201203": "4.13",
        "201204": "3.72",
        "201205": "3.62",
        "201206": "3.42",
        "201207": "3.34",
        "201208": "3.51",
        "201209": "5.06",
        "201210": "6.73",
        "201211": "7.14",
        "201212": "6.93",
        "201301": "6.76",
        "201302": "6.59",
        "201303": "6.42",
        "201304": "5.87",
        "201305": "6.23",
        "201306": "6.30",
        "201307": "5.98",
        "201308": "5.87",
        "201309": "6.09",
        "201310": "6.53",
        "201311": "6.16",
        "201312": "6.55",
        "201401": "6.61",
        "201402": "6.89",
        "201403": "6.97",
        "201404": "6.69",
        "201405": "6.29",
        "201406": "6.30",
        "201407": "6.38",
        "201408": "6.31",
        "201409": "6.15",
        "201410": "5.76",
        "201411": "5.76",
        "201412": "6.01",
        "201501": "5.95",
        "201502": "5.96",
        "201503": "6.24",
        "201504": "6.18",
        "201505": "6.14",
        "201506": "5.84",
        "201507": "5.43",
        "201508": "4.83",
        "201509": "4.72",
        "201510": "4.99",
        "201511": "4.82",
        "201512": "4.67",
        "201601": "4.82",
        "201602": "4.65",
        "201603": "4.87",
        "201604": "4.74",
        "201605": "4.44",
        "201606": "4.18",
        "201607": "4.43",
        "201608": "4.43",
        "201609": "4.43",
        "201610": "4.31",
        "201611": "4.22",
        "201612": "4.21",
        "201701": "4.32",
        "201702": "6.23",
        "201703": "6.09",
        "201704": "5.80",
        "201705": "5.34",
        "201706": "5.47",
        "201707": "5.28",
        "201708": "5.21",
        "201709": "5.42",
        "201710": "5.46",
        "201711": "5.49",
        "201712": "5.36",
        "201801": "5.56",
        "201802": "5.41",
        "201803": "5.58",
        "201804": "5.68",
        "201805": "5.52",
        "201806": "5.53",
        "201807": "5.45",
        "201808": "5.37",
        "201809": "5.44",
        "201810": "5.39",
        "201811": "5.42",
        "201812": "5.54",
        "201901": "5.44",
        "201902": "5.49",
        "201903": "5.50",
        "201904": "5.40",
        "201905": "5.42",
        "201906": "5.37",
        "201907": "5.38",
        "201908": "5.53",
        "201909": "5.69",
        "201910": "6.14",
        "201911": "6.62",
        "201912": "7.11",
        "202001": "7.44",
        "202002": "8.41",
        "202003": "7.97",
        "202004": "7.66",
        "202005": "8.15",
        "202006": "8.63",
        "202007": "8.77",
        "202008": "9.14",
        "202009": "11.81",
        "202010": "17.39",
        "202011": "20.14",
        "202012": "21.89",
        "202101": "28.30",
        "202102": "26.35",
        "202103": "24.82",
        "202104": "24.56",
        "202105": "18.50",
        "202106": "19.89",
        "202107": "20.65",
        "202108": "21.63",
        "202109": "22.04",
        "202110": "23.56",
        "202111": "25.95",
        "202112": "28.48",
        "202201": "29.67",
        "202202": "35.92",
        "202203": "57.21",
        "202204": "54.29",
        "202205": "49.29",
        "202206": "53.25",
        "202207": "57.82",
        "202208": "51.73",
        "202209": "無",
        "202210": "無",
        "202211": "無",
        "202212": "無",
        "202301": "無",
        "202302": "無",
        "202303": "34.16",
        "202304": "27.42",
        "202305": "無",
        "202306": "無",
        "202307": "無",
        "202308": "無",
        "202309": "33.48"
    },
    "quarters": {
        "20011": {
            "year_quarter": 20011,
            "year": 2001,
            "quarter": 1,
            "eps": -0.11,
            "eps_growth_year": -140.74,
            "eps_4q": -1.05,
            "eps_4q_growth_year": -264.52,
            "roe": -1.08,
            "roe_4q": -1.08,
            "gross_profit": -21070,
            "gross_margin": -24.75,
            "gross_margin_4q_avg": -24.75,
            "net_income": -15225,
            "revenue": 85148,
            "common_shares": 1397801,
            "book_valuer_per_share": 9.96,
            "book_valuer_per_share_4q_avg": 9.96,
            "equity": 1391544,
            "current_ratio": 204.41,
            "debt_ratio": 19.66,
            "inventory_turnover_ratio": 0.48,
            "account_receivable_turnover_ratio": null,
            "reinvestment_rate": null,
            "research_to_sale_ratio": null,
            "price_fair": 0,
            "eps_avg_yearly": 0,
            "eps_latest_yearly": 0,
            "eps_growth_yearly": 0
        },
        "20012": {
            "year_quarter": 20012,
            "year": 2001,
            "quarter": 2,
            "eps": 0.19,
            "eps_growth_year": null,
            "eps_4q": -0.57,
            "eps_4q_growth_year": -814.19,
            "roe": 1.79,
            "roe_4q": 0.71,
            "gross_profit": 1676,
            "gross_margin": 3.08,
            "gross_margin_4q_avg": -10.84,
            "net_income": 26325,
            "revenue": 54487,
            "common_shares": 1397801,
            "book_valuer_per_share": 11.1,
            "book_valuer_per_share_4q_avg": 10.53,
            "equity": 1551147,
            "current_ratio": 131.64,
            "debt_ratio": 24.49,
            "inventory_turnover_ratio": 0.36,
            "account_receivable_turnover_ratio": null,
            "reinvestment_rate": null,
            "research_to_sale_ratio": null,
            "price_fair": 0,
            "eps_avg_yearly": 0,
            "eps_latest_yearly": 0,
            "eps_growth_yearly": 0
        },
        "20013": {
            "year_quarter": 20013,
            "year": 2001,
            "quarter": 3,
            "eps": -0.33,
            "eps_growth_year": null,
            "eps_4q": -0.59,
            "eps_4q_growth_year": null,
            "roe": -3.03,
            "roe_4q": -2.32,
            "gross_profit": 2716,
            "gross_margin": 3.35,
            "gross_margin_4q_avg": -6.11,
            "net_income": -46252,
            "revenue": 81051,
            "common_shares": 1397801,
            "book_valuer_per_share": 10.73,
            "book_valuer_per_share_4q_avg": 10.6,
            "equity": 1499265,
            "current_ratio": 93.88,
            "debt_ratio": 27.41,
            "inventory_turnover_ratio": 0.64,
            "account_receivable_turnover_ratio": null,
            "reinvestment_rate": null,
            "research_to_sale_ratio": null,
            "price_fair": 0,
            "eps_avg_yearly": 0,
            "eps_latest_yearly": 0,
            "eps_growth_yearly": 0
        },
        "20014": {
            "year_quarter": 20014,
            "year": 2001,
            "quarter": 4,
            "eps": -0.15,
            "eps_growth_year": null,
            "eps_4q": -0.4,
            "eps_4q_growth_year": null,
            "roe": -1.49,
            "roe_4q": -3.8099999999999996,
            "gross_profit": 5938,
            "gross_margin": 3.49,
            "gross_margin_4q_avg": -3.71,
            "net_income": -20995,
            "revenue": 169974,
            "common_shares": 1397801,
            "book_valuer_per_share": 9.08,
            "book_valuer_per_share_4q_avg": 10.22,
            "equity": 1326276,
            "current_ratio": 51.9,
            "debt_ratio": 44.44,
            "inventory_turnover_ratio": 1.25,
            "account_receivable_turnover_ratio": null,
            "reinvestment_rate": null,
            "research_to_sale_ratio": null,
            "price_fair": 0,
            "eps_avg_yearly": 0,
            "eps_latest_yearly": 0,
            "eps_growth_yearly": 0
        },
        "20021": {
            "year_quarter": 20021,
            "year": 2002,
            "quarter": 1,
            "eps": 0,
            "eps_growth_year": null,
            "eps_4q": -0.3,
            "eps_4q_growth_year": null,
            "roe": -0.03,
            "roe_4q": -2.76,
            "gross_profit": 7848,
            "gross_margin": 4.37,
            "gross_margin_4q_avg": 3.57,
            "net_income": -329,
            "revenue": 179535,
            "common_shares": 1397801,
            "book_valuer_per_share": 7.91,
            "book_valuer_per_share_4q_avg": 9.71,
            "equity": 1105254,
            "current_ratio": 99.14,
            "debt_ratio": 35.99,
            "inventory_turnover_ratio": 1.31,
            "account_receivable_turnover_ratio": null,
            "reinvestment_rate": null,
            "research_to_sale_ratio": null,
            "price_fair": 0,
            "eps_avg_yearly": 0,
            "eps_latest_yearly": 0,
            "eps_growth_yearly": 0
        },
        "20022": {
            "year_quarter": 20022,
            "year": 2002,
            "quarter": 2,
            "eps": -0.22,
            "eps_growth_year": -215.79,
            "eps_4q": -0.65,
            "eps_4q_growth_year": null,
            "roe": -2.1,
            "roe_4q": -6.65,
            "gross_profit": 9343,
            "gross_margin": 4.33,
            "gross_margin_4q_avg": 3.89,
            "net_income": -23012,
            "revenue": 215633,
            "common_shares": 1397801,
            "book_valuer_per_share": 7.75,
            "book_valuer_per_share_4q_avg": 8.87,
            "equity": 1082666,
            "current_ratio": 81.91,
            "debt_ratio": 42.26,
            "inventory_turnover_ratio": 1.74,
            "account_receivable_turnover_ratio": null,
            "reinvestment_rate": null,
            "research_to_sale_ratio": null,
            "price_fair": 0,
            "eps_avg_yearly": 0,
            "eps_latest_yearly": 0,
            "eps_growth_yearly": 0
        },
        "20023": {
            "year_quarter": 20023,
            "year": 2002,
            "quarter": 3,
            "eps": -0.33,
            "eps_growth_year": null,
            "eps_4q": -0.57,
            "eps_4q_growth_year": null,
            "roe": -3.27,
            "roe_4q": -6.890000000000001,
            "gross_profit": 4947,
            "gross_margin": 2.84,
            "gross_margin_4q_avg": 3.76,
            "net_income": -34738,
            "revenue": 174252,
            "common_shares": 1397801,
            "book_valuer_per_share": 7.47,
            "book_valuer_per_share_4q_avg": 8.05,
            "equity": 1043818,
            "current_ratio": 94.71,
            "debt_ratio": 42.9,
            "inventory_turnover_ratio": 1.4,
            "account_receivable_turnover_ratio": null,
            "reinvestment_rate": null,
            "research_to_sale_ratio": null,
            "price_fair": 0,
            "eps_avg_yearly": 0,
            "eps_latest_yearly": 0,
            "eps_growth_yearly": 0
        },
        "20024": {
            "year_quarter": 20024,
            "year": 2002,
            "quarter": 4,
            "eps": -0.3,
            "eps_growth_year": null,
            "eps_4q": -0.85,
            "eps_4q_growth_year": null,
            "roe": -2.97,
            "roe_4q": -8.37,
            "gross_profit": 7258,
            "gross_margin": 3.75,
            "gross_margin_4q_avg": 3.82,
            "net_income": -31630,
            "revenue": 193715,
            "common_shares": 1397801,
            "book_valuer_per_share": 7.37,
            "book_valuer_per_share_4q_avg": 7.63,
            "equity": 1086250,
            "current_ratio": 50.01,
            "debt_ratio": 51.53,
            "inventory_turnover_ratio": 1.49,
            "account_receivable_turnover_ratio": null,
            "reinvestment_rate": null,
            "research_to_sale_ratio": null,
            "price_fair": 0,
            "eps_avg_yearly": 0,
            "eps_latest_yearly": 0,
            "eps_growth_yearly": 0
        },
        "20031": {
            "year_quarter": 20031,
            "year": 2003,
            "quarter": 1,
            "eps": -0.06,
            "eps_growth_year": null,
            "eps_4q": -0.97,
            "eps_4q_growth_year": null,
            "roe": -0.55,
            "roe_4q": -8.89,
            "gross_profit": 15607,
            "gross_margin": 11.08,
            "gross_margin_4q_avg": 5.5,
            "net_income": -5870,
            "revenue": 140854,
            "common_shares": 1397801,
            "book_valuer_per_share": 7.45,
            "book_valuer_per_share_4q_avg": 7.51,
            "equity": 1041331,
            "current_ratio": 92.02,
            "debt_ratio": 41.51,
            "inventory_turnover_ratio": 1.18,
            "account_receivable_turnover_ratio": null,
            "reinvestment_rate": null,
            "research_to_sale_ratio": null,
            "price_fair": 0,
            "eps_avg_yearly": 0,
            "eps_latest_yearly": 0,
            "eps_growth_yearly": 0
        },
        "20032": {
            "year_quarter": 20032,
            "year": 2003,
            "quarter": 2,
            "eps": 0.17,
            "eps_growth_year": null,
            "eps_4q": -0.53,
            "eps_4q_growth_year": null,
            "roe": 1.68,
            "roe_4q": -5.11,
            "gross_profit": 3857,
            "gross_margin": 3.31,
            "gross_margin_4q_avg": 5.25,
            "net_income": 17659,
            "revenue": 116511,
            "common_shares": 1397801,
            "book_valuer_per_share": 7.6,
            "book_valuer_per_share_4q_avg": 7.47,
            "equity": 1062687,
            "current_ratio": 97.29,
            "debt_ratio": 40.97,
            "inventory_turnover_ratio": 1.27,
            "account_receivable_turnover_ratio": null,
            "reinvestment_rate": null,
            "research_to_sale_ratio": null,
            "price_fair": 0,
            "eps_avg_yearly": 0,
            "eps_latest_yearly": 0,
            "eps_growth_yearly": 0
        },
        "20033": {
            "year_quarter": 20033,
            "year": 2003,
            "quarter": 3,
            "eps": 0.01,
            "eps_growth_year": null,
            "eps_4q": -0.14,
            "eps_4q_growth_year": null,
            "roe": 0.07,
            "roe_4q": -1.7700000000000002,
            "gross_profit": 3427,
            "gross_margin": 1.76,
            "gross_margin_4q_avg": 4.98,
            "net_income": 761,
            "revenue": 194854,
            "common_shares": 1397801,
            "book_valuer_per_share": 7.66,
            "book_valuer_per_share_4q_avg": 7.52,
            "equity": 1070153,
            "current_ratio": 82.99,
            "debt_ratio": 37.92,
            "inventory_turnover_ratio": 2.07,
            "account_receivable_turnover_ratio": null,
            "reinvestment_rate": null,
            "research_to_sale_ratio": null,
            "price_fair": 0.12,
            "eps_avg_yearly": 0.04,
            "eps_latest_yearly": 0.04,
            "eps_growth_yearly": -376.47
        },
        "20034": {
            "year_quarter": 20034,
            "year": 2003,
            "quarter": 4,
            "eps": 0.09,
            "eps_growth_year": null,
            "eps_4q": 0.21,
            "eps_4q_growth_year": null,
            "roe": 0.83,
            "roe_4q": 2.0300000000000002,
            "gross_profit": 2035,
            "gross_margin": 1.51,
            "gross_margin_4q_avg": 4.42,
            "net_income": 9255,
            "revenue": 134787,
            "common_shares": 1397801,
            "book_valuer_per_share": 7.81,
            "book_valuer_per_share_4q_avg": 7.63,
            "equity": 1147707,
            "current_ratio": 46.81,
            "debt_ratio": 47.74,
            "inventory_turnover_ratio": 1.49,
            "account_receivable_turnover_ratio": null,
            "reinvestment_rate": null,
            "research_to_sale_ratio": null,
            "price_fair": 7,
            "eps_avg_yearly": 0.2,
            "eps_latest_yearly": 0.36,
            "eps_growth_yearly": 1411.76
        },
        "20041": {
            "year_quarter": 20041,
            "year": 2004,
            "quarter": 1,
            "eps": -0.02,
            "eps_growth_year": null,
            "eps_4q": 0.19,
            "eps_4q_growth_year": null,
            "roe": -0.24,
            "roe_4q": 2.34,
            "gross_profit": 1849,
            "gross_margin": 26.95,
            "gross_margin_4q_avg": 8.38,
            "net_income": -2693,
            "revenue": 6861,
            "common_shares": 1397801,
            "book_valuer_per_share": 8.08,
            "book_valuer_per_share_4q_avg": 7.79,
            "equity": 1129551,
            "current_ratio": 86.35,
            "debt_ratio": 35.48,
            "inventory_turnover_ratio": 0.06,
            "account_receivable_turnover_ratio": null,
            "reinvestment_rate": null,
            "research_to_sale_ratio": null,
            "price_fair": 7,
            "eps_avg_yearly": 0.2,
            "eps_latest_yearly": 0.36,
            "eps_growth_yearly": 1411.76
        },
        "20042": {
            "year_quarter": 20042,
            "year": 2004,
            "quarter": 2,
            "eps": -0.4,
            "eps_growth_year": -335.29,
            "eps_4q": -0.26,
            "eps_4q_growth_year": null,
            "roe": -4.02,
            "roe_4q": -3.36,
            "gross_profit": 2112,
            "gross_margin": 52.88,
            "gross_margin_4q_avg": 20.78,
            "net_income": -44293,
            "revenue": 3994,
            "common_shares": 1397801,
            "book_valuer_per_share": 7.68,
            "book_valuer_per_share_4q_avg": 7.81,
            "equity": 1073500,
            "current_ratio": 81.23,
            "debt_ratio": 39.91,
            "inventory_turnover_ratio": 0.02,
            "account_receivable_turnover_ratio": null,
            "reinvestment_rate": null,
            "research_to_sale_ratio": null,
            "price_fair": 7,
            "eps_avg_yearly": 0.2,
            "eps_latest_yearly": 0.36,
            "eps_growth_yearly": 1411.76
        },
        "20043": {
            "year_quarter": 20043,
            "year": 2004,
            "quarter": 3,
            "eps": -0.15,
            "eps_growth_year": -1600,
            "eps_4q": -0.39,
            "eps_4q_growth_year": null,
            "roe": -1.52,
            "roe_4q": -4.949999999999999,
            "gross_profit": 2924,
            "gross_margin": 54.45,
            "gross_margin_4q_avg": 33.95,
            "net_income": -16163,
            "revenue": 5370,
            "common_shares": 1397801,
            "book_valuer_per_share": 7.53,
            "book_valuer_per_share_4q_avg": 7.78,
            "equity": 1052172,
            "current_ratio": 78.72,
            "debt_ratio": 39.02,
            "inventory_turnover_ratio": 0.03,
            "account_receivable_turnover_ratio": null,
            "reinvestment_rate": null,
            "research_to_sale_ratio": null,
            "price_fair": 7,
            "eps_avg_yearly": 0.2,
            "eps_latest_yearly": 0.36,
            "eps_growth_yearly": 1411.76
        },
        "20044": {
            "year_quarter": 20044,
            "year": 2004,
            "quarter": 4,
            "eps": -0.33,
            "eps_growth_year": -466.67,
            "eps_4q": -0.9,
            "eps_4q_growth_year": -524.54,
            "roe": -3.43,
            "roe_4q": -9.209999999999999,
            "gross_profit": 2386,
            "gross_margin": 27.03,
            "gross_margin_4q_avg": 40.33,
            "net_income": -36280,
            "revenue": 8827,
            "common_shares": 1397801,
            "book_valuer_per_share": 7.23,
            "book_valuer_per_share_4q_avg": 7.63,
            "equity": 1066257,
            "current_ratio": 41.61,
            "debt_ratio": 50.57,
            "inventory_turnover_ratio": 0.07,
            "account_receivable_turnover_ratio": null,
            "reinvestment_rate": null,
            "research_to_sale_ratio": null,
            "price_fair": 7,
            "eps_avg_yearly": 0.2,
            "eps_latest_yearly": 0.36,
            "eps_growth_yearly": 1411.76
        },
        "20051": {
            "year_quarter": 20051,
            "year": 2005,
            "quarter": 1,
            "eps": 0.02,
            "eps_growth_year": null,
            "eps_4q": -0.84,
            "eps_4q_growth_year": -553.3,
            "roe": 0.2,
            "roe_4q": -8.77,
            "gross_profit": 4667,
            "gross_margin": 30.57,
            "gross_margin_4q_avg": 41.23,
            "net_income": 2247,
            "revenue": 15265,
            "common_shares": 1397801,
            "book_valuer_per_share": 8.06,
            "book_valuer_per_share_4q_avg": 7.63,
            "equity": 1126814,
            "current_ratio": 69.12,
            "debt_ratio": 30.23,
            "inventory_turnover_ratio": 0.13,
            "account_receivable_turnover_ratio": null,
            "reinvestment_rate": null,
            "research_to_sale_ratio": null,
            "price_fair": 7,
            "eps_avg_yearly": 0.2,
            "eps_latest_yearly": 0.36,
            "eps_growth_yearly": 1411.76
        },
        "20052": {
            "year_quarter": 20052,
            "year": 2005,
            "quarter": 2,
            "eps": 0.2,
            "eps_growth_year": null,
            "eps_4q": -0.24,
            "eps_4q_growth_year": null,
            "roe": 2,
            "roe_4q": -2.75,
            "gross_profit": 4643,
            "gross_margin": 36.33,
            "gross_margin_4q_avg": 37.1,
            "net_income": 22749,
            "revenue": 12779,
            "common_shares": 1397801,
            "book_valuer_per_share": 8.18,
            "book_valuer_per_share_4q_avg": 7.75,
            "equity": 1142781,
            "current_ratio": 74.53,
            "debt_ratio": 28.2,
            "inventory_turnover_ratio": 0.1,
            "account_receivable_turnover_ratio": null,
            "reinvestment_rate": null,
            "research_to_sale_ratio": null,
            "price_fair": 14,
            "eps_avg_yearly": 0.4,
            "eps_latest_yearly": 0.8,
            "eps_growth_yearly": 2141.18
        },
        "20053": {
            "year_quarter": 20053,
            "year": 2005,
            "quarter": 3,
            "eps": 0,
            "eps_growth_year": null,
            "eps_4q": -0.08,
            "eps_4q_growth_year": null,
            "roe": 0.04,
            "roe_4q": -1.19,
            "gross_profit": 4737,
            "gross_margin": 26.58,
            "gross_margin_4q_avg": 30.13,
            "net_income": 418,
            "revenue": 17820,
            "common_shares": 1397801,
            "book_valuer_per_share": 8.17,
            "book_valuer_per_share_4q_avg": 7.91,
            "equity": 1141456,
            "current_ratio": 76.89,
            "debt_ratio": 28.02,
            "inventory_turnover_ratio": 0.17,
            "account_receivable_turnover_ratio": null,
            "reinvestment_rate": null,
            "research_to_sale_ratio": null,
            "price_fair": 14,
            "eps_avg_yearly": 0.4,
            "eps_latest_yearly": 0.8,
            "eps_growth_yearly": 2141.18
        },
        "20054": {
            "year_quarter": 20054,
            "year": 2005,
            "quarter": 4,
            "eps": -0.14,
            "eps_growth_year": null,
            "eps_4q": 0.56,
            "eps_4q_growth_year": null,
            "roe": -1.34,
            "roe_4q": 0.8999999999999999,
            "gross_profit": 5625,
            "gross_margin": 26.81,
            "gross_margin_4q_avg": 30.07,
            "net_income": -15399,
            "revenue": 20979,
            "common_shares": 1397801,
            "book_valuer_per_share": 7.99,
            "book_valuer_per_share_4q_avg": 8.1,
            "equity": 1165053,
            "current_ratio": 28.52,
            "debt_ratio": 40.86,
            "inventory_turnover_ratio": 0.22,
            "account_receivable_turnover_ratio": null,
            "reinvestment_rate": null,
            "research_to_sale_ratio": null,
            "price_fair": 14,
            "eps_avg_yearly": 0.4,
            "eps_latest_yearly": 0.8,
            "eps_growth_yearly": 2141.18
        },
        "20061": {
            "year_quarter": 20061,
            "year": 2006,
            "quarter": 1,
            "eps": 0.08,
            "eps_growth_year": 300,
            "eps_4q": 0.15,
            "eps_4q_growth_year": null,
            "roe": 0.75,
            "roe_4q": 1.45,
            "gross_profit": 3276,
            "gross_margin": 12.87,
            "gross_margin_4q_avg": 25.65,
            "net_income": 8603,
            "revenue": 25447,
            "common_shares": 1397801,
            "book_valuer_per_share": 8.06,
            "book_valuer_per_share_4q_avg": 8.1,
            "equity": 1126188,
            "current_ratio": 100.93,
            "debt_ratio": 28.23,
            "inventory_turnover_ratio": 0.33,
            "account_receivable_turnover_ratio": null,
            "reinvestment_rate": null,
            "research_to_sale_ratio": null,
            "price_fair": 14,
            "eps_avg_yearly": 0.4,
            "eps_latest_yearly": 0.8,
            "eps_growth_yearly": 2141.18
        },
        "20062": {
            "year_quarter": 20062,
            "year": 2006,
            "quarter": 2,
            "eps": 0.2,
            "eps_growth_year": 0,
            "eps_4q": 0.14,
            "eps_4q_growth_year": null,
            "roe": 1.94,
            "roe_4q": 1.39,
            "gross_profit": 3042,
            "gross_margin": 12.97,
            "gross_margin_4q_avg": 19.81,
            "net_income": 22048,
            "revenue": 23455,
            "common_shares": 1397801,
            "book_valuer_per_share": 8.2,
            "book_valuer_per_share_4q_avg": 8.11,
            "equity": 1146163,
            "current_ratio": 202.04,
            "debt_ratio": 21.1,
            "inventory_turnover_ratio": 0.33,
            "account_receivable_turnover_ratio": null,
            "reinvestment_rate": null,
            "research_to_sale_ratio": null,
            "price_fair": 17.5,
            "eps_avg_yearly": 0.5,
            "eps_latest_yearly": 0.8,
            "eps_growth_yearly": 1755.88
        },
        "20063": {
            "year_quarter": 20063,
            "year": 2006,
            "quarter": 3,
            "eps": -0.07,
            "eps_growth_year": null,
            "eps_4q": 0.05,
            "eps_4q_growth_year": null,
            "roe": -0.68,
            "roe_4q": 0.6699999999999997,
            "gross_profit": 1272,
            "gross_margin": 5.76,
            "gross_margin_4q_avg": 14.6,
            "net_income": -7734,
            "revenue": 22079,
            "common_shares": 1397801,
            "book_valuer_per_share": 8.12,
            "book_valuer_per_share_4q_avg": 8.09,
            "equity": 1135211,
            "current_ratio": 273.01,
            "debt_ratio": 17.89,
            "inventory_turnover_ratio": 0.38,
            "account_receivable_turnover_ratio": null,
            "reinvestment_rate": null,
            "research_to_sale_ratio": null,
            "price_fair": 17.5,
            "eps_avg_yearly": 0.5,
            "eps_latest_yearly": 0.8,
            "eps_growth_yearly": 1755.88
        },
        "20064": {
            "year_quarter": 20064,
            "year": 2006,
            "quarter": 4,
            "eps": -5.51,
            "eps_growth_year": null,
            "eps_4q": -4.9,
            "eps_4q_growth_year": -979.6,
            "roe": -71.67,
            "roe_4q": -69.66000000000001,
            "gross_profit": 5393,
            "gross_margin": 57.69,
            "gross_margin_4q_avg": 22.32,
            "net_income": -614992,
            "revenue": 9348,
            "common_shares": 1397801,
            "book_valuer_per_share": 4.16,
            "book_valuer_per_share_4q_avg": 7.14,
            "equity": 580947,
            "current_ratio": 58.3,
            "debt_ratio": 52.64,
            "inventory_turnover_ratio": 0.07,
            "account_receivable_turnover_ratio": null,
            "reinvestment_rate": null,
            "research_to_sale_ratio": null,
            "price_fair": 17.5,
            "eps_avg_yearly": 0.5,
            "eps_latest_yearly": 0.8,
            "eps_growth_yearly": 1755.88
        },
        "20071": {
            "year_quarter": 20071,
            "year": 2007,
            "quarter": 1,
            "eps": -0.01,
            "eps_growth_year": -112.5,
            "eps_4q": -7.3,
            "eps_4q_growth_year": -4895.07,
            "roe": -0.14,
            "roe_4q": -70.55000000000001,
            "gross_profit": 4978,
            "gross_margin": 77,
            "gross_margin_4q_avg": 38.36,
            "net_income": -824,
            "revenue": 6465,
            "common_shares": 1397801,
            "book_valuer_per_share": 4.15,
            "book_valuer_per_share_4q_avg": 6.16,
            "equity": 580098,
            "current_ratio": 186.25,
            "debt_ratio": 52.49,
            "inventory_turnover_ratio": 0.03,
            "account_receivable_turnover_ratio": null,
            "reinvestment_rate": null,
            "research_to_sale_ratio": null,
            "price_fair": 17.5,
            "eps_avg_yearly": 0.5,
            "eps_latest_yearly": 0.8,
            "eps_growth_yearly": 1755.88
        },
        "20072": {
            "year_quarter": 20072,
            "year": 2007,
            "quarter": 2,
            "eps": 0.25,
            "eps_growth_year": 25,
            "eps_4q": -5.3,
            "eps_4q_growth_year": -3828.04,
            "roe": 4.63,
            "roe_4q": -67.86000000000001,
            "gross_profit": 5882,
            "gross_margin": 51.17,
            "gross_margin_4q_avg": 47.91,
            "net_income": 28092,
            "revenue": 11494,
            "common_shares": 1397801,
            "book_valuer_per_share": 4.52,
            "book_valuer_per_share_4q_avg": 5.24,
            "equity": 632380,
            "current_ratio": 1084.13,
            "debt_ratio": 48.24,
            "inventory_turnover_ratio": 0.11,
            "account_receivable_turnover_ratio": null,
            "reinvestment_rate": null,
            "research_to_sale_ratio": null,
            "price_fair": 17.5,
            "eps_avg_yearly": 0.5,
            "eps_latest_yearly": 0.8,
            "eps_growth_yearly": 1755.88
        },
        "20073": {
            "year_quarter": 20073,
            "year": 2007,
            "quarter": 3,
            "eps": -0.08,
            "eps_growth_year": null,
            "eps_4q": -4.26,
            "eps_4q_growth_year": -8029.63,
            "roe": -1.34,
            "roe_4q": -68.52,
            "gross_profit": 5780,
            "gross_margin": 52.69,
            "gross_margin_4q_avg": 59.64,
            "net_income": -8420,
            "revenue": 10970,
            "common_shares": 1397801,
            "book_valuer_per_share": 4.47,
            "book_valuer_per_share_4q_avg": 4.33,
            "equity": 624600,
            "current_ratio": 2068.75,
            "debt_ratio": 48.35,
            "inventory_turnover_ratio": 0.1,
            "account_receivable_turnover_ratio": null,
            "reinvestment_rate": null,
            "research_to_sale_ratio": null,
            "price_fair": 22.87,
            "eps_avg_yearly": 0.65,
            "eps_latest_yearly": 0.8,
            "eps_growth_yearly": 2466.67
        },
        "20074": {
            "year_quarter": 20074,
            "year": 2007,
            "quarter": 4,
            "eps": -0.05,
            "eps_growth_year": null,
            "eps_4q": 0.16,
            "eps_4q_growth_year": null,
            "roe": -0.85,
            "roe_4q": 2.3,
            "gross_profit": 7862,
            "gross_margin": 25.08,
            "gross_margin_4q_avg": 51.49,
            "net_income": -5278,
            "revenue": 31351,
            "common_shares": 1397801,
            "book_valuer_per_share": 4.44,
            "book_valuer_per_share_4q_avg": 4.4,
            "equity": 617526,
            "current_ratio": 47.65,
            "debt_ratio": 49.25,
            "inventory_turnover_ratio": 0.45,
            "account_receivable_turnover_ratio": null,
            "reinvestment_rate": null,
            "research_to_sale_ratio": null,
            "price_fair": 28,
            "eps_avg_yearly": 0.8,
            "eps_latest_yearly": 0.8,
            "eps_growth_yearly": 2100
        },
        "20081": {
            "year_quarter": 20081,
            "year": 2008,
            "quarter": 1,
            "eps": -0.01,
            "eps_growth_year": null,
            "eps_4q": 0.07,
            "eps_4q_growth_year": null,
            "roe": -0.29,
            "roe_4q": 2.15,
            "gross_profit": 5586,
            "gross_margin": 22.98,
            "gross_margin_4q_avg": 37.98,
            "net_income": -1814,
            "revenue": 24308,
            "common_shares": 1397801,
            "book_valuer_per_share": 4.44,
            "book_valuer_per_share_4q_avg": 4.47,
            "equity": 615741,
            "current_ratio": 44.74,
            "debt_ratio": 49.74,
            "inventory_turnover_ratio": 0.36,
            "account_receivable_turnover_ratio": null,
            "reinvestment_rate": null,
            "research_to_sale_ratio": null,
            "price_fair": 28,
            "eps_avg_yearly": 0.8,
            "eps_latest_yearly": 0.8,
            "eps_growth_yearly": 2100
        },
        "20082": {
            "year_quarter": 20082,
            "year": 2008,
            "quarter": 2,
            "eps": 0.06,
            "eps_growth_year": -76,
            "eps_4q": -0.04,
            "eps_4q_growth_year": null,
            "roe": 1.86,
            "roe_4q": -0.62,
            "gross_profit": 5797,
            "gross_margin": 14.15,
            "gross_margin_4q_avg": 28.73,
            "net_income": 11579,
            "revenue": 40961,
            "common_shares": 1397801,
            "book_valuer_per_share": 4.49,
            "book_valuer_per_share_4q_avg": 4.46,
            "equity": 627293,
            "current_ratio": 48.16,
            "debt_ratio": 49.47,
            "inventory_turnover_ratio": 0.59,
            "account_receivable_turnover_ratio": null,
            "reinvestment_rate": null,
            "research_to_sale_ratio": null,
            "price_fair": 28,
            "eps_avg_yearly": 0.8,
            "eps_latest_yearly": 0.8,
            "eps_growth_yearly": 2100
        },
        "20083": {
            "year_quarter": 20083,
            "year": 2008,
            "quarter": 3,
            "eps": 0.01,
            "eps_growth_year": null,
            "eps_4q": 0.01,
            "eps_4q_growth_year": null,
            "roe": 0.1,
            "roe_4q": 0.8200000000000002,
            "gross_profit": 5732,
            "gross_margin": 25.78,
            "gross_margin_4q_avg": 22,
            "net_income": 658,
            "revenue": 22237,
            "common_shares": 1397801,
            "book_valuer_per_share": 4.49,
            "book_valuer_per_share_4q_avg": 4.47,
            "equity": 627950,
            "current_ratio": 47.52,
            "debt_ratio": 48.97,
            "inventory_turnover_ratio": 0.27,
            "account_receivable_turnover_ratio": null,
            "reinvestment_rate": null,
            "research_to_sale_ratio": null,
            "price_fair": 19.13,
            "eps_avg_yearly": 0.55,
            "eps_latest_yearly": 0.04,
            "eps_growth_yearly": 1288.89
        },
        "20084": {
            "year_quarter": 20084,
            "year": 2008,
            "quarter": 4,
            "eps": -0.1,
            "eps_growth_year": null,
            "eps_4q": -0.24,
            "eps_4q_growth_year": -250.65,
            "roe": -1.79,
            "roe_4q": -0.11999999999999983,
            "gross_profit": 5401,
            "gross_margin": 88.25,
            "gross_margin_4q_avg": 37.79,
            "net_income": -11115,
            "revenue": 6120,
            "common_shares": 1397801,
            "book_valuer_per_share": 4.41,
            "book_valuer_per_share_4q_avg": 4.46,
            "equity": 616835,
            "current_ratio": 54.51,
            "debt_ratio": 52.05,
            "inventory_turnover_ratio": 0.01,
            "account_receivable_turnover_ratio": 1.05,
            "reinvestment_rate": null,
            "research_to_sale_ratio": null,
            "price_fair": 19.13,
            "eps_avg_yearly": 0.55,
            "eps_latest_yearly": 0.04,
            "eps_growth_yearly": 1288.89
        },
        "20091": {
            "year_quarter": 20091,
            "year": 2009,
            "quarter": 1,
            "eps": -0.02,
            "eps_growth_year": null,
            "eps_4q": -0.04,
            "eps_4q_growth_year": -153.14,
            "roe": -0.36,
            "roe_4q": -0.18999999999999972,
            "gross_profit": 4912,
            "gross_margin": 83.51,
            "gross_margin_4q_avg": 52.92,
            "net_income": -2204,
            "revenue": 5882,
            "common_shares": 1397801,
            "book_valuer_per_share": 4.4,
            "book_valuer_per_share_4q_avg": 4.45,
            "equity": 614631,
            "current_ratio": 46.17,
            "debt_ratio": 49.22,
            "inventory_turnover_ratio": 0.02,
            "account_receivable_turnover_ratio": 0.51,
            "reinvestment_rate": null,
            "research_to_sale_ratio": null,
            "price_fair": 19.13,
            "eps_avg_yearly": 0.55,
            "eps_latest_yearly": 0.04,
            "eps_growth_yearly": 1288.89
        },
        "20092": {
            "year_quarter": 20092,
            "year": 2009,
            "quarter": 2,
            "eps": -0.1,
            "eps_growth_year": -266.67,
            "eps_4q": -0.17,
            "eps_4q_growth_year": null,
            "roe": -1.77,
            "roe_4q": -3.82,
            "gross_profit": 4764,
            "gross_margin": 84.3,
            "gross_margin_4q_avg": 70.46,
            "net_income": -11239,
            "revenue": 5651,
            "common_shares": 1397801,
            "book_valuer_per_share": 4.69,
            "book_valuer_per_share_4q_avg": 4.5,
            "equity": 655690,
            "current_ratio": 70.49,
            "debt_ratio": 47.73,
            "inventory_turnover_ratio": 0.02,
            "account_receivable_turnover_ratio": 0.65,
            "reinvestment_rate": null,
            "research_to_sale_ratio": null,
            "price_fair": 14.7,
            "eps_avg_yearly": 0.42,
            "eps_latest_yearly": 0.04,
            "eps_growth_yearly": 133.33
        },
        "20093": {
            "year_quarter": 20093,
            "year": 2009,
            "quarter": 3,
            "eps": -0.05,
            "eps_growth_year": -600,
            "eps_4q": -0.22,
            "eps_4q_growth_year": -2024.08,
            "roe": -0.96,
            "roe_4q": -4.88,
            "gross_profit": 4649,
            "gross_margin": 83.5,
            "gross_margin_4q_avg": 84.89,
            "net_income": -6286,
            "revenue": 5568,
            "common_shares": 1397801,
            "book_valuer_per_share": 4.65,
            "book_valuer_per_share_4q_avg": 4.54,
            "equity": 650609,
            "current_ratio": 73.84,
            "debt_ratio": 48,
            "inventory_turnover_ratio": 0.02,
            "account_receivable_turnover_ratio": 0.92,
            "reinvestment_rate": null,
            "research_to_sale_ratio": null,
            "price_fair": 14.7,
            "eps_avg_yearly": 0.42,
            "eps_latest_yearly": 0.04,
            "eps_growth_yearly": 133.33
        },
        "20094": {
            "year_quarter": 20094,
            "year": 2009,
            "quarter": 4,
            "eps": -0.16,
            "eps_growth_year": null,
            "eps_4q": -0.32,
            "eps_4q_growth_year": null,
            "roe": -3.09,
            "roe_4q": -6.180000000000001,
            "gross_profit": 5188,
            "gross_margin": 72.43,
            "gross_margin_4q_avg": 80.94,
            "net_income": -19786,
            "revenue": 7163,
            "common_shares": 1397801,
            "book_valuer_per_share": 5.03,
            "book_valuer_per_share_4q_avg": 4.69,
            "equity": 630825,
            "current_ratio": 71.53,
            "debt_ratio": 48.96,
            "inventory_turnover_ratio": 0.04,
            "account_receivable_turnover_ratio": 9.62,
            "reinvestment_rate": null,
            "research_to_sale_ratio": null,
            "price_fair": 14.7,
            "eps_avg_yearly": 0.42,
            "eps_latest_yearly": 0.04,
            "eps_growth_yearly": 133.33
        },
        "20101": {
            "year_quarter": 20101,
            "year": 2010,
            "quarter": 1,
            "eps": -0.03,
            "eps_growth_year": null,
            "eps_4q": -0.33,
            "eps_4q_growth_year": null,
            "roe": -0.6,
            "roe_4q": -6.42,
            "gross_profit": 5129,
            "gross_margin": 70.7,
            "gross_margin_4q_avg": 77.73,
            "net_income": -3784,
            "revenue": 7255,
            "common_shares": 1397801,
            "book_valuer_per_share": 5,
            "book_valuer_per_share_4q_avg": 4.84,
            "equity": 627040,
            "current_ratio": 70.95,
            "debt_ratio": 49.17,
            "inventory_turnover_ratio": 0.04,
            "account_receivable_turnover_ratio": 7.32,
            "reinvestment_rate": null,
            "research_to_sale_ratio": 0,
            "price_fair": 14.7,
            "eps_avg_yearly": 0.42,
            "eps_latest_yearly": 0.04,
            "eps_growth_yearly": 133.33
        },
        "20102": {
            "year_quarter": 20102,
            "year": 2010,
            "quarter": 2,
            "eps": 3.2,
            "eps_growth_year": null,
            "eps_4q": 2.96,
            "eps_4q_growth_year": null,
            "roe": 48.44,
            "roe_4q": 43.79,
            "gross_profit": 4990,
            "gross_margin": 42.13,
            "gross_margin_4q_avg": 67.19,
            "net_income": 400833,
            "revenue": 11845,
            "common_shares": 1397801,
            "book_valuer_per_share": 8.2,
            "book_valuer_per_share_4q_avg": 5.72,
            "equity": 1027975,
            "current_ratio": 11716.27,
            "debt_ratio": 14.2,
            "inventory_turnover_ratio": 0.12,
            "account_receivable_turnover_ratio": 31.88,
            "reinvestment_rate": null,
            "research_to_sale_ratio": 0,
            "price_fair": 0.12,
            "eps_avg_yearly": 0.04,
            "eps_latest_yearly": 0.04,
            "eps_growth_yearly": -333.33
        },
        "20103": {
            "year_quarter": 20103,
            "year": 2010,
            "quarter": 3,
            "eps": -0.08,
            "eps_growth_year": null,
            "eps_4q": 2.93,
            "eps_4q_growth_year": null,
            "roe": -0.92,
            "roe_4q": 43.83,
            "gross_profit": 5278,
            "gross_margin": 55.42,
            "gross_margin_4q_avg": 60.17,
            "net_income": -9464,
            "revenue": 9523,
            "common_shares": 1397801,
            "book_valuer_per_share": 8.13,
            "book_valuer_per_share_4q_avg": 6.59,
            "equity": 1018511,
            "current_ratio": 9217.53,
            "debt_ratio": 14.33,
            "inventory_turnover_ratio": 0.08,
            "account_receivable_turnover_ratio": 4.07,
            "reinvestment_rate": null,
            "research_to_sale_ratio": 0,
            "price_fair": 0.12,
            "eps_avg_yearly": 0.04,
            "eps_latest_yearly": 0.04,
            "eps_growth_yearly": -333.33
        },
        "20104": {
            "year_quarter": 20104,
            "year": 2010,
            "quarter": 4,
            "eps": -0.46,
            "eps_growth_year": null,
            "eps_4q": 2.63,
            "eps_4q_growth_year": null,
            "roe": -5.81,
            "roe_4q": 41.11,
            "gross_profit": 4851,
            "gross_margin": 76.85,
            "gross_margin_4q_avg": 61.28,
            "net_income": -57508,
            "revenue": 6312,
            "common_shares": 1397801,
            "book_valuer_per_share": 7.67,
            "book_valuer_per_share_4q_avg": 7.25,
            "equity": 961004,
            "current_ratio": 9224.88,
            "debt_ratio": 15.02,
            "inventory_turnover_ratio": 0.03,
            "account_receivable_turnover_ratio": 1.35,
            "reinvestment_rate": 95.68,
            "research_to_sale_ratio": null,
            "price_fair": 0.12,
            "eps_avg_yearly": 0.04,
            "eps_latest_yearly": 0.04,
            "eps_growth_yearly": -333.33
        },
        "20111": {
            "year_quarter": 20111,
            "year": 2011,
            "quarter": 1,
            "eps": -0.01,
            "eps_growth_year": null,
            "eps_4q": 2.65,
            "eps_4q_growth_year": null,
            "roe": -0.17,
            "roe_4q": 41.54,
            "gross_profit": 4758,
            "gross_margin": 84.75,
            "gross_margin_4q_avg": 64.79,
            "net_income": -1614,
            "revenue": 5614,
            "common_shares": 1397801,
            "book_valuer_per_share": 7.65,
            "book_valuer_per_share_4q_avg": 7.91,
            "equity": 959389,
            "current_ratio": 15786.9,
            "debt_ratio": 14.94,
            "inventory_turnover_ratio": 0.02,
            "account_receivable_turnover_ratio": 1.29,
            "reinvestment_rate": 90.3,
            "research_to_sale_ratio": 0,
            "price_fair": 0.12,
            "eps_avg_yearly": 0.04,
            "eps_latest_yearly": 0.04,
            "eps_growth_yearly": -333.33
        },
        "20112": {
            "year_quarter": 20112,
            "year": 2011,
            "quarter": 2,
            "eps": 0.04,
            "eps_growth_year": -98.78,
            "eps_4q": -0.51,
            "eps_4q_growth_year": -117.17,
            "roe": 0.51,
            "roe_4q": -6.39,
            "gross_profit": 4817,
            "gross_margin": 70.01,
            "gross_margin_4q_avg": 71.76,
            "net_income": 4906,
            "revenue": 6880,
            "common_shares": 1397801,
            "book_valuer_per_share": 7.69,
            "book_valuer_per_share_4q_avg": 7.79,
            "equity": 964296,
            "current_ratio": 13216.07,
            "debt_ratio": 14.93,
            "inventory_turnover_ratio": 0.04,
            "account_receivable_turnover_ratio": 1.34,
            "reinvestment_rate": 95.99,
            "research_to_sale_ratio": null,
            "price_fair": 0.12,
            "eps_avg_yearly": 0.04,
            "eps_latest_yearly": 0.04,
            "eps_growth_yearly": -333.33
        },
        "20113": {
            "year_quarter": 20113,
            "year": 2011,
            "quarter": 3,
            "eps": 0.03,
            "eps_growth_year": null,
            "eps_4q": -0.4,
            "eps_4q_growth_year": -113.58,
            "roe": 0.44,
            "roe_4q": -5.029999999999999,
            "gross_profit": 5052,
            "gross_margin": 86.18,
            "gross_margin_4q_avg": 79.45,
            "net_income": 4286,
            "revenue": 5862,
            "common_shares": 1397801,
            "book_valuer_per_share": 7.73,
            "book_valuer_per_share_4q_avg": 7.69,
            "equity": 968581,
            "current_ratio": 20257.46,
            "debt_ratio": 14.81,
            "inventory_turnover_ratio": 0.01,
            "account_receivable_turnover_ratio": 1.02,
            "reinvestment_rate": 90.06,
            "research_to_sale_ratio": null,
            "price_fair": 0.24,
            "eps_avg_yearly": 0.08,
            "eps_latest_yearly": 0.12,
            "eps_growth_yearly": -216.67
        },
        "20114": {
            "year_quarter": 20114,
            "year": 2011,
            "quarter": 4,
            "eps": -0.09,
            "eps_growth_year": null,
            "eps_4q": -0.03,
            "eps_4q_growth_year": -101.17,
            "roe": -1.19,
            "roe_4q": -0.41000000000000003,
            "gross_profit": 5106,
            "gross_margin": 85.02,
            "gross_margin_4q_avg": 81.49,
            "net_income": -11449,
            "revenue": 6006,
            "common_shares": 1397801,
            "book_valuer_per_share": 7.64,
            "book_valuer_per_share_4q_avg": 7.68,
            "equity": 957133,
            "current_ratio": 18789.55,
            "debt_ratio": 14.97,
            "inventory_turnover_ratio": 0.02,
            "account_receivable_turnover_ratio": 1.29,
            "reinvestment_rate": 90.75,
            "research_to_sale_ratio": null,
            "price_fair": 0.24,
            "eps_avg_yearly": 0.08,
            "eps_latest_yearly": 0.12,
            "eps_growth_yearly": -216.67
        },
        "20121": {
            "year_quarter": 20121,
            "year": 2012,
            "quarter": 1,
            "eps": -0.01,
            "eps_growth_year": null,
            "eps_4q": -0.03,
            "eps_4q_growth_year": -100.96,
            "roe": -0.1,
            "roe_4q": -0.3400000000000001,
            "gross_profit": 5341,
            "gross_margin": 84.72,
            "gross_margin_4q_avg": 81.48,
            "net_income": -943,
            "revenue": 6304,
            "common_shares": 1397801,
            "book_valuer_per_share": 7.63,
            "book_valuer_per_share_4q_avg": 7.67,
            "equity": 956190,
            "current_ratio": 17371.59,
            "debt_ratio": 15,
            "inventory_turnover_ratio": 0.02,
            "account_receivable_turnover_ratio": 1.47,
            "reinvestment_rate": 61.38,
            "research_to_sale_ratio": 0,
            "price_fair": 0.24,
            "eps_avg_yearly": 0.08,
            "eps_latest_yearly": 0.12,
            "eps_growth_yearly": -216.67
        },
        "20122": {
            "year_quarter": 20122,
            "year": 2012,
            "quarter": 2,
            "eps": 0.12,
            "eps_growth_year": 199.04,
            "eps_4q": 0.05,
            "eps_4q_growth_year": null,
            "roe": 1.52,
            "roe_4q": 0.6699999999999999,
            "gross_profit": 5234,
            "gross_margin": 83.49,
            "gross_margin_4q_avg": 84.85,
            "net_income": 14671,
            "revenue": 6269,
            "common_shares": 1397801,
            "book_valuer_per_share": 7.74,
            "book_valuer_per_share_4q_avg": 7.69,
            "equity": 970861,
            "current_ratio": 17589.85,
            "debt_ratio": 14.81,
            "inventory_turnover_ratio": 0.02,
            "account_receivable_turnover_ratio": 2.17,
            "reinvestment_rate": 88.13,
            "research_to_sale_ratio": null,
            "price_fair": 0.24,
            "eps_avg_yearly": 0.08,
            "eps_latest_yearly": 0.12,
            "eps_growth_yearly": -216.67
        },
        "20123": {
            "year_quarter": 20123,
            "year": 2012,
            "quarter": 3,
            "eps": -0.03,
            "eps_growth_year": -193.47,
            "eps_4q": -0.01,
            "eps_4q_growth_year": null,
            "roe": -0.41,
            "roe_4q": -0.17999999999999994,
            "gross_profit": 4504,
            "gross_margin": 93.72,
            "gross_margin_4q_avg": 86.74,
            "net_income": -4006,
            "revenue": 4806,
            "common_shares": 1397801,
            "book_valuer_per_share": 7.71,
            "book_valuer_per_share_4q_avg": 7.68,
            "equity": 966855,
            "current_ratio": 12818.33,
            "debt_ratio": 15.09,
            "inventory_turnover_ratio": 0.01,
            "account_receivable_turnover_ratio": 2.1,
            "reinvestment_rate": 87.58,
            "research_to_sale_ratio": null,
            "price_fair": 0.36,
            "eps_avg_yearly": 0.12,
            "eps_latest_yearly": 0.12,
            "eps_growth_yearly": -100
        },
        "20124": {
            "year_quarter": 20124,
            "year": 2012,
            "quarter": 4,
            "eps": -0.07,
            "eps_growth_year": null,
            "eps_4q": 0.01,
            "eps_4q_growth_year": null,
            "roe": -0.9,
            "roe_4q": 0.10999999999999996,
            "gross_profit": 4363,
            "gross_margin": 74.95,
            "gross_margin_4q_avg": 84.22,
            "net_income": -8694,
            "revenue": 5821,
            "common_shares": 1397801,
            "book_valuer_per_share": 7.64,
            "book_valuer_per_share_4q_avg": 7.68,
            "equity": 958161,
            "current_ratio": 8871.37,
            "debt_ratio": 15.3,
            "inventory_turnover_ratio": 0.03,
            "account_receivable_turnover_ratio": 2.56,
            "reinvestment_rate": 85.47,
            "research_to_sale_ratio": null,
            "price_fair": 0.36,
            "eps_avg_yearly": 0.12,
            "eps_latest_yearly": 0.12,
            "eps_growth_yearly": -100
        },
        "20131": {
            "year_quarter": 20131,
            "year": 2013,
            "quarter": 1,
            "eps": -0.01,
            "eps_growth_year": null,
            "eps_4q": 0.01,
            "eps_4q_growth_year": null,
            "roe": -0.13,
            "roe_4q": 0.08000000000000007,
            "gross_profit": 4822,
            "gross_margin": 82.19,
            "gross_margin_4q_avg": 83.59,
            "net_income": -1219,
            "revenue": 5867,
            "common_shares": 1397801,
            "book_valuer_per_share": 7.63,
            "book_valuer_per_share_4q_avg": 7.68,
            "equity": 956942,
            "current_ratio": 17262.72,
            "debt_ratio": 15.15,
            "inventory_turnover_ratio": 0.03,
            "account_receivable_turnover_ratio": 4.02,
            "reinvestment_rate": 54.32,
            "research_to_sale_ratio": null,
            "price_fair": 0.36,
            "eps_avg_yearly": 0.12,
            "eps_latest_yearly": 0.12,
            "eps_growth_yearly": -100
        },
        "20132": {
            "year_quarter": 20132,
            "year": 2013,
            "quarter": 2,
            "eps": -0.01,
            "eps_growth_year": -108.54,
            "eps_4q": -0.12,
            "eps_4q_growth_year": -338.13,
            "roe": -0.18,
            "roe_4q": -1.6199999999999999,
            "gross_profit": 4816,
            "gross_margin": 84.23,
            "gross_margin_4q_avg": 83.77,
            "net_income": -1714,
            "revenue": 5718,
            "common_shares": 1397801,
            "book_valuer_per_share": 7.62,
            "book_valuer_per_share_4q_avg": 7.65,
            "equity": 955228,
            "current_ratio": 18095.74,
            "debt_ratio": 15.17,
            "inventory_turnover_ratio": 0.19,
            "account_receivable_turnover_ratio": 4.03,
            "reinvestment_rate": 51.39,
            "research_to_sale_ratio": null,
            "price_fair": 0.36,
            "eps_avg_yearly": 0.12,
            "eps_latest_yearly": 0.12,
            "eps_growth_yearly": -100
        },
        "20133": {
            "year_quarter": 20133,
            "year": 2013,
            "quarter": 3,
            "eps": 0,
            "eps_growth_year": null,
            "eps_4q": -0.09,
            "eps_4q_growth_year": null,
            "roe": 0.05,
            "roe_4q": -1.1600000000000001,
            "gross_profit": 5103,
            "gross_margin": 85.62,
            "gross_margin_4q_avg": 81.75,
            "net_income": 462,
            "revenue": 5960,
            "common_shares": 1397801,
            "book_valuer_per_share": 7.62,
            "book_valuer_per_share_4q_avg": 7.63,
            "equity": 955690,
            "current_ratio": 25401.44,
            "debt_ratio": 15,
            "inventory_turnover_ratio": 0.03,
            "account_receivable_turnover_ratio": 6.05,
            "reinvestment_rate": 49.4,
            "research_to_sale_ratio": null,
            "price_fair": 0.36,
            "eps_avg_yearly": 0.12,
            "eps_latest_yearly": 0.12,
            "eps_growth_yearly": -100
        },
        "20134": {
            "year_quarter": 20134,
            "year": 2013,
            "quarter": 4,
            "eps": -0.07,
            "eps_growth_year": null,
            "eps_4q": -0.09,
            "eps_4q_growth_year": -1194.01,
            "roe": -0.92,
            "roe_4q": -1.1800000000000002,
            "gross_profit": 5600,
            "gross_margin": 87.58,
            "gross_margin_4q_avg": 84.91,
            "net_income": -8776,
            "revenue": 6394,
            "common_shares": 1397801,
            "book_valuer_per_share": 7.55,
            "book_valuer_per_share_4q_avg": 7.61,
            "equity": 946914,
            "current_ratio": 14343.5,
            "debt_ratio": 15.24,
            "inventory_turnover_ratio": 0.01,
            "account_receivable_turnover_ratio": 10.46,
            "reinvestment_rate": -62.57,
            "research_to_sale_ratio": null,
            "price_fair": 0.36,
            "eps_avg_yearly": 0.12,
            "eps_latest_yearly": 0.12,
            "eps_growth_yearly": -100
        },
        "20141": {
            "year_quarter": 20141,
            "year": 2014,
            "quarter": 1,
            "eps": 0,
            "eps_growth_year": null,
            "eps_4q": -0.08,
            "eps_4q_growth_year": -1433.09,
            "roe": 0,
            "roe_4q": -1.05,
            "gross_profit": 5601,
            "gross_margin": 87.53,
            "gross_margin_4q_avg": 86.24,
            "net_income": 3,
            "revenue": 6399,
            "common_shares": 1397801,
            "book_valuer_per_share": 7.55,
            "book_valuer_per_share_4q_avg": 7.59,
            "equity": 946917,
            "current_ratio": 14476.74,
            "debt_ratio": 15.22,
            "inventory_turnover_ratio": 0.01,
            "account_receivable_turnover_ratio": 11.7,
            "reinvestment_rate": -53.89,
            "research_to_sale_ratio": null,
            "price_fair": 0.36,
            "eps_avg_yearly": 0.12,
            "eps_latest_yearly": 0.12,
            "eps_growth_yearly": -100
        },
        "20142": {
            "year_quarter": 20142,
            "year": 2014,
            "quarter": 2,
            "eps": 0,
            "eps_growth_year": null,
            "eps_4q": -0.07,
            "eps_4q_growth_year": null,
            "roe": 0,
            "roe_4q": -0.87,
            "gross_profit": 5627,
            "gross_margin": 88.23,
            "gross_margin_4q_avg": 87.24,
            "net_income": 9,
            "revenue": 6378,
            "common_shares": 1397801,
            "book_valuer_per_share": 7.55,
            "book_valuer_per_share_4q_avg": 7.57,
            "equity": 946926,
            "current_ratio": 18733.11,
            "debt_ratio": 15.19,
            "inventory_turnover_ratio": 0.01,
            "account_receivable_turnover_ratio": 20.28,
            "reinvestment_rate": null,
            "research_to_sale_ratio": null,
            "price_fair": 0.36,
            "eps_avg_yearly": 0.12,
            "eps_latest_yearly": 0.12,
            "eps_growth_yearly": -100
        },
        "20143": {
            "year_quarter": 20143,
            "year": 2014,
            "quarter": 3,
            "eps": 0,
            "eps_growth_year": null,
            "eps_4q": -0.06,
            "eps_4q_growth_year": null,
            "roe": 0.1,
            "roe_4q": -0.8200000000000001,
            "gross_profit": 6042,
            "gross_margin": 87.72,
            "gross_margin_4q_avg": 87.77,
            "net_income": 973,
            "revenue": 6888,
            "common_shares": 1397801,
            "book_valuer_per_share": 7.56,
            "book_valuer_per_share_4q_avg": 7.55,
            "equity": 947899,
            "current_ratio": 18387.38,
            "debt_ratio": 15.18,
            "inventory_turnover_ratio": 0.01,
            "account_receivable_turnover_ratio": 28.06,
            "reinvestment_rate": null,
            "research_to_sale_ratio": null,
            "price_fair": 0.36,
            "eps_avg_yearly": 0.12,
            "eps_latest_yearly": 0.12,
            "eps_growth_yearly": -100
        },
        "20144": {
            "year_quarter": 20144,
            "year": 2014,
            "quarter": 4,
            "eps": -0.02,
            "eps_growth_year": null,
            "eps_4q": -0.01,
            "eps_4q_growth_year": null,
            "roe": -0.28,
            "roe_4q": -0.18000000000000002,
            "gross_profit": 6308,
            "gross_margin": 88.56,
            "gross_margin_4q_avg": 88.01,
            "net_income": -2640,
            "revenue": 7123,
            "common_shares": 1397801,
            "book_valuer_per_share": 7.54,
            "book_valuer_per_share_4q_avg": 7.55,
            "equity": 945259,
            "current_ratio": 14422.35,
            "debt_ratio": 15.28,
            "inventory_turnover_ratio": 0.01,
            "account_receivable_turnover_ratio": 25.76,
            "reinvestment_rate": null,
            "research_to_sale_ratio": null,
            "price_fair": 0.36,
            "eps_avg_yearly": 0.12,
            "eps_latest_yearly": 0.12,
            "eps_growth_yearly": -100
        },
        "20151": {
            "year_quarter": 20151,
            "year": 2015,
            "quarter": 1,
            "eps": 0.01,
            "eps_growth_year": null,
            "eps_4q": -0.01,
            "eps_4q_growth_year": null,
            "roe": 0.08,
            "roe_4q": -0.1,
            "gross_profit": 6313,
            "gross_margin": 88.69,
            "gross_margin_4q_avg": 88.3,
            "net_income": 723,
            "revenue": 7118,
            "common_shares": 1397801,
            "book_valuer_per_share": 7.55,
            "book_valuer_per_share_4q_avg": 7.55,
            "equity": 945982,
            "current_ratio": 8190.13,
            "debt_ratio": 15.44,
            "inventory_turnover_ratio": 0.01,
            "account_receivable_turnover_ratio": 9.41,
            "reinvestment_rate": null,
            "research_to_sale_ratio": null,
            "price_fair": 0.36,
            "eps_avg_yearly": 0.12,
            "eps_latest_yearly": 0.12,
            "eps_growth_yearly": -100
        },
        "20152": {
            "year_quarter": 20152,
            "year": 2015,
            "quarter": 2,
            "eps": -0.01,
            "eps_growth_year": null,
            "eps_4q": -0.01,
            "eps_4q_growth_year": null,
            "roe": -0.07,
            "roe_4q": -0.17,
            "gross_profit": 6698,
            "gross_margin": 89.79,
            "gross_margin_4q_avg": 88.69,
            "net_income": -685,
            "revenue": 7460,
            "common_shares": 1397801,
            "book_valuer_per_share": 7.54,
            "book_valuer_per_share_4q_avg": 7.55,
            "equity": 945297,
            "current_ratio": 23898.59,
            "debt_ratio": 15.21,
            "inventory_turnover_ratio": 0.01,
            "account_receivable_turnover_ratio": 8.58,
            "reinvestment_rate": null,
            "research_to_sale_ratio": null,
            "price_fair": 0.36,
            "eps_avg_yearly": 0.12,
            "eps_latest_yearly": 0.12,
            "eps_growth_yearly": -100
        },
        "20153": {
            "year_quarter": 20153,
            "year": 2015,
            "quarter": 3,
            "eps": 0,
            "eps_growth_year": null,
            "eps_4q": -0.02,
            "eps_4q_growth_year": null,
            "roe": 0.06,
            "roe_4q": -0.21000000000000002,
            "gross_profit": 6648,
            "gross_margin": 89.16,
            "gross_margin_4q_avg": 89.05,
            "net_income": 594,
            "revenue": 7456,
            "common_shares": 1397801,
            "book_valuer_per_share": 7.55,
            "book_valuer_per_share_4q_avg": 7.55,
            "equity": 945891,
            "current_ratio": 13877.94,
            "debt_ratio": 15.3,
            "inventory_turnover_ratio": 0.01,
            "account_receivable_turnover_ratio": 13.68,
            "reinvestment_rate": null,
            "research_to_sale_ratio": null,
            "price_fair": 0,
            "eps_avg_yearly": 0,
            "eps_latest_yearly": 0,
            "eps_growth_yearly": 0
        },
        "20154": {
            "year_quarter": 20154,
            "year": 2015,
            "quarter": 4,
            "eps": -0.03,
            "eps_growth_year": null,
            "eps_4q": -0.03,
            "eps_4q_growth_year": null,
            "roe": -0.45,
            "roe_4q": -0.38,
            "gross_profit": 6805,
            "gross_margin": 86.26,
            "gross_margin_4q_avg": 88.48,
            "net_income": -4249,
            "revenue": 7889,
            "common_shares": 1397801,
            "book_valuer_per_share": 7.51,
            "book_valuer_per_share_4q_avg": 7.54,
            "equity": 941642,
            "current_ratio": 10126.32,
            "debt_ratio": 15.44,
            "inventory_turnover_ratio": 0.02,
            "account_receivable_turnover_ratio": 11.36,
            "reinvestment_rate": null,
            "research_to_sale_ratio": null,
            "price_fair": 0,
            "eps_avg_yearly": 0,
            "eps_latest_yearly": 0,
            "eps_growth_yearly": 0
        },
        "20161": {
            "year_quarter": 20161,
            "year": 2016,
            "quarter": 1,
            "eps": -0.05,
            "eps_growth_year": -600,
            "eps_4q": -0.08,
            "eps_4q_growth_year": null,
            "roe": -0.66,
            "roe_4q": -1.12,
            "gross_profit": 4858,
            "gross_margin": 88.12,
            "gross_margin_4q_avg": 88.33,
            "net_income": -6163,
            "revenue": 5513,
            "common_shares": 1397801,
            "book_valuer_per_share": 7.46,
            "book_valuer_per_share_4q_avg": 7.52,
            "equity": 935479,
            "current_ratio": 8099.34,
            "debt_ratio": 15.6,
            "inventory_turnover_ratio": 0.01,
            "account_receivable_turnover_ratio": 9.32,
            "reinvestment_rate": null,
            "research_to_sale_ratio": null,
            "price_fair": 0,
            "eps_avg_yearly": 0,
            "eps_latest_yearly": 0,
            "eps_growth_yearly": 0
        },
        "20162": {
            "year_quarter": 20162,
            "year": 2016,
            "quarter": 2,
            "eps": 0,
            "eps_growth_year": null,
            "eps_4q": -0.08,
            "eps_4q_growth_year": null,
            "roe": -0.04,
            "roe_4q": -1.09,
            "gross_profit": 6766,
            "gross_margin": 91.52,
            "gross_margin_4q_avg": 88.77,
            "net_income": -377,
            "revenue": 7393,
            "common_shares": 1397801,
            "book_valuer_per_share": 7.46,
            "book_valuer_per_share_4q_avg": 7.5,
            "equity": 935102,
            "current_ratio": 7711.29,
            "debt_ratio": 15.75,
            "inventory_turnover_ratio": 0.01,
            "account_receivable_turnover_ratio": 21.12,
            "reinvestment_rate": null,
            "research_to_sale_ratio": null,
            "price_fair": 0,
            "eps_avg_yearly": 0,
            "eps_latest_yearly": 0,
            "eps_growth_yearly": 0
        },
        "20163": {
            "year_quarter": 20163,
            "year": 2016,
            "quarter": 3,
            "eps": 0,
            "eps_growth_year": null,
            "eps_4q": -0.09,
            "eps_4q_growth_year": null,
            "roe": 0,
            "roe_4q": -1.1500000000000001,
            "gross_profit": 7534,
            "gross_margin": 91.35,
            "gross_margin_4q_avg": 89.31,
            "net_income": 29,
            "revenue": 8247,
            "common_shares": 1397801,
            "book_valuer_per_share": 7.46,
            "book_valuer_per_share_4q_avg": 7.47,
            "equity": 935131,
            "current_ratio": 6528.87,
            "debt_ratio": 15.83,
            "inventory_turnover_ratio": 0.01,
            "account_receivable_turnover_ratio": 18.6,
            "reinvestment_rate": null,
            "research_to_sale_ratio": null,
            "price_fair": 0,
            "eps_avg_yearly": 0,
            "eps_latest_yearly": 0,
            "eps_growth_yearly": 0
        },
        "20164": {
            "year_quarter": 20164,
            "year": 2016,
            "quarter": 4,
            "eps": 0,
            "eps_growth_year": null,
            "eps_4q": -0.05,
            "eps_4q_growth_year": null,
            "roe": 0.05,
            "roe_4q": -0.65,
            "gross_profit": 7620,
            "gross_margin": 92.35,
            "gross_margin_4q_avg": 90.84,
            "net_income": 437,
            "revenue": 8251,
            "common_shares": 1397801,
            "book_valuer_per_share": 7.46,
            "book_valuer_per_share_4q_avg": 7.46,
            "equity": 935568,
            "current_ratio": 13709.46,
            "debt_ratio": 15.38,
            "inventory_turnover_ratio": 0.02,
            "account_receivable_turnover_ratio": 7,
            "reinvestment_rate": null,
            "research_to_sale_ratio": null,
            "price_fair": 0,
            "eps_avg_yearly": 0,
            "eps_latest_yearly": 0,
            "eps_growth_yearly": 0
        },
        "20171": {
            "year_quarter": 20171,
            "year": 2017,
            "quarter": 1,
            "eps": -0.01,
            "eps_growth_year": null,
            "eps_4q": -0.01,
            "eps_4q_growth_year": null,
            "roe": -0.11,
            "roe_4q": -0.1,
            "gross_profit": 7760,
            "gross_margin": 92.54,
            "gross_margin_4q_avg": 91.94,
            "net_income": -1073,
            "revenue": 8386,
            "common_shares": 1397801,
            "book_valuer_per_share": 7.45,
            "book_valuer_per_share_4q_avg": 7.46,
            "equity": 934495,
            "current_ratio": 8817.22,
            "debt_ratio": 15.5,
            "inventory_turnover_ratio": 0.1,
            "account_receivable_turnover_ratio": 7.06,
            "reinvestment_rate": null,
            "research_to_sale_ratio": null,
            "price_fair": 0,
            "eps_avg_yearly": 0,
            "eps_latest_yearly": 0,
            "eps_growth_yearly": 0
        },
        "20172": {
            "year_quarter": 20172,
            "year": 2017,
            "quarter": 2,
            "eps": 0.02,
            "eps_growth_year": null,
            "eps_4q": 0.02,
            "eps_4q_growth_year": null,
            "roe": 0.32,
            "roe_4q": 0.26,
            "gross_profit": 7574,
            "gross_margin": 91.61,
            "gross_margin_4q_avg": 91.96,
            "net_income": 3023,
            "revenue": 8268,
            "common_shares": 1397801,
            "book_valuer_per_share": 7.48,
            "book_valuer_per_share_4q_avg": 7.46,
            "equity": 937518,
            "current_ratio": 7685.53,
            "debt_ratio": 15.51,
            "inventory_turnover_ratio": 0.12,
            "account_receivable_turnover_ratio": 12.53,
            "reinvestment_rate": null,
            "research_to_sale_ratio": null,
            "price_fair": 0,
            "eps_avg_yearly": 0,
            "eps_latest_yearly": 0,
            "eps_growth_yearly": 0
        },
        "20173": {
            "year_quarter": 20173,
            "year": 2017,
            "quarter": 3,
            "eps": 0.04,
            "eps_growth_year": null,
            "eps_4q": 0.06,
            "eps_4q_growth_year": null,
            "roe": 0.59,
            "roe_4q": 0.85,
            "gross_profit": 8568,
            "gross_margin": 93.61,
            "gross_margin_4q_avg": 92.53,
            "net_income": 5527,
            "revenue": 9153,
            "common_shares": 1397801,
            "book_valuer_per_share": 7.52,
            "book_valuer_per_share_4q_avg": 7.48,
            "equity": 943045,
            "current_ratio": 6333.49,
            "debt_ratio": 15.52,
            "inventory_turnover_ratio": 0.1,
            "account_receivable_turnover_ratio": 14.64,
            "reinvestment_rate": null,
            "research_to_sale_ratio": null,
            "price_fair": 5.6,
            "eps_avg_yearly": 0.16,
            "eps_latest_yearly": 0.16,
            "eps_growth_yearly": 400
        },
        "20174": {
            "year_quarter": 20174,
            "year": 2017,
            "quarter": 4,
            "eps": -0.05,
            "eps_growth_year": -1646.47,
            "eps_4q": 0.01,
            "eps_4q_growth_year": null,
            "roe": -0.72,
            "roe_4q": 0.08,
            "gross_profit": 8397,
            "gross_margin": 92.88,
            "gross_margin_4q_avg": 92.66,
            "net_income": -6758,
            "revenue": 9041,
            "common_shares": 1397801,
            "book_valuer_per_share": 7.47,
            "book_valuer_per_share_4q_avg": 7.48,
            "equity": 936287,
            "current_ratio": 18175.52,
            "debt_ratio": 15.32,
            "inventory_turnover_ratio": 0.11,
            "account_receivable_turnover_ratio": 10.77,
            "reinvestment_rate": null,
            "research_to_sale_ratio": null,
            "price_fair": 5.6,
            "eps_avg_yearly": 0.16,
            "eps_latest_yearly": 0.16,
            "eps_growth_yearly": 400
        },
        "20181": {
            "year_quarter": 20181,
            "year": 2018,
            "quarter": 1,
            "eps": -0.04,
            "eps_growth_year": null,
            "eps_4q": -0.02,
            "eps_4q_growth_year": null,
            "roe": -0.48,
            "roe_4q": -0.29,
            "gross_profit": 8472,
            "gross_margin": 93.13,
            "gross_margin_4q_avg": 92.81,
            "net_income": -4414,
            "revenue": 9097,
            "common_shares": 1397801,
            "book_valuer_per_share": 7.17,
            "book_valuer_per_share_4q_avg": 7.41,
            "equity": 898194,
            "current_ratio": 9095.95,
            "debt_ratio": 16.03,
            "inventory_turnover_ratio": 0.11,
            "account_receivable_turnover_ratio": 10.06,
            "reinvestment_rate": null,
            "research_to_sale_ratio": null,
            "price_fair": 5.6,
            "eps_avg_yearly": 0.16,
            "eps_latest_yearly": 0.16,
            "eps_growth_yearly": 400
        },
        "20182": {
            "year_quarter": 20182,
            "year": 2018,
            "quarter": 2,
            "eps": 0.09,
            "eps_growth_year": 350,
            "eps_4q": 0.04,
            "eps_4q_growth_year": 111.13,
            "roe": 1.19,
            "roe_4q": 0.58,
            "gross_profit": 7195,
            "gross_margin": 95.95,
            "gross_margin_4q_avg": 93.89,
            "net_income": 10746,
            "revenue": 7499,
            "common_shares": 1397801,
            "book_valuer_per_share": 7.23,
            "book_valuer_per_share_4q_avg": 7.35,
            "equity": 905948,
            "current_ratio": 6881.92,
            "debt_ratio": 16.03,
            "inventory_turnover_ratio": 0.05,
            "account_receivable_turnover_ratio": 7.71,
            "reinvestment_rate": null,
            "research_to_sale_ratio": null,
            "price_fair": 5.6,
            "eps_avg_yearly": 0.16,
            "eps_latest_yearly": 0.16,
            "eps_growth_yearly": 400
        },
        "20183": {
            "year_quarter": 20183,
            "year": 2018,
            "quarter": 3,
            "eps": -0.08,
            "eps_growth_year": -300,
            "eps_4q": -0.08,
            "eps_4q_growth_year": -224.81,
            "roe": -1.05,
            "roe_4q": -1.06,
            "gross_profit": 6296,
            "gross_margin": 93.82,
            "gross_margin_4q_avg": 93.95,
            "net_income": -9451,
            "revenue": 6711,
            "common_shares": 1397801,
            "book_valuer_per_share": 7.14,
            "book_valuer_per_share_4q_avg": 7.25,
            "equity": 895523,
            "current_ratio": 2501.01,
            "debt_ratio": 16.82,
            "inventory_turnover_ratio": 0.07,
            "account_receivable_turnover_ratio": 6.22,
            "reinvestment_rate": null,
            "research_to_sale_ratio": null,
            "price_fair": 5.6,
            "eps_avg_yearly": 0.16,
            "eps_latest_yearly": 0.16,
            "eps_growth_yearly": 400
        },
        "20184": {
            "year_quarter": 20184,
            "year": 2018,
            "quarter": 4,
            "eps": -0.07,
            "eps_growth_year": null,
            "eps_4q": -0.1,
            "eps_4q_growth_year": -1808.11,
            "roe": -1.03,
            "roe_4q": -1.37,
            "gross_profit": 6482,
            "gross_margin": 94.92,
            "gross_margin_4q_avg": 94.46,
            "net_income": -9163,
            "revenue": 6829,
            "common_shares": 1397801,
            "book_valuer_per_share": 7.06,
            "book_valuer_per_share_4q_avg": 7.15,
            "equity": 884870,
            "current_ratio": 14150.06,
            "debt_ratio": 16,
            "inventory_turnover_ratio": 0.06,
            "account_receivable_turnover_ratio": 4.18,
            "reinvestment_rate": null,
            "research_to_sale_ratio": null,
            "price_fair": 5.6,
            "eps_avg_yearly": 0.16,
            "eps_latest_yearly": 0.16,
            "eps_growth_yearly": 400
        },
        "20191": {
            "year_quarter": 20191,
            "year": 2019,
            "quarter": 1,
            "eps": 0.1,
            "eps_growth_year": null,
            "eps_4q": 0.04,
            "eps_4q_growth_year": null,
            "roe": 1.42,
            "roe_4q": 0.5299999999999998,
            "gross_profit": 5034,
            "gross_margin": 94.08,
            "gross_margin_4q_avg": 94.69,
            "net_income": 12693,
            "revenue": 5351,
            "common_shares": 1397801,
            "book_valuer_per_share": 7.17,
            "book_valuer_per_share_4q_avg": 7.15,
            "equity": 898785,
            "current_ratio": 8257.88,
            "debt_ratio": 15.87,
            "inventory_turnover_ratio": 0.06,
            "account_receivable_turnover_ratio": 3.22,
            "reinvestment_rate": null,
            "research_to_sale_ratio": null,
            "price_fair": 5.6,
            "eps_avg_yearly": 0.16,
            "eps_latest_yearly": 0.16,
            "eps_growth_yearly": 400
        },
        "20192": {
            "year_quarter": 20192,
            "year": 2019,
            "quarter": 2,
            "eps": 0.01,
            "eps_growth_year": -88.89,
            "eps_4q": -0.04,
            "eps_4q_growth_year": -200.02,
            "roe": 0.09,
            "roe_4q": -0.5700000000000001,
            "gross_profit": 4998,
            "gross_margin": 93.54,
            "gross_margin_4q_avg": 94.09,
            "net_income": 819,
            "revenue": 5343,
            "common_shares": 1397801,
            "book_valuer_per_share": 7.14,
            "book_valuer_per_share_4q_avg": 7.13,
            "equity": 895374,
            "current_ratio": 7944.7,
            "debt_ratio": 15.94,
            "inventory_turnover_ratio": 0.06,
            "account_receivable_turnover_ratio": 6.3,
            "reinvestment_rate": null,
            "research_to_sale_ratio": null,
            "price_fair": 3,
            "eps_avg_yearly": 0.1,
            "eps_latest_yearly": 0.04,
            "eps_growth_yearly": 20
        },
        "20193": {
            "year_quarter": 20193,
            "year": 2019,
            "quarter": 3,
            "eps": -0.02,
            "eps_growth_year": null,
            "eps_4q": 0.02,
            "eps_4q_growth_year": null,
            "roe": -0.26,
            "roe_4q": 0.21999999999999997,
            "gross_profit": 5027,
            "gross_margin": 94.05,
            "gross_margin_4q_avg": 94.15,
            "net_income": -2307,
            "revenue": 5345,
            "common_shares": 1397801,
            "book_valuer_per_share": 7.09,
            "book_valuer_per_share_4q_avg": 7.12,
            "equity": 888816,
            "current_ratio": 5588.48,
            "debt_ratio": 16.2,
            "inventory_turnover_ratio": 0.06,
            "account_receivable_turnover_ratio": 8.92,
            "reinvestment_rate": null,
            "research_to_sale_ratio": null,
            "price_fair": 3,
            "eps_avg_yearly": 0.1,
            "eps_latest_yearly": 0.04,
            "eps_growth_yearly": 20
        },
        "20194": {
            "year_quarter": 20194,
            "year": 2019,
            "quarter": 4,
            "eps": 0.08,
            "eps_growth_year": null,
            "eps_4q": 0.16,
            "eps_4q_growth_year": null,
            "roe": 1.06,
            "roe_4q": 2.31,
            "gross_profit": 4904,
            "gross_margin": 94.47,
            "gross_margin_4q_avg": 94.04,
            "net_income": 9468,
            "revenue": 5191,
            "common_shares": 1397801,
            "book_valuer_per_share": 7.23,
            "book_valuer_per_share_4q_avg": 7.16,
            "equity": 905872,
            "current_ratio": 11882.1,
            "debt_ratio": 15.73,
            "inventory_turnover_ratio": 0.05,
            "account_receivable_turnover_ratio": 18.61,
            "reinvestment_rate": -20643.87,
            "research_to_sale_ratio": null,
            "price_fair": 3,
            "eps_avg_yearly": 0.1,
            "eps_latest_yearly": 0.04,
            "eps_growth_yearly": 20
        },
        "20201": {
            "year_quarter": 20201,
            "year": 2020,
            "quarter": 1,
            "eps": -0.1,
            "eps_growth_year": -200,
            "eps_4q": -0.04,
            "eps_4q_growth_year": -196.81,
            "roe": -1.41,
            "roe_4q": -0.5199999999999999,
            "gross_profit": 3469,
            "gross_margin": 93.13,
            "gross_margin_4q_avg": 93.8,
            "net_income": -12651,
            "revenue": 3725,
            "common_shares": 1397801,
            "book_valuer_per_share": 7.11,
            "book_valuer_per_share_4q_avg": 7.14,
            "equity": 891628,
            "current_ratio": 8015.95,
            "debt_ratio": 16.05,
            "inventory_turnover_ratio": 0.05,
            "account_receivable_turnover_ratio": 40.27,
            "reinvestment_rate": null,
            "research_to_sale_ratio": null,
            "price_fair": 3,
            "eps_avg_yearly": 0.1,
            "eps_latest_yearly": 0.04,
            "eps_growth_yearly": 20
        },
        "20202": {
            "year_quarter": 20202,
            "year": 2020,
            "quarter": 2,
            "eps": 0.03,
            "eps_growth_year": 200,
            "eps_4q": -0.01,
            "eps_4q_growth_year": null,
            "roe": 0.47,
            "roe_4q": -0.1399999999999999,
            "gross_profit": 3539,
            "gross_margin": 92.67,
            "gross_margin_4q_avg": 93.58,
            "net_income": 4156,
            "revenue": 3819,
            "common_shares": 1397801,
            "book_valuer_per_share": 7.04,
            "book_valuer_per_share_4q_avg": 7.12,
            "equity": 882986,
            "current_ratio": 7755.69,
            "debt_ratio": 16.2,
            "inventory_turnover_ratio": 0.05,
            "account_receivable_turnover_ratio": 50.25,
            "reinvestment_rate": -57548.84,
            "research_to_sale_ratio": null,
            "price_fair": 3,
            "eps_avg_yearly": 0.1,
            "eps_latest_yearly": 0.04,
            "eps_growth_yearly": 20
        },
        "20203": {
            "year_quarter": 20203,
            "year": 2020,
            "quarter": 3,
            "eps": -0.09,
            "eps_growth_year": null,
            "eps_4q": -0.08,
            "eps_4q_growth_year": -597.52,
            "roe": -1.28,
            "roe_4q": -1.1599999999999997,
            "gross_profit": 3571,
            "gross_margin": 94.02,
            "gross_margin_4q_avg": 93.57,
            "net_income": -11132,
            "revenue": 3798,
            "common_shares": 1397801,
            "book_valuer_per_share": 6.81,
            "book_valuer_per_share_4q_avg": 7.05,
            "equity": 853279,
            "current_ratio": 5861.94,
            "debt_ratio": 16.79,
            "inventory_turnover_ratio": 0.04,
            "account_receivable_turnover_ratio": 54.26,
            "reinvestment_rate": null,
            "research_to_sale_ratio": null,
            "price_fair": 3,
            "eps_avg_yearly": 0.1,
            "eps_latest_yearly": 0.04,
            "eps_growth_yearly": 20
        },
        "20204": {
            "year_quarter": 20204,
            "year": 2020,
            "quarter": 4,
            "eps": -0.01,
            "eps_growth_year": -119.11,
            "eps_4q": -0.17,
            "eps_4q_growth_year": -203.75,
            "roe": -0.21,
            "roe_4q": -2.4299999999999997,
            "gross_profit": 3458,
            "gross_margin": 93.18,
            "gross_margin_4q_avg": 93.25,
            "net_income": -1808,
            "revenue": 3711,
            "common_shares": 1397801,
            "book_valuer_per_share": 6.63,
            "book_valuer_per_share_4q_avg": 6.9,
            "equity": 830205,
            "current_ratio": 3175.08,
            "debt_ratio": 17.63,
            "inventory_turnover_ratio": 0.04,
            "account_receivable_turnover_ratio": 30.67,
            "reinvestment_rate": null,
            "research_to_sale_ratio": null,
            "price_fair": 3,
            "eps_avg_yearly": 0.1,
            "eps_latest_yearly": 0.04,
            "eps_growth_yearly": 20
        },
        "20211": {
            "year_quarter": 20211,
            "year": 2021,
            "quarter": 1,
            "eps": -0.07,
            "eps_growth_year": null,
            "eps_4q": -0.14,
            "eps_4q_growth_year": null,
            "roe": -1.02,
            "roe_4q": -2.04,
            "gross_profit": 3041,
            "gross_margin": 89.86,
            "gross_margin_4q_avg": 92.43,
            "net_income": -8958,
            "revenue": 3384,
            "common_shares": 1397801,
            "book_valuer_per_share": 6.57,
            "book_valuer_per_share_4q_avg": 6.76,
            "equity": 933914,
            "current_ratio": 13084.1,
            "debt_ratio": 15.34,
            "inventory_turnover_ratio": 0.06,
            "account_receivable_turnover_ratio": 23.26,
            "reinvestment_rate": null,
            "research_to_sale_ratio": null,
            "price_fair": 3,
            "eps_avg_yearly": 0.1,
            "eps_latest_yearly": 0.04,
            "eps_growth_yearly": 20
        },
        "20212": {
            "year_quarter": 20212,
            "year": 2021,
            "quarter": 2,
            "eps": -0.25,
            "eps_growth_year": -933.33,
            "eps_4q": -0.4,
            "eps_4q_growth_year": null,
            "roe": -3.37,
            "roe_4q": -5.880000000000001,
            "gross_profit": 3249,
            "gross_margin": 89.8,
            "gross_margin_4q_avg": 91.72,
            "net_income": -33728,
            "revenue": 3618,
            "common_shares": 1397801,
            "book_valuer_per_share": 7.63,
            "book_valuer_per_share_4q_avg": 6.91,
            "equity": 1066401,
            "current_ratio": 10360.11,
            "debt_ratio": 13.75,
            "inventory_turnover_ratio": 0.07,
            "account_receivable_turnover_ratio": 40.2,
            "reinvestment_rate": null,
            "research_to_sale_ratio": null,
            "price_fair": 3,
            "eps_avg_yearly": 0.1,
            "eps_latest_yearly": 0.04,
            "eps_growth_yearly": 20
        },
        "20213": {
            "year_quarter": 20213,
            "year": 2021,
            "quarter": 3,
            "eps": -0.07,
            "eps_growth_year": null,
            "eps_4q": -0.39,
            "eps_4q_growth_year": null,
            "roe": -0.85,
            "roe_4q": -5.45,
            "gross_profit": 3166,
            "gross_margin": 86.1,
            "gross_margin_4q_avg": 89.74,
            "net_income": -9502,
            "revenue": 3677,
            "common_shares": 1397801,
            "book_valuer_per_share": 8.42,
            "book_valuer_per_share_4q_avg": 7.31,
            "equity": 1177070,
            "current_ratio": 6786.7,
            "debt_ratio": 12.96,
            "inventory_turnover_ratio": 0.09,
            "account_receivable_turnover_ratio": 31.03,
            "reinvestment_rate": null,
            "research_to_sale_ratio": null,
            "price_fair": 0.12,
            "eps_avg_yearly": 0.04,
            "eps_latest_yearly": 0.04,
            "eps_growth_yearly": -360
        },
        "20214": {
            "year_quarter": 20214,
            "year": 2021,
            "quarter": 4,
            "eps": 0.42,
            "eps_growth_year": null,
            "eps_4q": 0.05,
            "eps_4q_growth_year": null,
            "roe": 4.86,
            "roe_4q": -0.37999999999999945,
            "gross_profit": 3487,
            "gross_margin": 103.5,
            "gross_margin_4q_avg": 92.32,
            "net_income": 58989,
            "revenue": 3369,
            "common_shares": 1397801,
            "book_valuer_per_share": 8.96,
            "book_valuer_per_share_4q_avg": 7.9,
            "equity": 1252156,
            "current_ratio": 18936.07,
            "debt_ratio": 11.93,
            "inventory_turnover_ratio": -0.02,
            "account_receivable_turnover_ratio": 24.96,
            "reinvestment_rate": null,
            "research_to_sale_ratio": null,
            "price_fair": 0.12,
            "eps_avg_yearly": 0.04,
            "eps_latest_yearly": 0.04,
            "eps_growth_yearly": -360
        },
        "20221": {
            "year_quarter": 20221,
            "year": 2022,
            "quarter": 1,
            "eps": 0.9,
            "eps_growth_year": null,
            "eps_4q": 1.01,
            "eps_4q_growth_year": null,
            "roe": 9.53,
            "roe_4q": 10.170000000000002,
            "gross_profit": 3294,
            "gross_margin": 94.57,
            "gross_margin_4q_avg": 93.49,
            "net_income": 125289,
            "revenue": 3483,
            "common_shares": 1397801,
            "book_valuer_per_share": 9.85,
            "book_valuer_per_share_4q_avg": 8.72,
            "equity": 1377445,
            "current_ratio": 10910.28,
            "debt_ratio": 11.07,
            "inventory_turnover_ratio": 0.03,
            "account_receivable_turnover_ratio": 43,
            "reinvestment_rate": 316.49,
            "research_to_sale_ratio": null,
            "price_fair": 63.7,
            "eps_avg_yearly": 1.82,
            "eps_latest_yearly": 3.6,
            "eps_growth_yearly": 48.57
        },
        "20222": {
            "year_quarter": 20222,
            "year": 2022,
            "quarter": 2,
            "eps": null,
            "eps_growth_year": null,
            "eps_4q": null,
            "eps_4q_growth_year": null,
            "roe": null,
            "roe_4q": 13.540000000000001,
            "gross_profit": null,
            "gross_margin": null,
            "gross_margin_4q_avg": 71.04,
            "net_income": null,
            "revenue": null,
            "common_shares": null,
            "book_valuer_per_share": null,
            "book_valuer_per_share_4q_avg": 6.81,
            "equity": null,
            "current_ratio": null,
            "debt_ratio": null,
            "inventory_turnover_ratio": null,
            "account_receivable_turnover_ratio": null,
            "reinvestment_rate": null,
            "research_to_sale_ratio": null,
            "price_fair": 63.7,
            "eps_avg_yearly": 1.82,
            "eps_latest_yearly": 3.6,
            "eps_growth_yearly": 48.57
        },
        "20223": {
            "year_quarter": 20223,
            "year": 2022,
            "quarter": 3,
            "eps": -0.94,
            "eps_growth_year": null,
            "eps_4q": null,
            "eps_4q_growth_year": null,
            "roe": -10.01,
            "roe_4q": 4.38,
            "gross_profit": 2930,
            "gross_margin": 92.11,
            "gross_margin_4q_avg": 72.55,
            "net_income": -130697,
            "revenue": 3181,
            "common_shares": 1397801,
            "book_valuer_per_share": 9.34,
            "book_valuer_per_share_4q_avg": 7.04,
            "equity": 1305574,
            "current_ratio": 6325.87,
            "debt_ratio": 12.65,
            "inventory_turnover_ratio": 0.05,
            "account_receivable_turnover_ratio": 7.04,
            "reinvestment_rate": null,
            "research_to_sale_ratio": 0,
            "price_fair": 63.7,
            "eps_avg_yearly": 1.82,
            "eps_latest_yearly": 3.6,
            "eps_growth_yearly": 48.57
        },
        "20224": {
            "year_quarter": 20224,
            "year": 2022,
            "quarter": 4,
            "eps": -2.57,
            "eps_growth_year": -708.77,
            "eps_4q": null,
            "eps_4q_growth_year": null,
            "roe": -31.89,
            "roe_4q": -32.37,
            "gross_profit": 2554,
            "gross_margin": 91.02,
            "gross_margin_4q_avg": 69.43,
            "net_income": -359109,
            "revenue": 2806,
            "common_shares": 1397801,
            "book_valuer_per_share": 6.77,
            "book_valuer_per_share_4q_avg": 6.49,
            "equity": 946449,
            "current_ratio": 3140.59,
            "debt_ratio": 17.23,
            "inventory_turnover_ratio": 0.05,
            "account_receivable_turnover_ratio": 1.65,
            "reinvestment_rate": null,
            "research_to_sale_ratio": null,
            "price_fair": 63.7,
            "eps_avg_yearly": 1.82,
            "eps_latest_yearly": 3.6,
            "eps_growth_yearly": 48.57
        },
        "20231": {
            "year_quarter": 20231,
            "year": 2023,
            "quarter": 1,
            "eps": -0.02,
            "eps_growth_year": -102.22,
            "eps_4q": null,
            "eps_4q_growth_year": null,
            "roe": -0.24,
            "roe_4q": -42.14,
            "gross_profit": 2074,
            "gross_margin": 93.55,
            "gross_margin_4q_avg": 69.17,
            "net_income": -2290,
            "revenue": 2217,
            "common_shares": 1397801,
            "book_valuer_per_share": 6.76,
            "book_valuer_per_share_4q_avg": 5.72,
            "equity": 945149,
            "current_ratio": 2993.48,
            "debt_ratio": 17.31,
            "inventory_turnover_ratio": 0.03,
            "account_receivable_turnover_ratio": 0.82,
            "reinvestment_rate": null,
            "research_to_sale_ratio": null,
            "price_fair": 63.7,
            "eps_avg_yearly": 1.82,
            "eps_latest_yearly": 3.6,
            "eps_growth_yearly": 48.57
        },
        "20232": {
            "year_quarter": 20232,
            "year": 2023,
            "quarter": 2,
            "eps": -0.14,
            "eps_growth_year": null,
            "eps_4q": -3.66,
            "eps_4q_growth_year": null,
            "roe": -1.95,
            "roe_4q": -44.089999999999996,
            "gross_profit": 1990,
            "gross_margin": 88.41,
            "gross_margin_4q_avg": 91.27,
            "net_income": -18915,
            "revenue": 2251,
            "common_shares": 1397801,
            "book_valuer_per_share": 7.11,
            "book_valuer_per_share_4q_avg": 7.5,
            "equity": 993674,
            "current_ratio": 4734.65,
            "debt_ratio": 16.04,
            "inventory_turnover_ratio": 0.05,
            "account_receivable_turnover_ratio": 1.58,
            "reinvestment_rate": null,
            "research_to_sale_ratio": null,
            "price_fair": 126,
            "eps_avg_yearly": 3.6,
            "eps_latest_yearly": 3.6,
            "eps_growth_yearly": 457.14
        }
    },
    "months": {
        "2001-06": {
            "month": "2001-06",
            "price": "10.92",
            "revenue": 7060
        },
        "2001-07": {
            "month": "2001-07",
            "price": "11.22",
            "revenue": 13864
        },
        "2001-08": {
            "month": "2001-08",
            "price": "11.25",
            "revenue": 30806
        },
        "2001-09": {
            "month": "2001-09",
            "price": "10.78",
            "revenue": 36517
        },
        "2001-10": {
            "month": "2001-10",
            "price": "11.16",
            "revenue": 47171
        },
        "2001-11": {
            "month": "2001-11",
            "price": "11.10",
            "revenue": 77204
        },
        "2001-12": {
            "month": "2001-12",
            "price": "11.69",
            "revenue": 45436
        },
        "2002-01": {
            "month": "2002-01",
            "price": "11.48",
            "revenue": 50950
        },
        "2002-02": {
            "month": "2002-02",
            "price": "12.04",
            "revenue": 50151
        },
        "2002-03": {
            "month": "2002-03",
            "price": "12.17",
            "revenue": 78434
        },
        "2002-04": {
            "month": "2002-04",
            "price": "12.17",
            "revenue": 72038
        },
        "2002-05": {
            "month": "2002-05",
            "price": "11.82",
            "revenue": 70382
        },
        "2002-06": {
            "month": "2002-06",
            "price": "11.52",
            "revenue": 73213
        },
        "2002-07": {
            "month": "2002-07",
            "price": "10.80",
            "revenue": 63925
        },
        "2002-08": {
            "month": "2002-08",
            "price": "10.20",
            "revenue": 42915
        },
        "2002-09": {
            "month": "2002-09",
            "price": "9.66",
            "revenue": 67411
        },
        "2002-10": {
            "month": "2002-10",
            "price": "9.21",
            "revenue": 59305
        },
        "2002-11": {
            "month": "2002-11",
            "price": "9.21",
            "revenue": 58552
        },
        "2002-12": {
            "month": "2002-12",
            "price": "11.12",
            "revenue": 73955
        },
        "2003-01": {
            "month": "2003-01",
            "price": "10.37",
            "revenue": 88123
        },
        "2003-02": {
            "month": "2003-02",
            "price": "10.08",
            "revenue": 8766
        },
        "2003-03": {
            "month": "2003-03",
            "price": "10.17",
            "revenue": 43523
        },
        "2003-04": {
            "month": "2003-04",
            "price": "9.88",
            "revenue": 40580
        },
        "2003-05": {
            "month": "2003-05",
            "price": "9.67",
            "revenue": 31598
        },
        "2003-06": {
            "month": "2003-06",
            "price": "13.18",
            "revenue": 44775
        },
        "2003-07": {
            "month": "2003-07",
            "price": "11.53",
            "revenue": 50152
        },
        "2003-08": {
            "month": "2003-08",
            "price": "9.01",
            "revenue": 89297
        },
        "2003-09": {
            "month": "2003-09",
            "price": "11.61",
            "revenue": 55405
        },
        "2003-10": {
            "month": "2003-10",
            "price": "12.47",
            "revenue": 15006
        },
        "2003-11": {
            "month": "2003-11",
            "price": "10.15",
            "revenue": 76216
        },
        "2003-12": {
            "month": "2003-12",
            "price": "10.72",
            "revenue": 43565
        },
        "2004-01": {
            "month": "2004-01",
            "price": "10.18",
            "revenue": 2773
        },
        "2004-02": {
            "month": "2004-02",
            "price": "11.36",
            "revenue": 2948
        },
        "2004-03": {
            "month": "2004-03",
            "price": "9.81",
            "revenue": 11110
        },
        "2004-04": {
            "month": "2004-04",
            "price": "8.68",
            "revenue": 21164
        },
        "2004-05": {
            "month": "2004-05",
            "price": "6.96",
            "revenue": 65822
        },
        "2004-06": {
            "month": "2004-06",
            "price": "8.04",
            "revenue": 31575
        },
        "2004-07": {
            "month": "2004-07",
            "price": "7.37",
            "revenue": 22754
        },
        "2004-08": {
            "month": "2004-08",
            "price": "6.23",
            "revenue": 21398
        },
        "2004-09": {
            "month": "2004-09",
            "price": "6.03",
            "revenue": 21235
        },
        "2004-10": {
            "month": "2004-10",
            "price": "5.76",
            "revenue": 33550
        },
        "2004-11": {
            "month": "2004-11",
            "price": "5.52",
            "revenue": 70262
        },
        "2004-12": {
            "month": "2004-12",
            "price": "6.19",
            "revenue": 9585
        },
        "2005-01": {
            "month": "2005-01",
            "price": "6.02",
            "revenue": 39131
        },
        "2005-02": {
            "month": "2005-02",
            "price": "6.07",
            "revenue": 18789
        },
        "2005-03": {
            "month": "2005-03",
            "price": "6.59",
            "revenue": 70821
        },
        "2005-04": {
            "month": "2005-04",
            "price": "6.25",
            "revenue": 47960
        },
        "2005-05": {
            "month": "2005-05",
            "price": "5.24",
            "revenue": 41013
        },
        "2005-06": {
            "month": "2005-06",
            "price": "6.20",
            "revenue": 58488
        },
        "2005-07": {
            "month": "2005-07",
            "price": "7.49",
            "revenue": 27948
        },
        "2005-08": {
            "month": "2005-08",
            "price": "9.77",
            "revenue": 31603
        },
        "2005-09": {
            "month": "2005-09",
            "price": "11.13",
            "revenue": 39590
        },
        "2005-10": {
            "month": "2005-10",
            "price": "13.62",
            "revenue": 19504
        },
        "2005-11": {
            "month": "2005-11",
            "price": "15.38",
            "revenue": 32949
        },
        "2005-12": {
            "month": "2005-12",
            "price": "14.96",
            "revenue": 43377
        },
        "2006-01": {
            "month": "2006-01",
            "price": "14.44",
            "revenue": 10429
        },
        "2006-02": {
            "month": "2006-02",
            "price": "14.69",
            "revenue": 3270
        },
        "2006-03": {
            "month": "2006-03",
            "price": "14.01",
            "revenue": 11748
        },
        "2006-04": {
            "month": "2006-04",
            "price": "13.59",
            "revenue": 9356
        },
        "2006-05": {
            "month": "2006-05",
            "price": "11.40",
            "revenue": 4191
        },
        "2006-06": {
            "month": "2006-06",
            "price": "10.04",
            "revenue": 9908
        },
        "2006-07": {
            "month": "2006-07",
            "price": "8.98",
            "revenue": 8494
        },
        "2006-08": {
            "month": "2006-08",
            "price": "5.99",
            "revenue": 8509
        },
        "2006-09": {
            "month": "2006-09",
            "price": "5.14",
            "revenue": 5076
        },
        "2006-10": {
            "month": "2006-10",
            "price": "5.20",
            "revenue": 4786
        },
        "2006-11": {
            "month": "2006-11",
            "price": "5.23",
            "revenue": 2505
        },
        "2006-12": {
            "month": "2006-12",
            "price": "6.10",
            "revenue": 2048
        },
        "2007-01": {
            "month": "2007-01",
            "price": "6.53",
            "revenue": 1872
        },
        "2007-02": {
            "month": "2007-02",
            "price": "6.25",
            "revenue": 2138
        },
        "2007-03": {
            "month": "2007-03",
            "price": "6.51",
            "revenue": 2455
        },
        "2007-04": {
            "month": "2007-04",
            "price": "6.99",
            "revenue": 2744
        },
        "2007-05": {
            "month": "2007-05",
            "price": "7.96",
            "revenue": 2265
        },
        "2007-06": {
            "month": "2007-06",
            "price": "10.38",
            "revenue": 6485
        },
        "2007-07": {
            "month": "2007-07",
            "price": "14.50",
            "revenue": 3139
        },
        "2007-08": {
            "month": "2007-08",
            "price": "12.07",
            "revenue": 3042
        },
        "2007-09": {
            "month": "2007-09",
            "price": "10.62",
            "revenue": 4789
        },
        "2007-10": {
            "month": "2007-10",
            "price": "8.79",
            "revenue": 2671
        },
        "2007-11": {
            "month": "2007-11",
            "price": "6.12",
            "revenue": 3998
        },
        "2007-12": {
            "month": "2007-12",
            "price": "5.57",
            "revenue": 24682
        },
        "2008-01": {
            "month": "2008-01",
            "price": "5.63",
            "revenue": 2281
        },
        "2008-02": {
            "month": "2008-02",
            "price": "5.32",
            "revenue": 12106
        },
        "2008-03": {
            "month": "2008-03",
            "price": "6.01",
            "revenue": 9921
        },
        "2008-04": {
            "month": "2008-04",
            "price": "6.46",
            "revenue": 18009
        },
        "2008-05": {
            "month": "2008-05",
            "price": "7.47",
            "revenue": 11306
        },
        "2008-06": {
            "month": "2008-06",
            "price": "6.54",
            "revenue": 11646
        },
        "2008-07": {
            "month": "2008-07",
            "price": "5.54",
            "revenue": 18027
        },
        "2008-08": {
            "month": "2008-08",
            "price": "5.33",
            "revenue": 2103
        },
        "2008-09": {
            "month": "2008-09",
            "price": "3.70",
            "revenue": 2107
        },
        "2008-10": {
            "month": "2008-10",
            "price": "2.44",
            "revenue": 2098
        },
        "2008-11": {
            "month": "2008-11",
            "price": "2.26",
            "revenue": 2018
        },
        "2008-12": {
            "month": "2008-12",
            "price": "2.09",
            "revenue": 2005
        },
        "2009-01": {
            "month": "2009-01",
            "price": "1.93",
            "revenue": 1984
        },
        "2009-02": {
            "month": "2009-02",
            "price": "1.88",
            "revenue": 1958
        },
        "2009-03": {
            "month": "2009-03",
            "price": "2.68",
            "revenue": 1940
        },
        "2009-04": {
            "month": "2009-04",
            "price": "3.59",
            "revenue": 1915
        },
        "2009-05": {
            "month": "2009-05",
            "price": "3.39",
            "revenue": 1881
        },
        "2009-06": {
            "month": "2009-06",
            "price": "2.99",
            "revenue": 1855
        },
        "2009-07": {
            "month": "2009-07",
            "price": "2.95",
            "revenue": 1850
        },
        "2009-08": {
            "month": "2009-08",
            "price": "2.93",
            "revenue": 1856
        },
        "2009-09": {
            "month": "2009-09",
            "price": "3.27",
            "revenue": 1862
        },
        "2009-10": {
            "month": "2009-10",
            "price": "4.13",
            "revenue": 1943
        },
        "2009-11": {
            "month": "2009-11",
            "price": "4.89",
            "revenue": 1882
        },
        "2009-12": {
            "month": "2009-12",
            "price": "4.62",
            "revenue": 3339
        },
        "2010-01": {
            "month": "2010-01",
            "price": "4.97",
            "revenue": 3500
        },
        "2010-02": {
            "month": "2010-02",
            "price": "4.36",
            "revenue": 1957
        },
        "2010-03": {
            "month": "2010-03",
            "price": "4.48",
            "revenue": 1798
        },
        "2010-04": {
            "month": "2010-04",
            "price": "4.77",
            "revenue": 2040
        },
        "2010-05": {
            "month": "2010-05",
            "price": "5.84",
            "revenue": 1959
        },
        "2010-06": {
            "month": "2010-06",
            "price": "6.04",
            "revenue": 7846
        },
        "2010-07": {
            "month": "2010-07",
            "price": "6.43",
            "revenue": 4689
        },
        "2010-08": {
            "month": "2010-08",
            "price": "9.39",
            "revenue": 2908
        },
        "2010-09": {
            "month": "2010-09",
            "price": "10.21",
            "revenue": 1926
        },
        "2010-10": {
            "month": "2010-10",
            "price": "9.09",
            "revenue": 1837
        },
        "2010-11": {
            "month": "2010-11",
            "price": "7.92",
            "revenue": 2659
        },
        "2010-12": {
            "month": "2010-12",
            "price": "8.23",
            "revenue": 1816
        },
        "2011-01": {
            "month": "2011-01",
            "price": "8.20",
            "revenue": 1944
        },
        "2011-02": {
            "month": "2011-02",
            "price": "7.58",
            "revenue": 1807
        },
        "2011-03": {
            "month": "2011-03",
            "price": "6.52",
            "revenue": 1863
        },
        "2011-04": {
            "month": "2011-04",
            "price": "6.51",
            "revenue": 2009
        },
        "2011-05": {
            "month": "2011-05",
            "price": "6.62",
            "revenue": 1849
        },
        "2011-06": {
            "month": "2011-06",
            "price": "5.98",
            "revenue": 3022
        },
        "2011-07": {
            "month": "2011-07",
            "price": "5.15",
            "revenue": 1942
        },
        "2011-08": {
            "month": "2011-08",
            "price": "4.35",
            "revenue": 1981
        },
        "2011-09": {
            "month": "2011-09",
            "price": "3.94",
            "revenue": 1939
        },
        "2011-10": {
            "month": "2011-10",
            "price": "3.85",
            "revenue": 1968
        },
        "2011-11": {
            "month": "2011-11",
            "price": "3.80",
            "revenue": 1938
        },
        "2011-12": {
            "month": "2011-12",
            "price": "3.36",
            "revenue": 2100
        },
        "2012-01": {
            "month": "2012-01",
            "price": "3.35",
            "revenue": 1972
        },
        "2012-02": {
            "month": "2012-02",
            "price": "4.17",
            "revenue": 2216
        },
        "2012-03": {
            "month": "2012-03",
            "price": "4.13",
            "revenue": 2116
        },
        "2012-04": {
            "month": "2012-04",
            "price": "3.72",
            "revenue": 2064
        },
        "2012-05": {
            "month": "2012-05",
            "price": "3.62",
            "revenue": 2130
        },
        "2012-06": {
            "month": "2012-06",
            "price": "3.42",
            "revenue": 2075
        },
        "2012-07": {
            "month": "2012-07",
            "price": "3.34",
            "revenue": 2339
        },
        "2012-08": {
            "month": "2012-08",
            "price": "3.51",
            "revenue": 1277
        },
        "2012-09": {
            "month": "2012-09",
            "price": "5.06",
            "revenue": 1189
        },
        "2012-10": {
            "month": "2012-10",
            "price": "6.73",
            "revenue": 2000
        },
        "2012-11": {
            "month": "2012-11",
            "price": "7.14",
            "revenue": 1922
        },
        "2012-12": {
            "month": "2012-12",
            "price": "6.93",
            "revenue": 1899
        },
        "2013-01": {
            "month": "2013-01",
            "price": "6.76",
            "revenue": 2028
        },
        "2013-02": {
            "month": "2013-02",
            "price": "6.59",
            "revenue": 1900
        },
        "2013-03": {
            "month": "2013-03",
            "price": "6.42",
            "revenue": 1939
        },
        "2013-04": {
            "month": "2013-04",
            "price": "5.87",
            "revenue": 1870
        },
        "2013-05": {
            "month": "2013-05",
            "price": "6.23",
            "revenue": 1890
        },
        "2013-06": {
            "month": "2013-06",
            "price": "6.30",
            "revenue": 1958
        },
        "2013-07": {
            "month": "2013-07",
            "price": "5.98",
            "revenue": 2015
        },
        "2013-08": {
            "month": "2013-08",
            "price": "5.87",
            "revenue": 1977
        },
        "2013-09": {
            "month": "2013-09",
            "price": "6.09",
            "revenue": 1969
        },
        "2013-10": {
            "month": "2013-10",
            "price": "6.53",
            "revenue": 2009
        },
        "2013-11": {
            "month": "2013-11",
            "price": "6.16",
            "revenue": 2054
        },
        "2013-12": {
            "month": "2013-12",
            "price": "6.55",
            "revenue": 2329
        },
        "2014-01": {
            "month": "2014-01",
            "price": "6.61",
            "revenue": 2181
        },
        "2014-02": {
            "month": "2014-02",
            "price": "6.89",
            "revenue": 2128
        },
        "2014-03": {
            "month": "2014-03",
            "price": "6.97",
            "revenue": 2089
        },
        "2014-04": {
            "month": "2014-04",
            "price": "6.69",
            "revenue": 2102
        },
        "2014-05": {
            "month": "2014-05",
            "price": "6.29",
            "revenue": 2132
        },
        "2014-06": {
            "month": "2014-06",
            "price": "6.30",
            "revenue": 2145
        },
        "2014-07": {
            "month": "2014-07",
            "price": "6.38",
            "revenue": 2152
        },
        "2014-08": {
            "month": "2014-08",
            "price": "6.31",
            "revenue": 2160
        },
        "2014-09": {
            "month": "2014-09",
            "price": "6.15",
            "revenue": 2694
        },
        "2014-10": {
            "month": "2014-10",
            "price": "5.76",
            "revenue": 2356
        },
        "2014-11": {
            "month": "2014-11",
            "price": "5.76",
            "revenue": 2378
        },
        "2014-12": {
            "month": "2014-12",
            "price": "6.01",
            "revenue": 2390
        },
        "2015-01": {
            "month": "2015-01",
            "price": "5.95",
            "revenue": 2355
        },
        "2015-02": {
            "month": "2015-02",
            "price": "5.96",
            "revenue": 2355
        },
        "2015-03": {
            "month": "2015-03",
            "price": "6.24",
            "revenue": 2408
        },
        "2015-04": {
            "month": "2015-04",
            "price": "6.18",
            "revenue": 2464
        },
        "2015-05": {
            "month": "2015-05",
            "price": "6.14",
            "revenue": 2429
        },
        "2015-06": {
            "month": "2015-06",
            "price": "5.84",
            "revenue": 2576
        },
        "2015-07": {
            "month": "2015-07",
            "price": "5.43",
            "revenue": 2480
        },
        "2015-08": {
            "month": "2015-08",
            "price": "4.83",
            "revenue": 2487
        },
        "2015-09": {
            "month": "2015-09",
            "price": "4.72",
            "revenue": 2500
        },
        "2015-10": {
            "month": "2015-10",
            "price": "4.99",
            "revenue": 2634
        },
        "2015-11": {
            "month": "2015-11",
            "price": "4.82",
            "revenue": 2616
        },
        "2015-12": {
            "month": "2015-12",
            "price": "4.67",
            "revenue": 2651
        },
        "2016-01": {
            "month": "2016-01",
            "price": "4.82",
            "revenue": 1918
        },
        "2016-02": {
            "month": "2016-02",
            "price": "4.65",
            "revenue": 1757
        },
        "2016-03": {
            "month": "2016-03",
            "price": "4.87",
            "revenue": 1850
        },
        "2016-04": {
            "month": "2016-04",
            "price": "4.74",
            "revenue": 1981
        },
        "2016-05": {
            "month": "2016-05",
            "price": "4.44",
            "revenue": 2635
        },
        "2016-06": {
            "month": "2016-06",
            "price": "4.18",
            "revenue": 2791
        },
        "2016-07": {
            "month": "2016-07",
            "price": "4.43",
            "revenue": 2646
        },
        "2016-08": {
            "month": "2016-08",
            "price": "4.43",
            "revenue": 2869
        },
        "2016-09": {
            "month": "2016-09",
            "price": "4.43",
            "revenue": 2742
        },
        "2016-10": {
            "month": "2016-10",
            "price": "4.31",
            "revenue": 2733
        },
        "2016-11": {
            "month": "2016-11",
            "price": "4.22",
            "revenue": 2645
        },
        "2016-12": {
            "month": "2016-12",
            "price": "4.21",
            "revenue": 2885
        },
        "2017-01": {
            "month": "2017-01",
            "price": "4.32",
            "revenue": 2684
        },
        "2017-02": {
            "month": "2017-02",
            "price": "6.23",
            "revenue": 2801
        },
        "2017-03": {
            "month": "2017-03",
            "price": "6.09",
            "revenue": 2914
        },
        "2017-04": {
            "month": "2017-04",
            "price": "5.80",
            "revenue": 2809
        },
        "2017-05": {
            "month": "2017-05",
            "price": "5.34",
            "revenue": 2763
        },
        "2017-06": {
            "month": "2017-06",
            "price": "5.47",
            "revenue": 2723
        },
        "2017-07": {
            "month": "2017-07",
            "price": "5.28",
            "revenue": 3132
        },
        "2017-08": {
            "month": "2017-08",
            "price": "5.21",
            "revenue": 2994
        },
        "2017-09": {
            "month": "2017-09",
            "price": "5.42",
            "revenue": 3044
        },
        "2017-10": {
            "month": "2017-10",
            "price": "5.46",
            "revenue": 3008
        },
        "2017-11": {
            "month": "2017-11",
            "price": "5.49",
            "revenue": 2997
        },
        "2017-12": {
            "month": "2017-12",
            "price": "5.36",
            "revenue": 3051
        },
        "2018-01": {
            "month": "2018-01",
            "price": "5.56",
            "revenue": 3027
        },
        "2018-02": {
            "month": "2018-02",
            "price": "5.41",
            "revenue": 2848
        },
        "2018-03": {
            "month": "2018-03",
            "price": "5.58",
            "revenue": 3234
        },
        "2018-04": {
            "month": "2018-04",
            "price": "5.68",
            "revenue": 3025
        },
        "2018-05": {
            "month": "2018-05",
            "price": "5.52",
            "revenue": 2341
        },
        "2018-06": {
            "month": "2018-06",
            "price": "5.53",
            "revenue": 2155
        },
        "2018-07": {
            "month": "2018-07",
            "price": "5.45",
            "revenue": 2156
        },
        "2018-08": {
            "month": "2018-08",
            "price": "5.37",
            "revenue": 2369
        },
        "2018-09": {
            "month": "2018-09",
            "price": "5.44",
            "revenue": 2209
        },
        "2018-10": {
            "month": "2018-10",
            "price": "5.39",
            "revenue": 2209
        },
        "2018-11": {
            "month": "2018-11",
            "price": "5.42",
            "revenue": 2551
        },
        "2018-12": {
            "month": "2018-12",
            "price": "5.54",
            "revenue": 2086
        },
        "2019-01": {
            "month": "2019-01",
            "price": "5.44",
            "revenue": 1799
        },
        "2019-02": {
            "month": "2019-02",
            "price": "5.49",
            "revenue": 1810
        },
        "2019-03": {
            "month": "2019-03",
            "price": "5.50",
            "revenue": 1755
        },
        "2019-04": {
            "month": "2019-04",
            "price": "5.40",
            "revenue": 1787
        },
        "2019-05": {
            "month": "2019-05",
            "price": "5.42",
            "revenue": 1799
        },
        "2019-06": {
            "month": "2019-06",
            "price": "5.37",
            "revenue": 1769
        },
        "2019-07": {
            "month": "2019-07",
            "price": "5.38",
            "revenue": 1755
        },
        "2019-08": {
            "month": "2019-08",
            "price": "5.53",
            "revenue": 1748
        },
        "2019-09": {
            "month": "2019-09",
            "price": "5.69",
            "revenue": 1853
        },
        "2019-10": {
            "month": "2019-10",
            "price": "6.14",
            "revenue": 1362
        },
        "2019-11": {
            "month": "2019-11",
            "price": "6.62",
            "revenue": 2500
        },
        "2019-12": {
            "month": "2019-12",
            "price": "7.11",
            "revenue": 1347
        },
        "2020-01": {
            "month": "2020-01",
            "price": "7.44",
            "revenue": 1265
        },
        "2020-02": {
            "month": "2020-02",
            "price": "8.41",
            "revenue": 1173
        },
        "2020-03": {
            "month": "2020-03",
            "price": "7.97",
            "revenue": 1299
        },
        "2020-04": {
            "month": "2020-04",
            "price": "7.66",
            "revenue": 1242
        },
        "2020-05": {
            "month": "2020-05",
            "price": "8.15",
            "revenue": 1308
        },
        "2020-06": {
            "month": "2020-06",
            "price": "8.63",
            "revenue": 1280
        },
        "2020-07": {
            "month": "2020-07",
            "price": "8.77",
            "revenue": 1275
        },
        "2020-08": {
            "month": "2020-08",
            "price": "9.14",
            "revenue": 1269
        },
        "2020-09": {
            "month": "2020-09",
            "price": "11.81",
            "revenue": 1267
        },
        "2020-10": {
            "month": "2020-10",
            "price": "17.39",
            "revenue": 1268
        },
        "2020-11": {
            "month": "2020-11",
            "price": "20.14",
            "revenue": 1151
        },
        "2020-12": {
            "month": "2020-12",
            "price": "21.89",
            "revenue": 1304
        },
        "2021-01": {
            "month": "2021-01",
            "price": "28.30",
            "revenue": 1226
        },
        "2021-02": {
            "month": "2021-02",
            "price": "26.35",
            "revenue": 1152
        },
        "2021-03": {
            "month": "2021-03",
            "price": "24.82",
            "revenue": 1094
        },
        "2021-04": {
            "month": "2021-04",
            "price": "24.56",
            "revenue": 1290
        },
        "2021-05": {
            "month": "2021-05",
            "price": "18.50",
            "revenue": 1184
        },
        "2021-06": {
            "month": "2021-06",
            "price": "19.89",
            "revenue": 1068
        },
        "2021-07": {
            "month": "2021-07",
            "price": "20.65",
            "revenue": 1306
        },
        "2021-08": {
            "month": "2021-08",
            "price": "21.63",
            "revenue": 1146
        },
        "2021-09": {
            "month": "2021-09",
            "price": "22.04",
            "revenue": 1225
        },
        "2021-10": {
            "month": "2021-10",
            "price": "23.56",
            "revenue": 1119
        },
        "2021-11": {
            "month": "2021-11",
            "price": "25.95",
            "revenue": 1059
        },
        "2021-12": {
            "month": "2021-12",
            "price": "28.48",
            "revenue": 1191
        },
        "2022-01": {
            "month": "2022-01",
            "price": "29.67",
            "revenue": 1145
        },
        "2022-02": {
            "month": "2022-02",
            "price": "35.92",
            "revenue": 1207
        },
        "2022-03": {
            "month": "2022-03",
            "price": "57.21",
            "revenue": 1131
        },
        "2022-04": {
            "month": "2022-04",
            "price": "54.29",
            "revenue": 1075
        },
        "2022-05": {
            "month": "2022-05",
            "price": "49.29",
            "revenue": 1077
        },
        "2022-06": {
            "month": "2022-06",
            "price": "53.25",
            "revenue": 1475
        },
        "2022-07": {
            "month": "2022-07",
            "price": "57.82",
            "revenue": 1067
        },
        "2022-08": {
            "month": "2022-08",
            "price": "51.73",
            "revenue": 1085
        },
        "2023-03": {
            "month": "2023-03",
            "price": "34.16",
            "revenue": 752
        },
        "2023-04": {
            "month": "2023-04",
            "price": "27.42",
            "revenue": 759
        }
    }
}
